3559 5734
755 491 1020 547 ῡ-ξόΧΠΙΣΉ

246 659 312 720 viri
339 659 452 740 ipsum
479 659 650 736 adierunt,
678 667 713 720 et
737 678 816 719 cum
840 657 919 738 ipso
944 657 1091 738 loquuti,
1116 660 1227 720 verba
1251 658 1343 720 illius
1367 678 1432 740 per
1449 656 1529 720 civi-

247 776 357 829 tatem
384 766 609 828 diffuderunt.
658 764 794 845 Quibus
811 768 919 826 rebus
936 775 1117 844 permotus
1134 766 1318 827 Aleander
1333 766 1527 828 scribebat:

250 873 364 953 „Quid
389 895 482 935 nunc
508 871 677 934 Pontifex
702 871 806 949 dicet,
831 870 901 933 imo
918 872 1079 950 mundus,
1105 872 1149 932 de
1169 871 1380 935 auctoritate
1397 872 1528 935 officio·

247 1002 317 1061 que
343 979 516 1059 Caesaris,
542 980 586 1042 de
612 978 775 1058 decretis,
801 980 845 1039 de
870 976 1163 1058 promissionibus
1188 981 1232 1040 ab
1257 978 1335 1061 ipso
1352 980 1530 1060 factis“?¹)

248 1088 384 1149 Caesar
407 1097 542 1165 tamen,
574 1084 773 1148 firmissima
804 1085 934 1146 virtute
966 1085 1167 1147 mandatum
1200 1087 1436 1150 damnationis
1465 1088 1529 1149 Lu·

247 1194 342 1256 theri
366 1206 578 1278 paraverat;
603 1202 686 1254 tunc
704 1192 857 1255 maxima
874 1191 1067 1254 Lutherani
1084 1192 1328 1273 indignatione
1345 1206 1531 1278 concepta,

247 1314 287 1364 ut
323 1302 533 1364 orthodoxis
564 1300 725 1362 timorem
756 1299 956 1361 incuterent
989 1308 1024 1361 et
1053 1299 1210 1361 mandati
1239 1302 1441 1364 executioni
1472 1307 1530 1365 ob·

247 1410 436 1485 sisterent,
468 1409 673 1470 schedulam
704 1408 750 1467 ad
781 1427 879 1467 arma
907 1407 1078 1489 populum
1113 1408 1328 1470 excitantem
1353 1412 1530 1493 appende·

246 1515 372 1601 runt2).
426 1517 619 1596 Postquam
652 1513 875 1576 Universitas
904 1513 1099 1575 studiorum
1130 1514 1342 1577 Parisiensis
1373 1517 1530 1599 proposi·

248 1625 368 1686 tiones
392 1624 538 1685 liutheri
570 1624 819 1700 damnaverat,
855 1620 1032 1682 lutherani
1061 1640 1126 1700 per
1162 1620 1388 1686 Germaniam
1424 1626 1531 1705 vulgo

249 1732 532 1793 disseminabant
559 1728 835 1792 Universitatem
860 1727 957 1808 ipsas
981 1730 1220 1809 approbasse,
1246 1730 1373 1791 demtis
1397 1742 1531 1793 tantum

248 1840 390 1900 duabus
415 1836 718 1918 propositionibus
743 1834 902 1917 dubiist).
950 1833 1165 1915 Sparserant
1190 1835 1295 1897 etiam
1314 1837 1348 1899 in
1375 1837 1532 1916 nuncios,

248 1946 350 2028 ipsos
375 1946 581 2023 Caesarem,
613 1943 812 2020 consilium,
846 1942 981 2004 aulicos
1014 1952 1049 2004 et
1079 1963 1202 2003 omnes
1232 1944 1384 2024 pecunia
1416 1945 1533 2006 venali

249 2055 359 2115 modo
397 2051 639 2132 captivasse⁴).
695 2050 735 2111 In
777 2050 893 2111 reditu
934 2070 998 2111 suo
1039 2048 1216 2111 Lutherus
1247 2070 1326 2112 sese
1356 2050 1389 2112 in
1415 2072 1531 2113 arcem

248 2159 479 2237 tutissimam,
515 2168 653 2220 secreta
686 2156 857 2219 Friderici
884 2158 992 2219 Ducis
1018 2177 1145 2237 opera,
1170 2170 1372 2239 receperat;
1398 2171 1435 2220 at
1459 2159 1534 2221 eius

249 2269 413 2331 fautores
447 2265 672 2327 interfectum
704 2285 726 2325 a
763 2264 946 2326 catholicis
981 2265 1251 2346 praedicarunt,
1289 2269 1459 2346 populum
1499 2279 1535 2329 et

250 2377 372 2437 aulam
396 2373 508 2453 ipsam
533 2372 568 2433 in
593 2369 794 2452 pontificios
819 2371 1053 2449 concitarunt,
1078 2372 1226 2433 nuncios
1249 2372 1380 2452 primo,
1406 2374 1535 2435 deinde

250 2483 486 2563 presbyteros
511 2499 633 2540 omnes
657 2477 852 2539 catholicos
876 2475 1092 2539 occidendos
1117 2498 1194 2539 esse
1219 2478 1489 2561 inclamantesf‘).

346 2587 424 2648 Non
449 2570 717 2648 reformato'rem
741 2583 936 2664 religionis,
961 2593 1037 2646 erat
1061 2584 1153 2645 enim
1177 2586 1296 2665 potius
1320 2589 1533 2657 destructor:

251 2717 327 2759 non
351 2694 463 2756 virum
487 2694 630 2754 doctum
655 2704 690 2753 et
713 2691 819 2772 pium,
844 2693 926 2753 dum
951 2691 1112 2753 omnibus
1129 2704 1214 2753 nota
1237 2693 1323 2754 vitia
1347 2693 1439 2763 eius:
1465 2716 1534 2757 non

252 2804 410 2883 denique
435 2800 619 2881 egregium
644 2800 853 2882 scriptorem
881 2799 1072 2860 Martinum
1104 2802 1256 2881 populus
1287 2809 1321 2862 et
1357 2801 1536 2882 principos

252 2910 527 2981 existimabant3
564 2909 626 2969 sed
663 2909 801 2969 hostem
831 2907 990 2985 Romae,
1022 2909 1084 2969 sed
1118 2908 1187 2968 odii
1213 2907 1407 2988 germanici
1432 2908 1534 2971 inter-

252 3027 405 3099 pretem,
440 3016 503 3077 sed
545 3015 806 3095 quodammodo
846 3013 1015 3075 vexillum
1057 3014 1261 3076 rebellionis
1286 3025 1322 3076 et
1362 3016 1535 3078 licentiae.

347 3122 426 3184 Non
451 3142 573 3184 omnes
597 3122 707 3183 libros
732 3121 790 3202 qui
815 3120 960 3182 Lutheri
985 3140 1113 3182 nomen
1144 3121 1177 3182 in
1208 3120 1326 3183 fronte
1362 3126 1536 3203 gerebant

253 3232 434 3294 Lutherus
473 3229 681 3310 scripserat;
722 3229 790 3289 hoc
829 3228 973 3308 publice
1010 3231 1218 3305 notabatur,
1259 3230 1326 3291 hoc
1362 3231 1536 3292 Martinus

254 3336 461 3401 'l'revirensi
486 3336 631 3398 electori
655 3334 856 3413 fatebatur,
882 3334 1101 3415 subiungens
1125 3337 1231 3416 quod,
1256 3335 1284 3397 si
1314 3337 1391 3417 ipse
1427 3339 1536 3399 libros

255 3455 295 3508 et
310 3444 489 3506 doctrinas
504 3453 719 3523 revocasset,
736 3446 923 3525 plusquam
942 3441 1064 3523 viginti
1083 3444 1316 3505 succederent
1331 3445 1390 3525 qui
1415 3445 1537 3526 peiora

255 3561 294 3614 et
319 3550 478 3611 dicerent
502 3560 539 3611 et
562 3550 772 3629 docerentssl.
820 3548 958 3631 Viginti
982 3549 1039 3610 isti
1064 3558 1164 3611 erant
1189 3571 1234 3611 ex
1255 3553 1537 3613 academicorum

255 3678 424 3729 numero;
458 3657 492 3718 in
522 3656 713 3719 Germania
745 3655 838 3718 enim
868 3655 1014 3717 litterati
1045 3655 1111 3717 viri
1143 3677 1236 3718 nova
1271 3658 1422 3738 quadam
1447 3659 1535 3719 litte-

255 3784 376 3827 rarum
401 3764 621 3845 antiquarum
647 3762 925 3825 ressurrectione
951 3764 1049 3840 elati,
1079 3763 1288 3845 gentilitatis
1312 3762 1417 3825 flores
1450 3765 1536 3826 chri-

255 3872 383 3932 stianis
408 3871 581 3932 fructibus
599 3869 862 3941 anteferebant;
891 3870 1196 3949 „morosissimam
1220 3884 1257 3933 ut
1281 3872 1330 3933 ait
1348 3872 1538 3949 Aleander,

256 3976 582 4061 grammatistarum
627 3988 661 4039 et
703 3977 961 4058 poeticulorum
1002 3997 1116 4057 genus
1157 3997 1304 4057 quorum
1348 3978 1538 4042 Germania

256 4084 465 4167 plenissima
498 4095 570 4156 est;
602 4084 637 4145 hi
669 4094 751 4145 tunc
784 4086 924 4146 demum
960 4093 1086 4164 putant
1120 4105 1158 4146 se
1191 4086 1314 4147 haberi
1345 4087 1469 4148 doctos
1503 4098 1539 4149 et

256 4192 468 4274 praesertim
494 4211 625 4272 graece
650 4192 791 4271 quando
816 4190 1027 4271 profitentur
1052 4211 1090 4252 se
1115 4191 1302 4253 dissentire
1327 4213 1347 4253 a
1364 4195 1537 4256 communi

258 4298 443 4361 Ecclesiae
467 4298 553 4359 via.“
604 4295 649 4359 Et
674 4296 774 4358 alibi:
808 4294 928 4377 „Sicut
953 4316 1059 4359 canes
1083 4280 1199 4359 rabidi
1223 4299 1349 4361 litteris
1374 4312 1409 4363 et
1433 4302 1539 4363 armis

258 4405 434 4485 instructi,
458 4405 610 4466 maxime
634 4405 833 4485 gloriantur
859 4405 953 4484 quod
977 4402 1046 4464 iam
1071 4424 1141 4466 non
1160 4406 1294 4468 bestiae
1310 4407 1400 4468 sicut
1417 4430 1537 4470 eorum

263 4541 473 4550 ηομ-...-

338 4608 355 4669 ¹)
375 4612 487 4658 Ducum.
507 4609 549 4668 62,
569 4609 616 4658 sol.
640 4610 687 4671 165
708 4616 734 4657 et
753 4610 857 4658 docum.
877 4609 919 4672 64.
940 4610 987 4666 sol,
1010 4622 1068 4671 170,
1092 4623 1148 4672 171.

337 4690 358 4755 ²)
378 4694 489 4739 Ducum.
509 4702 551 4753 74.
572 4690 618 4743 sol.
641 4702 698 4751 193.
950 4687 968 4751 ³)
989 4692 1101 4739 Docruu.
1122 4692 1163 4739 80.
1185 4691 1230 4741 sol.
1251 4702 1309 4749 213.

335 4768 359 4837 ⁴)
381 4773 489 4819 Docum.
510 4782 552 4831 95.
572 4771 618 4819 fol.
640 4782 700 4831 243.
952 4769 973 4837 ⁶)
994 4774 1106 4820 Docum.
1126 4782 1167 4832 95.
1188 4772 1234 4819 sol.
1255 4782 1314 4834 245.

336 4848 358 4919 ¹¹)
377 4853 488 4900 Docum.
509 4852 550 4915 67.
571 4850 617 4901 fol.
640 4861 697 4913 173,
717 4850 821 4903 docum.
842 4865 875 4914 94
896 4851 943 4901 sol.
967 4852 1022 4909 rob,
1047 4865 1102 4914 197,
1122 4853 1181 4899 doc.
1201 4862 1243 4913 95.
1266 4853 1309 4900 sol.
1332 4854 1391 4923 246.
