3559 5734
854 512 1083 568 &2050

306 648 413 720 'tiam
438 671 474 721 et
498 657 782 721 benedictionem
807 659 968 739 predicte
993 659 1088 721 sedis
1113 659 1321 723 restituendi
1354 672 1389 724 et
1412 660 1610 742 reponendi

330 786 371 829 ac
396 769 490 827 bona
516 771 622 827 etiam
646 785 868 847 quecumque
892 765 1037 828 mobilia
1068 768 1125 830 vel
1149 766 1344 830 immobilia
1374 768 1611 830 hereticorum

328 871 568 954 predictorum
602 871 630 933 si
662 872 697 934 in
721 871 920 953 pertinacia
953 893 1016 935 sua
1050 875 1242 956 persistere
1267 875 1454 937 maluerint
1483 876 1611 956 quibus

329 999 478 1060 cumque
503 978 660 1057 legitime
692 978 901 1060 accipienda
925 980 1145 1043 concedendi
1180 992 1215 1043 et
1250 982 1360 1044 dandi
1390 1001 1432 1044 ac
1464 1000 1507 1044 ea
1540 1001 1610 1062 que

328 1086 475 1148 heretici
500 1085 567 1167 ipsi
592 1087 637 1147 ad
663 1085 788 1167 quevis
813 1088 892 1148 loca
909 1086 1082 1150 ducerent
1106 1107 1168 1150 seu
1185 1087 1267 1150 duci
1291 1087 1452 1151 facerent
1476 1088 1511 1150 in
1532 1109 1610 1171 pre·

329 1194 410 1255 dam
427 1192 546 1271 dandi,
571 1192 735 1255 omnibus
756 1213 898 1274 quoque
922 1193 967 1255 ad
992 1193 1138 1256 servitia
1163 1194 1211 1258 M.
1228 1195 1287 1257 W.
1302 1195 1359 1259 Ul.
1384 1206 1420 1258 et
1442 1196 1497 1274 J0.
1515 1196 1609 1257 dam·

328 1311 490 1363 natorum
514 1310 550 1362 et
573 1299 811 1363 hereticorum
835 1300 1035 1362 huiusmodi
1060 1300 1210 1364 ubilibet
1234 1302 1471 1365 existentibus
1495 1311 1533 1364 ut
1560 1303 1609 1363 in-

329 1408 384 1470 fra
408 1407 595 1469 terminum
619 1428 684 1489 per
708 1427 773 1469 vos
795 1406 1044 1488 prefigendum
1074 1408 1260 1471 discedant
1288 1411 1354 1472 sub
1385 1409 1517 1472 eisdem
1550 1429 1609 1489 pe·

329 1514 384 1578 nis
408 1514 537 1595 quibus
561 1513 628 1595 ipsi
654 1514 701 1577 M.
727 1512 771 1576 V.
792 1513 849 1579 Ul.
876 1523 911 1576 et
935 1514 987 1593 J0.
1013 1535 1152 1577 necnon
1177 1515 1236 1577 alii
1266 1515 1414 1578 heretici
1445 1526 1481 1577 et
1514 1515 1608 1577 dam-

327 1621 426 1703 pnati
452 1621 603 1704 predicti
628 1619 754 1684 irretiti
778 1632 859 1683 sunt
883 1623 1075 1684 mandandi
1099 1623 1252 1705 illosque
1276 1643 1317 1686 ac
1346 1623 1610 1685 ecclesiasticos

328 1739 363 1792 et
388 1730 566 1792 seculares
591 1748 843 1810 quoscumque,
868 1729 1120 1810 cuiuscumque
1146 1728 1332 1811 dignitatis
1356 1729 1461 1792 etatis
1478 1730 1609 1791 littera-

327 1847 405 1899 ture
447 1856 554 1898 sexus
592 1836 650 1898 vel
688 1834 822 1898 ordinis
854 1836 1010 1898 existant
1044 1838 1109 1898 sub
1145 1835 1520 1899 excommunicationis
1556 1857 1610 1899 su·

328 1943 528 2025 sponsionis
553 1954 589 2006 et
613 1942 793 2006 interdicti
825 1962 867 2005 ac
900 1942 1005 2005 etiam
1029 1943 1240 2024 privationis
1264 1942 1366 2025 penis
1398 1943 1611 2006 auctoritate

329 2051 527 2132 apostolica
566 2069 633 2133 per
671 2049 824 2113 edictum
856 2049 1022 2112 monendi
1060 2064 1095 2111 et
1126 2050 1331 2132 requirendi
1362 2060 1400 2111 ut
1432 2050 1610 2112 mandatis

328 2158 534 2240 apostolicis
558 2167 765 2219 reverenter
788 2156 975 2220 intendant
1000 2168 1035 2219 et
1059 2157 1238 2235 obediant,
1264 2178 1306 2219 ac
1330 2159 1376 2219 ab
1401 2158 1497 2220 omni
1518 2176 1608 2219 com·

328 2265 459 2328 mercio
484 2265 533 2326 M.
558 2263 618 2326 W.
644 2264 702 2327 Ul.
734 2274 770 2326 et
800 2263 854 2342 Jo.
887 2284 929 2326 ac
957 2263 1036 2326 aliis
1066 2263 1234 2327 hereticis
1264 2263 1414 2345 prefatis
1445 2263 1607 2345 qualiter·

329 2392 468 2454 cunque
493 2382 698 2435 tenerentur
722 2373 781 2433 vel
805 2370 954 2452 obligati
979 2382 1099 2433 essent
1127 2372 1173 2432 ad
1206 2370 1324 2451 aliqua
1354 2370 1424 2432 illis
1454 2371 1611 2433 tenenda

328 2480 505 2543 servanda
530 2490 591 2541 aut
614 2479 855 2560 persolvenda
885 2479 1087 2541 nullatenus
1117 2477 1288 2560 deinceps
1322 2477 1502 2559 obligatos
1530 2496 1609 2538 esse

327 2608 392 2650 nec
433 2588 478 2648 ad
516 2607 559 2648 ea
592 2606 698 2667 posse
733 2585 900 2666 compelli
928 2585 1052 2647 eadem
1077 2583 1288 2648 auctoritate
1313 2583 1534 2661 declarandi,
1567 2604 1609 2644 ac

326 2708 475 2775 propter
499 2692 776 2756 inobedientiam
802 2703 838 2754 et
861 2692 1094 2755 rebellionem
1115 2710 1356 2773 quoscumque
1381 2689 1536 2752 cuiusvis
1561 2690 1609 2750 di·

327 2802 484 2883 gnitatis,
509 2800 819 2885 Archiepiscopali
845 2800 1041 2881 episcopali
1066 2810 1103 2862 et
1133 2797 1303 2861 abbatiali
1335 2800 1519 2859 dumtaxat
1551 2818 1610 2858 ex·

327 2910 450 2989 ceptis,
474 2918 587 2970 status
611 2909 745 2989 gradus
769 2907 904 2969 ordinis
928 2909 984 2969 vel
1009 2905 1266 2988 praeminentie
1290 2905 1422 2967 fuerint
1446 2904 1474 2967 si
1499 2907 1610 2967 eccle·

327 3015 467 3078 siastice
492 3034 646 3096 persone
670 3014 922 3076 ecclesiasticis
947 3013 1180 3096 dignitatibus
1204 3012 1330 3075 officiis
1355 3022 1391 3075 et
1415 3011 1609 3091 beneficiis,

326 3123 356 3185 si
380 3143 466 3185 vero
491 3122 670 3184 seculares
694 3122 889 3183 honoribus
919 3120 1029 3183 titulis
1059 3120 1176 3183 feudis
1207 3119 1404 3201 privilegiis
1436 3120 1508 3181 suis
1541 3119 1608 3200 pri·

326 3229 433 3293 vandi
458 3239 494 3292 et
518 3227 694 3292 beneficia
717 3228 795 3290 aliis
819 3226 958 3289 idoneis
987 3226 1195 3289 conferendi
1228 3239 1262 3288 et
1296 3228 1342 3289 ad
1374 3248 1417 3289 ea
1447 3228 1504 3288 vel
1536 3226 1607 3287 alia

326 3338 555 3417 imposterum
588 3335 783 3397 obtinenda
816 3334 993 3397 inhabiles
1025 3344 1201 3415 perpetuo
1241 3343 1277 3396 et
1309 3333 1458 3395 infames
1494 3333 1608 3394 decla·

329 3444 442 3522 randi,
463 3463 605 3520 necnon
631 3462 800 3505 censuras
825 3461 1054 3522 quascunque
1075 3440 1209 3520 justitia
1233 3439 1429 3503 rebellione
1454 3441 1510 3501 vel
1535 3439 1609 3501 ino-

325 3551 507 3614 bedientia
532 3550 701 3629 exigente
726 3559 832 3629 prout
856 3548 959 3610 vobis
983 3546 1162 3610 videbitur
1193 3546 1402 3610 fulminandi
1434 3558 1470 3609 et
1504 3546 1608 3608 inter-

325 3658 458 3719 dictum
480 3656 650 3737 ponendi,
674 3674 716 3717 ac
740 3654 895 3736 positum
920 3675 966 3717 ex
991 3654 1095 3717 bonis
1119 3655 1235 3717 causis
1261 3664 1296 3716 et
1320 3654 1542 3735 respectibus
1567 3654 1608 3715 si-

325 3774 384 3827 cut
408 3762 580 3844 expedire
615 3764 672 3825 vel
698 3762 782 3825 utile
813 3772 875 3825 aut
906 3761 1144 3825 necessarium
1176 3782 1253 3824 esse
1287 3760 1530 3842 cognoveritis
1563 3762 1609 3823 ad

325 3883 465 3952 tempus
489 3869 731 3951 suspendendi
756 3871 814 3931 vel
838 3879 1013 3951 perpetuo
1037 3869 1201 3946 tollendi,
1233 3887 1371 3930 necnon
1397 3878 1523 3931 contra
1548 3867 1607 3929 im·

326 3978 512 4060 pedientes
538 3988 572 4038 et
596 3978 848 4057 perturbantes
872 3977 975 4038 huius
998 3975 1108 4038 vestri
1133 3975 1297 4037 salutaris
1321 3975 1456 4055 negotii
1482 3995 1608 4036 execu-

325 4086 457 4147 tionem
481 4082 669 4145 summarie
684 4083 892 4164 simpliciter
909 4094 944 4145 et
968 4083 1013 4145 de
1038 4085 1146 4164 plano
1171 4083 1247 4144 sine
1265 4082 1414 4162 strepitu
1433 4091 1469 4144 et
1493 4080 1610 4162 figura

321 4190 443 4272 judicii
476 4190 552 4252 sola
576 4189 726 4252 veritate
750 4190 913 4271 inspecta
935 4188 1153 4270 procedendi
1187 4210 1228 4250 ac
1258 4188 1460 4269 penitentes
1491 4201 1526 4250 et
1558 4210 1609 4252 re·

325 4297 414 4361 verti
439 4298 614 4359 vollentes
639 4298 684 4361 ad
713 4297 885 4378 gremium
911 4297 1072 4375 ecclesie,
1095 4294 1125 4358 si
1154 4295 1189 4357 id
1221 4295 1398 4358 humiliter
1430 4296 1609 4377 petierint,

325 4404 487 4486 exceptis
512 4404 724 4485 supradictis
749 4404 783 4466 in
806 4403 922 4466 forma
943 4403 1104 4484 predicta
1120 4403 1331 4465 absolvendi
1348 4413 1383 4465 et
1398 4402 1609 4467 habilitandi

325 4513 370 4574 ad
395 4513 622 4592 honoresque
647 4510 840 4592 dignitates
865 4510 985 4574 officia
1009 4508 1182 4573 beneficia
1208 4509 1316 4572 feuda
1341 4512 1435 4572 bona
1466 4529 1508 4571 ac
1530 4511 1609 4590 jura

325 4640 387 4680 sua
419 4618 536 4681 omnia
567 4618 727 4699 aliasque
765 4618 798 4679 in
833 4618 1020 4699 pristinum
1045 4627 1173 4679 statum
1198 4615 1408 4679 restituendi
1440 4637 1481 4677 ac
1506 4636 1607 4696 repo·

325 4726 432 4787 nendi
458 4745 597 4787 necnon
623 4744 701 4787 cum
735 4724 786 4788 eis
818 4725 847 4787 si
880 4738 1119 4806 opportunum
1154 4724 1334 4786 videbitur
1367 4732 1403 4785 et
1435 4722 1609 4804 expedire

325 4830 567 4913 cognoveritis
592 4831 832 4913 dispensandi,
858 4831 1030 4894 officiales·
1056 4831 1209 4913 denique
1236 4843 1270 4892 et
1295 4830 1523 4911 magistratus
1547 4832 1607 4891 ba·
