3559 5734
873 553 1120 611 ΜΗΒΘῧν-ο

310 713 313 718 ’
353 722 503 784 quorum
526 701 690 783 impietas
722 701 828 765 etiam
853 702 930 765 aliis
954 708 1073 783 potest
1097 721 1176 764 esse
1211 713 1432 765 nocumento.
1480 700 1634 782 Cumque

353 828 419 872 nos
450 808 495 871 de
527 808 722 871 nobilitatis
752 818 834 871 tuae
866 808 1040 891 religione
1082 817 1118 871 et
1147 807 1338 890 prudentia
1367 808 1417 871 ita
1448 807 1635 871 sentiamus

353 924 392 978 ut
416 918 460 979 de
484 915 660 979 catholica
685 925 721 977 et
744 915 780 978 in
803 915 927 998 primis
952 917 1151 979 excellente
1166 915 1313 979 muliere
1335 915 1559 979 sentiendum
1573 927 1635 995 est,

354 1046 459 1108 quam
483 1025 551 1107 ipsi
575 1024 703 1088 scimus
727 1044 798 1107 quo
821 1024 967 1107 ingenio
992 1034 1028 1087 et
1052 1031 1184 1105 quanta
1204 1024 1341 1104 polleat
1356 1022 1498 1102 virtute,
1522 1032 1636 1085 tecum

354 1131 614 1197 communicare
639 1152 717 1195 eam
741 1151 861 1194 curam
883 1130 1070 1209 voluimus,
1095 1150 1187 1211 quae
1202 1149 1267 1192 nos
1292 1150 1358 1212 pro
1382 1141 1505 1192 nostro
1523 1139 1635 1212 pasto·

353 1241 420 1304 rali
450 1239 569 1303 officio
599 1242 832 1303 vehementer
870 1238 1009 1320 premit.
1056 1237 1239 1299 Habemus
1274 1236 1369 1300 enim
1399 1246 1482 1298 ante
1516 1237 1637 1300 oculos

352 1358 494 1410 nostros
519 1349 740 1429 propositum
765 1345 849 1426 quid
875 1367 895 1408 a
919 1344 1023 1408 nobis
1039 1344 1196 1427 postulet
1220 1353 1256 1406 et
1272 1343 1431 1425 requirat
1448 1344 1525 1424 ipse
1541 1344 1637 1405 Deus

353 1454 410 1518 cui
434 1453 501 1518 soli
523 1472 674 1535 regnum
698 1451 893 1515 animarum
910 1452 1108 1515 subiectum
1131 1461 1195 1531 est,
1220 1449 1347 1532 quibus
1369 1453 1465 1513 nulla
1491 1460 1546 1514 est
1561 1471 1637 1533 pre·

354 1561 485 1626 ciosior
514 1581 580 1624 nec
604 1560 747 1623 maioris
771 1558 992 1622 aestimanda
1015 1557 1212 1641 possessi0,
1248 1557 1350 1621 huius
1374 1558 1476 1640 regni
1500 1557 1638 1621 tutandi

355 1689 396 1732 ac
431 1667 649 1732 defendendi
684 1668 844 1729 laborem
880 1666 983 1728 nobis
1023 1665 1126 1728 huius
1161 1684 1266 1747 quem
1301 1665 1458 1750 gerimus
1493 1665 1639 1728 honoris

354 1776 494 1858 pondus
518 1773 635 1852 infert,
660 1793 730 1856 quo
754 1771 851 1835 vices
876 1771 1008 1835 Christi
1031 1780 1210 1852 gerentes,
1235 1773 1280 1835 de
1305 1774 1419 1835 salute
1443 1772 1639 1835 animarum

354 1880 496 1946 solliciti
520 1901 599 1944 esse
623 1882 805 1944 debemus.
852 1878 927 1941 Nec
952 1880 1118 1941 desumus
1143 1878 1262 1941 officio
1298 1899 1368 1961 qua
1392 1886 1536 1942 nostrae
1561 1898 1639 1961 per·

354 1986 469 2050 tinent
492 1986 697 2059 facultates;
723 2006 804 2050 nam
829 1995 864 2047 et
888 1986 1037 2048 consilio
1062 1995 1098 2049 et
1122 1985 1324 2049 hortatione
1349 1996 1384 2049 et
1409 2006 1494 2049 cura
1519 1995 1553 2049 et
1571 2006 1641 2048 mo·

355 2093 437 2158 nitis
468 2094 668 2157 errantibus
699 2092 946 2166 subvenimus;
982 2092 1012 2155 si
1052 2093 1112 2174 qui
1141 2113 1229 2155 vero
1260 2104 1342 2156 sunt
1372 2093 1642 2175 pertinaciores,

355 2211 415 2265 aut
440 2200 469 2263 si
493 2220 642 2283 quorum
665 2201 765 2264 furor
789 2202 980 2263 salutarem
1001 2199 1212 2263 medicinam
1236 2201 1391 2282 pastoris
1414 2202 1468 2263 sui
1492 2222 1564 2264 non
1590 2222 1640 2264 re·

355 2308 458 2389 cipit,
495 2306 598 2371 nobis
623 2316 677 2370 est
700 2309 746 2370 ad
769 2306 993 2389 principatus
1023 2315 1058 2369 et
1082 2317 1279 2387 potestates
1303 2306 1584 2389 confugiendum
1609 2319 1643 2370 et

355 2434 477 2479 eorum
508 2413 735 2498 providentia
763 2414 809 2476 ad
833 2412 1004 2476 auxilium
1028 2412 1246 2492 invocanda,
1282 2424 1465 2476 uteorum
1490 2414 1641 2477 auctori·

355 2531 428 2585 tate
454 2530 490 2584 et
513 2531 609 2584 metu
633 2520 693 2602 qui
717 2520 806 2583 alias
823 2519 1012 2601 negligunt
1031 2521 1076 2582 ad
1093 2519 1283 2583 sanitatem
1297 2522 1522 2584 reducantur.
1563 2522 1644 2585 Hoc

356 2649 421 2692 nos
445 2628 593 2692 consilio
617 2626 828 2709 requirimus
842 2626 1074 2690 Nobilitatem
1098 2636 1194 2690 tuam
1219 2639 1368 2711 paterne
1392 2638 1500 2709 atque
1523 2648 1642 2691 aman·

355 2746 426 2816 ter,
462 2746 501 2798 ut
524 2735 651 2799 adesse
682 2734 786 2798 nobis
818 2736 863 2798 ad
892 2735 1083 2798 iuvandam
1114 2715 1189 2798 rem
1212 2734 1281 2797 Dei
1312 2745 1347 2797 et
1378 2734 1486 2799 fidem
1510 2735 1644 2799 Christi

354 2842 615 2907 immaculatam
640 2842 921 2906 conservandam
946 2842 1040 2906 ferre
1065 2863 1169 2925 opem
1184 2842 1281 2924 velit,
1305 2843 1340 2906 in
1363 2844 1414 2906 eis
1437 2843 1526 2906 locis
1541 2864 1642 2925 prae·

356 2950 476 3014 sertim
506 2949 542 3013 in
567 2949 697 3032 quibus
721 2956 759 3011 tu
783 2958 819 3011 et
842 2947 988 3011 iubendi
1014 2959 1050 3010 et
1072 2949 1219 3011 vetandi
1252 2950 1391 3012 obtines
1415 2960 1643 3033 potestatem.

355 3057 410 3121 Ac
445 3057 606 3121 novimus
640 3055 782 3138 quidem
814 3058 904 3119 haec
929 3058 1022 3119 mala
1054 3055 1134 3139 ipsa
1166 3056 1230 3119 tibi
1264 3055 1471 3139 displicere;
1508 3058 1574 3119 sed
1609 3057 1644 3118 in

355 3173 455 3227 tanta
478 3163 609 3227 virtute
642 3173 678 3226 et
710 3173 810 3226 tanta
833 3172 1014 3245 potestate
1038 3174 1117 3244 tua,
1153 3184 1225 3226 non
1257 3165 1370 3227 solum
1401 3162 1645 3246 egreferenda

355 3281 436 3334 sunt
460 3291 551 3353 quae
575 3272 747 3333 adversus
760 3280 920 3333 veterem
937 3290 1071 3333 morem
1085 3267 1240 3333 Sanctae
1256 3269 1438 3334 Ecclesiae
1461 3279 1646 3334 tentantur

356 3387 392 3441 et
406 3377 645 3459 proferuntur,
670 3397 793 3441 verum
810 3376 917 3440 etiam
932 3376 1024 3440 iusta
1040 3377 1231 3440 severitate
1249 3378 1475 3441 vindicanda.
1506 3377 1645 3441 Iccirco

356 3484 449 3548 enim
465 3483 642 3548 Nobilitas
665 3494 727 3547 tua
749 3484 933 3566 praelecta
957 3504 979 3546 a
993 3484 1072 3547 Deo
1097 3494 1151 3546 est
1174 3484 1245 3547 illis
1268 3485 1420 3567 populis,
1444 3494 1484 3547 ut
1506 3484 1541 3547 in
1560 3488 1644 3548 obe-

356 3590 491 3654 dientia
523 3582 589 3654 eos
608 3590 761 3653 retineat
794 3601 830 3654 et
853 3591 922 3653 Dei
947 3600 983 3653 et
1006 3591 1190 3653 maiorum.
1236 3590 1361 3674 Neque
1385 3612 1472 3655 vero
1498 3602 1535 3656 tu
1561 3604 1647 3674 post

355 3698 451 3760 illum
477 3697 571 3760 diem
602 3698 661 3779 qui
687 3708 866 3760 extremus
890 3707 1037 3779 paratus
1062 3707 1116 3760 est
1140 3698 1302 3762 omnibus
1334 3699 1523 3782 quicquam
1546 3698 1647 3763 ferre

354 3804 491 3886 poteris
516 3824 562 3867 ex
585 3804 693 3868 tantis
717 3805 845 3886 opibus
870 3804 998 3885 quibus
1022 3805 1185 3887 praedita
1209 3825 1302 3869 nunc
1327 3826 1366 3869 es
1382 3815 1465 3869 ante
1486 3805 1647 3870 tribunal

356 3911 481 3974 summi
495 3912 574 3992 Dei,
599 3913 695 3994 quod
713 3913 827 3993 magis
850 3910 915 3973 tibi
937 3910 1136 3992 patrocinio
1162 3922 1197 3973 et
1213 3912 1416 3976 adiumento
1434 3933 1513 3976 esse
1529 3914 1649 3995 possit

355 4017 401 4080 ad
425 4017 658 4081 immortalem
690 4020 832 4080 beatam
855 4018 966 4080 vitam
995 4020 1298 4099 consequendam,
1330 4039 1435 4100 quam
1461 4040 1585 4084 curam
1612 4031 1648 4085 et

356 4122 576 4207 diligentiam
609 4123 804 4188 adhibitam
834 4124 927 4186 inter
950 4134 1031 4187 tuos
1063 4135 1101 4187 ut
1124 4126 1319 4188 animarum
1344 4127 1456 4206 salus,
1492 4146 1647 4208 quarum

356 4231 510 4295 maxime
526 4232 605 4294 Deo
628 4252 713 4294 cura
728 4240 792 4312 est,
816 4230 987 4294 inviolata
1003 4231 1249 4295 custodiretur.
1291 4232 1367 4295 Hoc
1389 4242 1442 4296 est
1457 4234 1648 4317 proprium

355 4337 497 4401 virtutis
513 4347 606 4420 tuae,
630 4340 698 4401 hoc
714 4338 859 4420 pietatis
883 4348 920 4401 et
933 4338 1119 4420 religionis
1143 4359 1249 4419 quam
1265 4358 1406 4420 semper
1422 4359 1510 4421 erga
1527 4342 1647 4405 Deum

356 4446 533 4528 integram
557 4444 786 4527 praestitisti,
810 4454 850 4507 ut
873 4455 910 4508 et
933 4455 1036 4507 vetus
1059 4455 1142 4509 tuae
1167 4445 1281 4509 laudis
1306 4447 1430 4528 opinio⁴
1451 4449 1547 4529 apud
1575 4472 1648 4513 om·

356 4572 420 4615 nes
441 4551 603 4615 homines
618 4551 845 4614 confirmetur
867 4563 902 4614 et
917 4572 1000 4633 spes
1020 4555 1147 4615 beatae
1171 4552 1444 4615 immortalitatis
1464 4552 1528 4616 tibi
1546 4557 1648 4638 apud

356 4659 471 4721 Deum
507 4658 552 4721 sit
588 4660 819 4741 exploratior.
865 4658 941 4721 Nos
977 4660 1044 4722 hac
1080 4660 1206 4722 eadem
1242 4661 1287 4723 de
1316 4680 1356 4723 re
1391 4661 1436 4722 ad
1473 4661 1648 4726 dilectum

354 4764 463 4828 filium
497 4776 655 4828 nostrum
681 4765 878 4827 Erhardum
909 4765 999 4828 tituli
1025 4765 1147 4829 Sancti
1172 4765 1366 4847 Grisogoni
1390 4770 1648 4849 presbyterum

356 4871 581 4938 Cardinalem
606 4871 841 4936 Leodiensem
865 4872 1071 4956 scribimus,
1106 4872 1332 4958 iniungentes
1356 4883 1395 4936 ut
1418 4874 1649 4959 diligentiam
