3559 5734
832 535 1080 593 143554ῡὴ

316 701 429 764 nuper
446 685 491 744 ad
509 705 564 746 me
581 683 690 765 dedit,
711 693 900 766 postquam
924 683 1058 747 scilicet
1081 683 1309 747 intellexerat
1333 705 1388 747 me
1414 705 1484 746 non
1508 683 1598 748 redi-

315 799 431 852 turum
449 789 644 854 Lovanium
669 811 735 873 pro
750 790 848 854 finali
871 811 1046 873 responso
1070 811 1134 855 suo
1159 801 1195 854 et
1218 791 1302 854 dicti
1321 791 1502 855 Vincentii
1526 790 1600 875 (qui

321 898 403 960 dum
429 917 498 980 ego
532 898 583 960 illi
607 900 773 980 loquerer
797 898 957 961 Lovanio
991 896 1130 983 aberat)
1160 908 1267 980 prout
1293 897 1386 962 inter
1421 918 1485 962 nos
1517 918 1599 962 con·

315 1014 483 1085 venerat,
514 1006 603 1067 haec
634 1007 746 1068 verba
777 1006 813 1069 in
845 1005 960 1069 forma
989 1008 1035 1069 ad
1063 1026 1119 1069 me
1151 1006 1310 1087 scripsit:
1349 1006 1449 1085 „Non
1474 1005 1599 1069 dubito

315 1110 452 1193 (inquit)
477 1131 556 1174 esse
580 1112 626 1174 de
650 1124 768 1176 mente
793 1110 852 1176 8¹³¹
883 1113 928 1176 D.
953 1112 995 1178 N.
1021 1123 1057 1176 et
1080 1110 1186 1176 Sedis
1210 1113 1443 1195 Apostolicae
1476 1133 1599 1176 omnes

315 1219 394 1282 Deo
412 1231 640 1282 consecratos
656 1221 861 1283 sacerdotes
877 1231 914 1283 et
930 1220 1081 1284 maxime
1098 1222 1287 1301 theologos
1304 1220 1425 1283 facere
1441 1220 1601 1284 scribere

321 1334 357 1388 et
380 1325 591 1408 praedicare
623 1337 747 1390 contra
778 1327 1087 1411 pestilentissimas
1118 1328 1286 1390 haereses
1310 1326 1455 1390 Lutheri
1487 1337 1599 1390 totam

317 1431 514 1496 Ecclesiam
549 1436 812 1516 perturbantes.
872 1435 994 1498 Talem
1036 1456 1092 1497 me
1128 1453 1269 1515 semper
1303 1435 1453 1498 habebit
1484 1432 1600 1497 Sedes

316 1540 527 1622 Apostolica
552 1551 587 1604 et
611 1542 779 1607 Pontifex
806 1553 841 1606 et
865 1564 977 1625 usque
1001 1545 1046 1606 ad
1070 1543 1166 1606 vitae
1183 1542 1396 1624 periculum;
1420 1543 1488 1604 hoc
1506 1540 1599 1604 enim

317 1648 488 1712 debemus
506 1647 658 1729 Christo,
672 1650 843 1714 debemus
854 1650 1049 1730 Ecclesiae,
1063 1652 1234 1713 debemus
1249 1647 1335 1712 Sedi
1354 1649 1598 1732 Apostolicae.

317 1753 421 1836 Quod
446 1755 475 1818 si
499 1756 577 1838 quis
601 1757 637 1820 in
662 1757 841 1820 erroribus
865 1758 920 1821 his
936 1758 1157 1841 corrigendis
1182 1757 1388 1820 clamaverit
1413 1777 1451 1819 se
1475 1758 1598 1836 lesum,

319 1869 501 1943 protestor
525 1882 642 1926 coram
668 1865 747 1928 Deo
771 1884 842 1929 non
879 1866 915 1928 id
943 1864 1020 1929 fieri
1058 1886 1138 1929 mea
1170 1866 1292 1946 culpa,
1328 1864 1391 1927 sed
1428 1863 1503 1926 eius
1538 1862 1599 1944 qui

316 1968 404 2032 talia
436 1970 619 2052 scripserit
650 1992 741 2053 quae
774 1973 896 2054 nequit
927 1995 948 2036 a
978 1972 1173 2036 lutheranis
1201 1972 1381 2035 erroribus
1405 1973 1597 2053 superare“

319 2074 513 2157 Hucusque
532 2081 645 2141 verba
660 2078 897 2162 Egmondani,
922 2082 967 2143 de
991 2100 1061 2162 quo
1085 2081 1153 2142 hoc
1177 2100 1284 2142 unum
1308 2078 1399 2159 dico,
1423 2097 1479 2140 me
1502 2077 1599 2141 inve·

318 2183 413 2247 nisse
449 2205 528 2248 eum
564 2186 677 2250 virum
709 2190 760 2270 (ut
797 2188 881 2250 mihi
915 2188 1057 2270 quidem
1088 2187 1201 2250 visum
1231 2187 1297 2269 est)
1335 2196 1509 2264 sanctum,
1546 2207 1597 2248 ze·

319 2292 432 2354 losum
458 2313 523 2375 pro
547 2292 618 2357 fide
643 2314 684 2358 ac
708 2294 903 2377 religione,
937 2294 1067 2359 Christi
1092 2304 1127 2357 et
1151 2291 1256 2357 Sedis
1281 2292 1514 2375 Apostolicae
1539 2295 1599 2355 ob·

318 2399 632 2480 servantissimum,
658 2403 871 2484 omninoque
896 2403 1002 2465 alium
1028 2422 1131 2484 quam
1156 2401 1239 2464 mihi
1262 2400 1359 2463 illum
1376 2399 1474 2463 multi
1492 2400 1599 2462 etiam

318 2527 364 2569 ex
395 2506 544 2570 alumnis
574 2508 691 2572 dictae
724 2508 958 2573 Lovaniensis
991 2508 1209 2572 Academiae
1239 2507 1496 2589 depinxerant,
1532 2506 1600 2568 viri

319 2613 451 2695 alioqui
474 2615 560 2677 boni
585 2616 646 2697 qui
670 2635 834 2696 magnam
860 2616 1010 2679 hominis
1024 2615 1284 2679 vehementiam
1308 2616 1480 2678 adversus
1497 2634 1599 2695 quos-

319 2740 469 2803 cumque
493 2722 552 2804 qui
577 2724 800 2786 lutheranum
825 2723 1007 2807 quippiam
1031 2744 1158 2805 sapere
1182 2722 1388 2785 viderentur
1411 2719 1507 2785 ferre
1528 2741 1598 2783 non

319 2838 528 2911 potuerunt,
560 2830 596 2892 in
631 2851 700 2912 qua
724 2831 950 2895 vehementia
974 2830 1050 2894 fieri
1074 2840 1193 2913 potest
1217 2840 1254 2893 ut
1277 2830 1337 2893 ille
1362 2850 1432 2892 non
1459 2848 1601 2909 semper

320 2947 448 3001 exacte
473 2939 613 3001 modum
638 2939 980 3021 temperantiamque
1009 2938 1216 3019 servaverit,
1240 2957 1319 3001 cum
1342 2939 1411 2999 hoc
1435 2936 1470 2998 in
1495 2936 1600 2997 vehe-

320 3043 497 3107 mentibus
521 3045 709 3108 affectibus
738 3045 985 3109 difficillimum
1009 3047 1073 3125 sit,
1107 3046 1170 3109 sed
1202 3065 1280 3108 meo
1314 3042 1444 3107 iudicio
1469 3044 1599 3104 collau·

320 3152 459 3214 dandus
488 3161 542 3216 est
574 3153 726 3216 hominis
758 3155 854 3216 zelus
888 3174 958 3235 quo
989 3154 1023 3217 in
1055 3153 1203 3216 materia
1232 3150 1316 3214 fidei
1348 3169 1488 3232 semper
1517 3168 1602 3211 usus

321 3267 375 3321 est
398 3259 517 3322 statim
542 3261 588 3321 ab
612 3270 739 3324 exortu
763 3262 972 3324 lutheranae
996 3263 1196 3324 haereseos.
1244 3260 1326 3340 Ipse
1350 3255 1443 3320 enim
1466 3256 1602 3338 primus

319 3363 517 3446 publicavit
550 3367 882 3431 condemnationem
928 3367 1075 3430 Lutheri
1107 3385 1357 3448 perversorum
1395 3365 1601 3445 dogmatum

319 3492 385 3555 per
408 3471 652 3536 Lovanienses
675 3474 881 3557 Theologos
906 3473 1158 3555 magistraliter
1181 3473 1322 3537 factam.
1371 3471 1451 3552 Ipse
1466 3470 1600 3531 bullam

320 3576 375 3641 811
407 3579 597 3643 memoriae
622 3580 745 3662 Papae
769 3582 900 3644 Leonis
924 3583 1096 3644 adversus
1121 3581 1244 3644 eadem
1269 3580 1449 3662 dogmata,
1465 3596 1600 3640 eorum·

321 3706 389 3767 que
413 3697 595 3750 auctorem
619 3688 781 3752 emissam
806 3698 842 3751 et
866 3688 1018 3751 edictum
1043 3688 1226 3770 imperiale
1250 3706 1315 3769 pro
1347 3685 1458 3768 ipsius
1481 3684 1602 3746 bullae

321 3793 534 3857 executione
558 3795 770 3858 sollicitante
794 3796 838 3859 D.
856 3796 1077 3879 Hieronymo
1095 3796 1278 3858 Alcandro
1294 3791 1474 3875 Episcopo
1489 3792 1601 3853 Brun·

321 3900 458 3980 dusino,
475 3909 558 3964 tunc
573 3902 697 3965 nuntio
714 3903 925 3981 Apostolico
945 3902 1059 3983 factiS,
1083 3902 1118 3965 in
1144 3901 1294 3964 diversis
1317 3899 1421 3962 terris
1446 3918 1488 3962 ac
1513 3898 1603 3960 locis

323 4007 517 4089 evulgavit.
565 4010 646 4091 Ipse
681 4010 725 4082 D.
761 4009 954 4073 Francisco
991 4009 1133 4073 Hulstio
1166 4029 1269 4091 quem
1305 4016 1376 4069 tarn
1409 4006 1604 4088 imperator

321 4134 426 4197 quam
462 4113 575 4178 felicis
623 4116 880 4180 recordationis
916 4118 1018 4199 Papa
1053 4117 1256 4180 Hadrianus
1292 4114 1464 4177 Dominus
1503 4103 1603 4176 meus

321 4222 525 4285 haereticae
549 4244 591 4285 ac
614 4223 841 4286 Lutheranae
865 4224 1053 4306 pravitatis
1085 4223 1119 4285 in
1152 4223 1208 4285 his
1240 4221 1402 4304 partibus
1429 4218 1601 4283 inferiori-

322 4332 389 4392 bus
413 4331 617 4411 generalem
642 4332 903 4412 deputaverant
926 4330 961 4393 in
979 4329 1198 4393 comissionis
1214 4350 1299 4392 suae
1317 4338 1352 4392 et
1367 4325 1603 4409 inquisitionis

323 4436 535 4500 executione
559 4457 701 4519 semper
725 4436 1009 4500 constantissime
1025 4436 1155 4515 affecit,
1172 4456 1242 4498 non
1258 4435 1333 4499 sine
1348 4453 1479 4516 magno
1493 4453 1603 4515 saepe

322 4543 418 4606 vitae
434 4564 519 4607 suae
531 4544 700 4625 periculo,
718 4564 822 4626 quem
835 4543 1062 4608 Franciscum
1085 4543 1151 4607 nisi
1165 4541 1244 4606 811111
1257 4544 1301 4606 D.
1319 4541 1362 4604 N.
1376 4541 1541 4605 Clemens
1557 4541 1602 4602 ad

323 4650 526 4714 instantiam
535 4651 627 4713 ill¹¹¹⁸0
637 4652 740 4715 Duae
752 4651 1028 4715 Archiducissae
1051 4653 1273 4733 quorundam
1293 4648 1442 4712 avaritia
1456 4667 1602 4710 exceca-

324 4768 439 4820 torum
463 4758 753 4841 suggestionibus
777 4758 1039 4822 circumventae
1063 4760 1109 4821 ab
1125 4757 1243 4821 officio
1259 4755 1463 4835 destitisset,
1488 4754 1604 4817 audeo

325 4864 444 4929 dicere
455 4886 533 4929 cum
546 4865 663 4929 multis
675 4866 911 4948 prudentibus
924 4875 960 4929 et
971 4864 1097 4928 zelosis
1109 4864 1195 4927 viris
1207 4866 1331 4928 harum
1341 4862 1495 4945 partium
1508 4861 1605 4944 quod
