3559 5734
690 534 920 591 ῡ-ὓδῠῦώ

166 684 198 745 di
221 683 366 745 redurla
389 681 425 744 in
450 683 568 763 quella
593 680 757 763 openion,
783 684 848 746 che
874 692 1007 744 mostra
1030 701 1171 763 sempre
1196 681 1231 743 di
1255 701 1317 743 me·
1334 682 1446 744 haver

164 793 310 869 bavuto,
345 799 381 853 et
408 811 430 852 a
458 788 699 851 conservarmi
728 810 772 852 ne
801 792 835 851 la
866 791 961 853 bona
989 787 1106 871 gratia
1134 788 1171 850 di
1195 808 1258 851 sua
1283 788 1444 851 Altezza:

164 899 197 959 la
224 899 307 979 qual
336 897 371 959 io
399 895 503 958 stimo
532 904 665 977 quanto
694 895 723 958 si
751 916 859 978 possa
887 895 1031 959 estimar
1059 896 1177 976 gratia
1206 895 1250 957 de
1284 895 1446 976 principe

166 1016 316 1070 terreno.
348 1004 393 1066 Et
409 1002 543 1086 perche
558 1003 592 1065 io
608 1002 724 1066 scrivo
749 1003 785 1066 di
809 1013 935 1086 questa
958 1002 1106 1066 materia
1130 1002 1223 1065 assai
1246 1002 1309 1084 piu
1332 1004 1446 1083 larga-

165 1122 281 1175 mente
305 1134 327 1174 a
351 1112 484 1174 Vestra
507 1107 676 1192 Signoria
700 1113 766 1174 che
790 1132 812 1174 a
836 1111 958 1194 quegli
982 1110 1079 1190 altri,
1108 1109 1190 1173 sara
1213 1113 1333 1187 buono
1341 1158 1350 1191 ‚
1381 1112 1447 1172 che

165 1219 457 1282 communichiate
473 1220 508 1281 la
522 1221 651 1281 lettera
668 1228 709 1283 et
720 1240 787 1283 con
803 1219 825 1282 l'
843 1220 1083 1301 Armastorph
1100 1228 1135 1281 et
1152 1239 1218 1282 con
1235 1217 1448 1300 Monsignor

164 1327 188 1389 il
211 1327 345 1390 Nuntio
377 1336 413 1390 et
443 1346 510 1389 con
545 1325 602 1389 chi
635 1327 726 1388 altro
749 1325 785 1388 vi
808 1327 915 1408 parra
940 1336 1014 1390 star
1037 1329 1130 1390 bene
1155 1325 1446 1389 communicarla:

165 1444 200 1497 et
230 1434 266 1496 di
297 1444 430 1516 quanto
464 1435 498 1495 la
526 1433 639 1497 verita
664 1433 758 1496 dila
782 1453 866 1497 cosa
890 1436 1025 1497 havera
1049 1444 1195 1515 possuto
1219 1434 1448 1515 persuadere,

165 1542 199 1603 vi
224 1561 338 1623 prego
363 1562 385 1604 a
409 1540 522 1603 darmi
546 1539 656 1604 aviso

254 1649 360 1712 Vale:
387 1668 433 1711 ex
458 1647 558 1711 Urbe
583 1646 652 1710 dies
666 1647 791 1710 XXII.
815 1647 903 1710 Feb.
927 1647 1111 1711 MDXXI.

1194 1789 1295 1853 varior
1313 1790 1413 1853 notor.

703 1976 805 1989 ΨΑΛΛΛΛΨ*
815 1975 906 1989 ιὟἏΛΝἪἊ

780 2209 823 2274 26

490 2327 557 2407 Leo
585 2327 638 2428 X,
668 2326 789 2408 Garolo
818 2327 867 2426 V„
897 2327 1118 2428 Imperatori.

638 2474 841 2545 (batallum
860 2474 906 2533 fol.
926 2474 979 2545 75.)

674 2591 728 2662 (25.
748 2596 827 2644 Febr.
851 2592 939 2661 1521.)

257 2720 362 2782 Carme
377 2719 529 2801 Agimus
546 2719 881 2801 Deolomnipotenti
907 2720 1080 2782 maximas
1103 2720 1239 2802 gratias
1262 2721 1322 2804 qui
1342 2724 1449 2784 talem

164 2827 221 2891 his
244 2827 464 2909 temporibus
488 2826 523 2888 in
547 2828 668 2890 seculo
684 2827 796 2889 voluit
816 2848 894 2890 esse
911 2827 1119 2910 principem,
1143 2848 1214 2909 quo
1229 2829 1362 2911 sospite
1378 2851 1448 2893 non

165 2945 273 3017 egeat
303 2954 369 2997 nec
395 2932 528 2995 Sancta
553 2930 667 2996 Sedes
692 2933 904 3015 Apostolica
928 2955 993 2998 nec
1017 2955 1104 2997 vero
1129 2935 1296 2998 universa
1321 2936 1449 2999 Christi

166 3042 257 3104 fides
281 3039 480 3103 firmissimo
505 3041 698 3115 advocato;
736 3040 865 3103 etenim
902 3062 995 3122 quae
1029 3044 1075 3105 ad
1109 3064 1174 3106 nos
1204 3063 1269 3125 per
1303 3044 1451 3106 nuncios

166 3158 308 3211 nostros
333 3148 378 3210 de
403 3157 485 3210 tuae
509 3146 707 3229 Majestatis
731 3146 871 3228 virtute,
901 3148 1090 3229 gravitate,
1115 3150 1314 3212 constantia
1337 3155 1451 3214 relata

166 3267 259 3336 sunt,
276 3257 372 3337 quod
390 3256 562 3318 adversus
578 3253 794 3335 impietatem
812 3266 847 3317 et
862 3255 1072 3319 seditionem
1090 3268 1261 3321 conantes
1278 3257 1450 3321 dilaniare

167 3383 294 3445 pacem
318 3362 387 3425 Dei
412 3371 446 3424 et
470 3361 640 3424 unitatem
665 3361 846 3425 christiani
871 3364 1032 3444 corporis
1056 3374 1116 3427 tu'a
1140 3385 1178 3427 se
1202 3365 1394 3428 auctoritas
1415 3375 1451 3428 et

167 3468 343 3552 sapientia
367 3469 546 3551 opposuit,
570 3478 758 3532 moverunt
777 3470 931 3533 animum
946 3481 1105 3534 nostrum
1121 3492 1200 3535 cum
1217 3471 1451 3535 admiratione

165 3587 265 3640 tanta
291 3587 326 3640 et
350 3576 494 3658 pietatis
518 3587 554 3639 et
569 3576 720 3655 virtutis,
745 3588 817 3639 tum
834 3586 951 3640 autem
969 3588 1006 3640 ut
1023 3578 1191 3642 memoria
1207 3587 1451 3660 repeteremus

168 3694 309 3747 veteres
341 3684 421 3747 illos
452 3683 633 3766 principes
664 3704 812 3765 quorum
844 3684 990 3748 similem
1023 3697 1059 3748 te
1089 3706 1167 3749 esse
1196 3685 1338 3749 voluisti
1362 3684 1450 3749 Con·

169 3793 360 3871 stantinos,
395 3790 557 3872 Carolos,
593 3790 769 3871 Othones,
804 3791 862 3873 qui
895 3777 1044 3874 propter
1077 3794 1263 3875 egregium
1296 3793 1331 3856 in
1356 3794 1449 3856 hanc

169 3895 338 3961 Sanctam
363 3895 494 3961 Sedem
526 3907 562 3961 et
593 3897 849 3979 rempublicam
874 3898 1109 3962 Christianam
1141 3900 1312 3979 animum,
1345 3900 1451 3963 etiam

170 4025 261 4067 nunc
285 4004 473 4067 immortali
499 4005 623 4067 vivunt
646 4004 750 4083 fama,
776 4005 968 4087 viventque
993 4008 1075 4069 dum
1100 4010 1192 4070 hunc
1217 4007 1313 4070 orbis
1334 4018 1451 4071 terrae

171 4122 298 4173 statum
326 4111 537 4174 incolumem
570 4111 756 4174 sustinebit
781 4112 896 4191 Deus,
928 4133 1140 4195 quamquam
1173 4124 1226 4177 est
1251 4115 1319 4177 illis
1343 4117 1451 4196 longe

171 4219 388 4299 prestantior
421 4218 665 4281 immortalitas
696 4219 731 4281 in
763 4221 862 4281 caelo
887 4229 1033 4302 parata,
1067 4223 1113 4284 ad
1138 4243 1243 4304 quam
1267 4242 1345 4284 cunr
1369 4231 1451 4285 tuae

171 4324 259 4388 istae
284 4325 444 4387 actiones
468 4325 628 4388 similiter
653 4326 879 4406 contendant,
905 4348 1109 4391 vereremur
1133 4328 1197 4391 tibi
1220 4349 1285 4410 pro
1307 4330 1374 4391 hoc
1390 4338 1451 4392 tuo

171 4441 269 4495 tanto
302 4433 428 4495 merito
459 4432 621 4495 humanis
651 4431 772 4495 verbis
802 4434 938 4516 gratias
967 4453 1093 4516 agere,
1126 4435 1192 4498 nisi
1216 4435 1348 4517 ingrati
1373 4457 1451 4499 esse

173 4541 350 4610 nolemus;
376 4539 514 4622 agimus
538 4539 646 4621 igitur
670 4552 705 4602 et
729 4541 871 4622 quidem
896 4552 1047 4624 quantas
1063 4563 1250 4624 possumus
1267 4543 1451 4625 maximas,

174 4646 285 4710 Deum
311 4666 353 4709 ac
370 4646 560 4709 Dominum
586 4658 742 4711 nostrum
767 4647 825 4730 pie
851 4650 1106 4729 collaudantes,
1132 4650 1228 4730 quod
1245 4649 1275 4712 is
1292 4670 1370 4713 cum
1387 4649 1451 4713 tibi

174 4754 296 4816 summi
320 4754 355 4816 in
380 4757 523 4817 saeculo
547 4754 691 4817 honoris
715 4755 874 4818 traderet
896 4755 1092 4838 imperium,
1117 4756 1216 4819 dedit
1240 4767 1275 4820 et
1298 4757 1452 4820 animum

175 4861 414 4942 augustiorem
437 4861 596 4943 imperio,
621 4864 684 4924 sed
709 4864 797 4924 haec
821 4861 857 4924 in
883 4862 1011 4945 quibus
1035 4863 1156 4926 intimo
1182 4863 1312 4927 affectu
1330 4874 1451 4931 nostro

201 4986 278 5038 Balari,
290 4987 434 5026 Documenta
445 4987 582 5027 Lutberana.
1276 4971 1292 5027 5
