3559 5734
694 536 924 591 4349&

255 681 343 744 Item
368 680 486 743 scrissi
512 681 572 743 alli
606 683 640 744 dl
674 681 809 763 passati
840 703 947 764 sopra
981 692 1079 745 certa
1103 682 1233 745 unione
1256 682 1290 744 in
1316 679 1450 764 oppido

169 785 462 851 Scheltstadiensi
486 789 580 852 della
605 791 687 869 qual
712 810 756 851 ne
782 789 801 851 ὲ
825 789 1117 852 informatissimo
1142 790 1165 851 il
1188 789 1264 851 R¹¹¹⁰
1280 787 1320 851 Sr
1335 788 1451 851 Card¹⁰

169 895 409 977 Campeggio;
444 896 479 958 in
511 898 579 958 hoc
608 896 742 977 oppido
767 906 822 959 sta
846 917 937 979 gran
962 895 1193 959 fundamento
1219 906 1254 958 et
1278 916 1451 977 speranza

167 1003 250 1064 delli
266 1002 461 1064 lutherani
478 1003 543 1065 che
563 1023 651 1065 sono
667 1005 701 1065 al
716 1003 835 1081 Reno,
861 1015 896 1067 et
913 1004 945 1066 ci
969 1024 1056 1067 sono
1082 1004 1136 1066 de'
1153 1004 1263 1066 buoni
1285 1003 1448 1085 ingegni;

167 1109 252 1191 perd
270 1112 424 1171 sarebbe
437 1112 557 1172 buono
574 1111 641 1172 che
659 1107 732 1173 Sua
749 1107 889 1173 Santita
906 1110 1127 1193 gratificasse
1143 1132 1164 1173 a
1180 1113 1298 1192 quello
1316 1112 1449 1192 populo
1553 1148 1555 1153 ν

166 1236 230 1296 per
253 1218 394 1297 poterlo
418 1217 530 1278 haver
554 1216 599 1278 ad
626 1227 747 1278 nutum
771 1238 870 1280 suum
897 1230 1021 1280 contra
1045 1218 1069 1281 li
1095 1218 1183 1280 detti
1199 1218 1394 1280 Lutherani
1416 1227 1451 1279 et

166 1322 193 1384 si
218 1326 251 1385 le
276 1323 382 1404 putre
405 1324 541 1386 scriver
565 1344 612 1386 un
636 1327 747 1398 breve
765 1326 809 1386 de
826 1335 952 1407 questa
967 1324 1146 1387 sententia
1163 1326 1229 1387 che
1247 1344 1302 1387 me
1318 1325 1365 1386 ha
1380 1323 1448 1385 ior-

164 1440 260 1493 mato
276 1442 312 1492 et
326 1432 460 1493 datomi
474 1451 520 1493 un
537 1431 729 1494 secretario
754 1431 789 1493 di
816 1431 941 1504 Cesar;
967 1433 1097 1495 mando
1125 1434 1159 1495 la
1183 1431 1297 1512 copia,
1323 1432 1368 1494 ne
1391 1434 1449 1493 be·

165 1556 280 1617 sogna
311 1538 346 1600 in
378 1537 495 1619 questi
518 1538 592 1600 casi
615 1540 727 1601 haver
751 1547 850 1601 tanto
875 1540 1025 1622 rispetto
1052 1561 1074 1601 a
1098 1539 1206 1620 quelli
1231 1541 1296 1601 che
1322 1537 1450 1600 dicono

165 1646 276 1706 havet
304 1645 360 1726 jus
393 1644 586 1726 quesitum,
616 1646 750 1726 perche
775 1644 1026 1710 Sanctissimus
1049 1645 1222 1709 Dominus
1246 1645 1376 1707 Noster
1404 1645 1450 1706 ad

164 1751 371 1815 evitandum
403 1763 539 1815 tantum
563 1755 691 1815 malum
717 1764 836 1835 potest
860 1753 968 1816 etiam
992 1752 1133 1816 auferre
1157 1738 1334 1815 beneficia
1357 1751 1450 1832 paci·

163 1857 233 1921 fica
264 1869 300 1921 et
332 1862 418 1922 dare
451 1858 544 1939 aliis,
579 1869 614 1920 et
647 1860 683 1921 di
708 1870 834 1941 questo
859 1880 904 1922 ne
929 1880 1043 1941 prega
1066 1859 1160 1923 assai
1184 1861 1217 1923 el
1242 1860 1450 1941 supradetto

163 1966 359 2028 secretario
384 1966 450 2027 che
474 1967 521 2028 ha
542 1985 631 2048 gran
648 1968 784 2029 credito
807 1986 874 2029 con
891 1966 916 2029 li
930 1966 1134 2048 Lutherani,
1153 1977 1188 2030 et
1203 1978 1336 2029 mostra
1351 1967 1451 2027 volet

163 2072 241 2136 fare
267 2073 360 2136 assai
384 2074 420 2136 in
445 2076 553 2137 redur
577 2075 676 2136 molti
700 2075 886 2155 presertim
913 2075 948 2135 di
973 2076 1072 2138 detto
1102 2075 1237 2156 oppido
1255 2072 1450 2137 Sheltstad.

164 2179 248 2261 lpse
279 2189 333 2242 est
356 2181 431 2259 Jac.
456 2180 628 2263 bpieghel
655 2182 721 2243 che
745 2183 804 2243 vol
829 2181 971 2244 omnino
997 2201 1094 2245 esser
1118 2183 1213 2245 buon
1238 2182 1390 2245 servitor
1415 2181 1450 2243 di

162 2287 206 2350 N.
234 2284 271 2351 S.
297 2297 333 2349 et
356 2288 393 2350 di
417 2287 461 2350 V.
487 2288 538 2350 8¹²
554 2288 688 2351 Revml.

256 2392 382 2475 Quello
408 2395 551 2456 libretto
576 2396 641 2456 che
665 2395 699 2456 io
725 2397 853 2457 mando
879 2415 946 2457 eon
970 2395 1072 2457 titulo
1097 2395 1301 2459 Constantis
1321 2395 1450 2457 Enboli

162 2501 364 2565 Moventini
389 2501 409 2563 ὲ
433 2511 488 2563 sta
511 2501 601 2564 fatto
626 2503 684 2564 dal
707 2511 829 2564 curato
847 2501 883 2563 di
904 2503 1002 2566 detta
1017 2512 1115 2565 terra
1131 2505 1251 2565 dottor
1266 2504 1449 2583 theologe,

163 2608 348 2671 nominato
372 2611 481 2690 paulo
513 2608 685 2691 Phrygio,
721 2619 756 2671 et
792 2619 919 2690 questo
952 2630 1006 2672 me
1037 2612 1084 2671 ha
1117 2612 1215 2673 detto
1246 2619 1385 2673 secreto
1417 2612 1450 2672 el

163 2716 374 2797 sopradetto
400 2714 514 2778 amico
539 2717 605 2778 che
635 2735 690 2777 me
713 2716 760 2777 ha
785 2717 869 2778 dato
894 2737 974 2779 esso
1000 2715 1106 2797 libro,
1131 2725 1167 2779 et
1191 2717 1300 2779 dubio
1325 2720 1449 2798 procul

161 2832 343 2903 prometto
376 2823 443 2884 ohe
473 2824 592 2903 quello
624 2842 687 2884 suo
719 2825 853 2903 populo
886 2823 965 2886 sard
996 2823 1082 2903 ogni
1107 2824 1379 2904 demostration,
1411 2845 1449 2886 se

162 2929 204 2990 N.
232 2927 269 2992 S.
295 2929 319 2991 li
345 2928 509 3009 gratifica
532 2938 567 2991 et
592 2929 694 2991 simul
719 2930 834 2991 scriva
858 2949 904 2990 un
930 2931 1040 2992 breve
1063 2940 1102 2993 ut
1126 2950 1243 3011 supra.

252 3036 388 3097 Mando
413 3046 579 3117 preterea
603 3056 673 3098 una
697 3033 946 3098 informatione
962 3035 1146 3118 Capitonis
1171 3037 1328 3100 doctoris
1351 3039 1447 3099 theo·

163 3145 237 3224 logi
273 3146 306 3205 el
342 3146 424 3225 qual
455 3153 510 3206 sta
541 3164 608 3206 con
639 3144 869 3223 Moguntino;
915 3143 1056 3224 questui
1089 3146 1264 3207 communi
1295 3145 1448 3208 omnium

163 3251 335 3333 opinione
360 3251 379 3313 ὲ
404 3260 496 3314 stato
521 3271 660 3332 sempre
685 3252 780 3313 della
797 3261 896 3313 secta
912 3251 1135 3325 Lutherana;
1161 3272 1218 3313 ma
1233 3254 1267 3314 al
1281 3262 1448 3333 presente

163 3379 228 3438 per
257 3360 282 3419 il
307 3369 435 3438 patron
461 3358 481 3421 ὲ
505 3369 639 3421 mutato
647 3406 656 3437 ,
690 3370 751 3421 aut
774 3360 901 3421 saltem
925 3358 1139 3438 dissimulat,
1173 3368 1209 3421 et
1233 3378 1300 3440 pur
1324 3379 1448 3441 spesso

162 3466 311 3527 intendo
345 3467 411 3527 che
443 3465 526 3527 nelli
557 3465 726 3546 colloquii
751 3476 896 3528 retorna
920 3469 953 3528 al
977 3465 1126 3545 vomit0‚
1157 3463 1183 3526 il
1207 3466 1273 3527 che
1298 3486 1369 3528 non
1393 3487 1448 3529 me

163 3574 196 3634 lo
222 3592 329 3653 nega,
354 3593 411 3634 ma
435 3573 514 3635 dice
538 3571 593 3634 far
617 3593 682 3654 per
706 3571 891 3653 deseoprir
914 3571 935 3635 l'
954 3571 1070 3634 animo
1095 3571 1181 3634 delli
1198 3572 1289 3653 altri,
1313 3575 1348 3635 la
1365 3577 1447 3655 qual

164 3678 398 3741 excusatione
422 3679 599 3742 aneorche
622 3681 744 3762 inepta
768 3700 835 3763 pur
859 3681 893 3742 io
918 3679 1027 3762 lengo
1045 3678 1244 3758 mangiarla
1259 3690 1296 3743 et
1316 3691 1448 3744 mostro

163 3787 276 3849 haver
293 3786 377 3867 ogni
403 3785 473 3849 mia
497 3786 579 3848 fede
605 3786 639 3849 in
664 3786 728 3858 lui;
753 3790 873 3850 buono
898 3789 1061 3866 sarebbe,
1087 3807 1125 3849 se
1146 3786 1326 3869 possibile,
1348 3787 1448 3850 eche

163 3891 205 3953 N.
239 3893 278 3956 S.
311 3892 335 3955 il
371 3903 597 3956 contentasse
633 3893 767 3976 perche
803 3894 823 3955 e
857 3896 958 3956 dotto
991 3904 1025 3955 et
1059 3893 1214 3957 facundo
1243 3904 1279 3956 et
1302 3897 1447 3958 multum

163 4009 285 4079 potest
308 4001 481 4080 prodesse
507 4010 541 4062 et
566 4003 704 4063 obesse.

254 4104 428 4187 Supplico
453 4128 474 4168 a
490 4107 534 4170 V.
552 4105 586 4168 S.
606 4107 681 4169 ΚΜ*
695 4127 733 4169 se
759 4106 867 4187 degni
893 4107 957 4169 dar
980 4106 1227 4171 commissione
1250 4111 1294 4171 ad
1319 4111 1447 4172 alcuno

164 4215 240 4293 che,
267 4232 334 4274 con
351 4216 385 4275 la
401 4213 462 4294 piu
480 4213 658 4276 dexteritit
682 4227 718 4276 et
743 4213 908 4276 maturita
925 4234 962 4276 se
983 4217 1075 4296 pole,
1092 4216 1174 4278 vedi
1189 4215 1245 4278 far
1261 4227 1448 4280 contentar

164 4330 352 4401 questoro,
385 4320 517 4401 perche
548 4323 657 4383 molto
688 4321 838 4401 giovara
860 4343 881 4383 a
906 4321 1066 4402 prohibit
1100 4323 1276 4405 maggiori
1308 4324 1447 4386 tumulti

164 4426 197 4488 in
223 4436 352 4508 questa
375 4427 519 4490 natione
544 4427 578 4490 in
602 4429 653 4489 tal
677 4429 783 4490 modo
807 4427 986 4491 concitata
1010 4430 1076 4490 che
1101 4450 1171 4491 non
1197 4429 1229 4491 ci
1253 4433 1347 4492 vedo
1364 4453 1448 4494 cosa

165 4535 284 4595 buona
318 4545 461 4615 praeter
486 4534 685 4599 Caesarem.
732 4535 776 4597 Et
808 4556 829 4597 a
857 4537 976 4616 quella
999 4536 1152 4617 genibus
1175 4535 1277 4599 flexis
1302 4541 1389 4599 baso
1414 4541 1446 4600 le

165 4641 268 4703 mani.
308 4639 539 4704 Wormatiae.
566 4642 616 4703 VI
640 4643 669 4704 F
671 4643 813 4705 ebruari
836 4642 1019 4706 MDXXI.
