3559 5734
896 842 971 907 229.

741 966 914 1047 Rorurius
942 966 1114 1048 Sadoleto.

729 1122 848 1192 (Verior.
869 1122 907 1181 ad
924 1122 1006 1181 elem.
1025 1123 1063 1180 11.
1081 1124 1135 1192 tt.)

808 1250 950 1317 (11.Julii
973 1247 1060 1318 1525.)

382 1392 461 1455 Non
485 1395 532 1455 ho
556 1395 590 1456 al
614 1404 782 1475 presente
807 1395 897 1456 altro
923 1396 988 1456 che
1012 1394 1146 1457 scriver
1169 1414 1190 1456 a
1211 1393 1253 1456 V.
1279 1393 1315 1457 S.
1341 1392 1416 1455 R¹¹¹⁸
1440 1411 1478 1453 se
1503 1411 1572 1454 non

293 1500 359 1561 che
384 1499 405 1560 'l
429 1499 595 1582 Principe
629 1501 647 1563 ὲ
676 1504 785 1564 molto
819 1501 1009 1563 sollicitato
1042 1522 1063 1563 a
1096 1501 1208 1583 partir
1240 1521 1305 1582 per
1329 1498 1505 1580 Coupaier
1538 1511 1573 1560 et

295 1605 399 1667 vorra
432 1607 543 1688 partir
576 1628 597 1670 a
630 1608 655 1670 li
689 1608 798 1682 XIV;
835 1628 903 1689 pur
926 1627 1039 1690 penso
1072 1606 1208 1671 restara
1240 1606 1311 1671 fino
1344 1627 1366 1668 a
1399 1606 1423 1668 li
1453 1605 1572 1667 XVII.

294 1712 405 1775 Lassa
429 1713 489 1794 qui
502 1724 628 1796 quatro
653 1736 718 1797 per
742 1736 845 1779 nome
870 1735 934 1778 suo
959 1736 978 1778 e
1004 1715 1026 1777 li
1051 1715 1161 1778 nobili
1179 1725 1270 1795 octo,
1296 1715 1341 1776 de
1356 1712 1464 1776 vilani
1482 1712 1573 1774 XVI

293 1818 317 1881 li
349 1821 443 1901 quali
475 1821 656 1885 habbiano
688 1843 709 1885 a
739 1831 871 1884 tractar
902 1821 1048 1884 insieme
1079 1823 1114 1884 la
1137 1820 1341 1883 conclusion
1373 1821 1418 1882 de
1449 1828 1575 1901 questa

294 1926 407 2000 dieta;
443 1938 479 1989 et
517 1930 672 1991 secondo
704 1939 914 1991 tractavano
946 1929 1011 1991 che
1042 1928 1197 1991 habiano
1233 1928 1299 1990 dar
1329 1927 1429 1989 aviso
1460 1947 1481 1988 a
1512 1946 1574 1988 sua

293 2033 458 2098 serenita.
505 2035 564 2098 Me
589 2056 775 2098 rencresce
807 2038 915 2099 molto
947 2037 1011 2098 che
1035 2038 1071 2097 la
1094 2036 1225 2118 partita
1249 2035 1301 2097 sia
1333 2054 1440 2098 senza
1463 2036 1575 2097 haver

293 2139 389 2202 facto
414 2141 528 2223 prima
552 2143 779 2207 conclusione
804 2165 823 2206 e
848 2143 971 2205 dubito
1002 2146 1111 2206 molto
1136 2144 1181 2205 de
1206 2144 1355 2224 qualche
1383 2162 1473 2224 gran
1499 2142 1573 2204 des·

294 2249 427 2310 ordene
457 2248 492 2311 in
518 2250 680 2313 absentia
711 2251 755 2313 de
781 2250 853 2313 Sua
878 2249 984 2315 Serll.
1032 2252 1104 2312 Pur
1134 2270 1205 2313 non
1230 2249 1259 2312 si
1283 2251 1329 2312 ha
1359 2258 1507 2331 possuto
1532 2249 1574 2311 nd

294 2354 323 2416 si
347 2355 430 2436 pole
454 2354 509 2417 far
533 2358 754 2436 altramente,
780 2359 846 2420 che
863 2360 977 2420 anche
1000 2358 1025 2419 il
1042 2376 1235 2439 componet
1250 2356 1347 2438 degli
1366 2353 1574 2434 Algoviensi

294 2462 403 2523 molto
427 2462 589 2543 importa.
636 2463 676 2525 ln
699 2463 905 2546 Hinspruch
930 2464 988 2528 die
1012 2463 1068 2526 XI
1092 2463 1174 2543 Julii
1198 2462 1398 2526 MDXXV.

898 2977 973 3042 230.

495 3101 745 3183 Perdinuudus
772 3103 877 3183 truh.
906 3102 1074 3182 lustriae
1103 3102 1274 3184 Clementi
1301 3103 1380 3185 VII.

711 3259 833 3328 (bimur.
851 3258 901 3317 n
919 3258 995 3332 daps.
1014 3259 1037 3317 t
1055 3259 1089 3317 ll.
1109 3260 1163 3330 te)

810 3386 867 3455 (11.
887 3388 954 3453 Julii
976 3392 1062 3451 1525.)

385 3520 616 3585 Sanctissime
639 3542 681 3584 ac
705 3521 916 3584 Beatissime
940 3521 976 3583 in
996 3521 1136 3584 Christo
1153 3523 1262 3585 Pater
1285 3530 1321 3584 et
1336 3520 1489 3585 Domine
1504 3542 1576 3586 ecc.

386 3627 589 3693 Subsidium
622 3628 881 3711 descriptorum
910 3628 1039 3710 viginti
1062 3629 1211 3692 Millium
1242 3649 1445 3709 aureorum,
1482 3629 1576 3710 quod

296 3736 488 3800 Beatitudo
513 3735 644 3798 Vestra
675 3756 740 3818 pro
772 3756 836 3799 suo
866 3736 902 3798 in
928 3736 1002 3798 Nos
1033 3747 1183 3818 paterno
1207 3756 1326 3799 amore
1356 3736 1576 3799 adiuvandas

297 3844 471 3906 maximas
495 3842 737 3922 necessitates,
762 3844 807 3905 de
832 3842 958 3923 quibus
984 3855 1056 3905 tum
1074 3844 1341 3922 admonebatur,
1365 3842 1421 3906 hic
1439 3844 1573 3906 solven-

297 3953 379 4014 dum
405 3948 633 4012 demandavit
658 3959 693 4011 et
715 3959 843 4030 postea
859 3949 1000 4012 Romae
1015 3969 1079 4031 per
1097 3970 1173 4011 eam
1193 3949 1414 4011 reddendum
1429 3949 1575 4031 recepit,

297 4077 362 4120 nec
387 4059 469 4120 dum
493 4058 645 4119 solutum
670 4066 732 4120 est.
781 4055 867 4119 Cum
892 4066 1008 4119 autem
1033 4076 1098 4138 pro
1124 4055 1178 4118 bis
1197 4055 1429 4139 popularibus
1453 4058 1575 4119 tumul·

294 4165 390 4226 tibus
420 4163 760 4246 tempestatibusque
795 4163 964 4226 sedandis
994 4163 1311 4246 tranquillitatique
1350 4163 1576 4226 restituendis

296 4273 405 4333 multo
430 4271 583 4334 maxima
607 4291 629 4332 a
651 4291 707 4334 me
732 4281 881 4352 erogata
905 4271 949 4333 sit
972 4270 1201 4351 pecuniarum
1227 4290 1375 4350 summa,
1408 4290 1575 4353 cumpro

296 4376 475 4440 ordinario
499 4376 623 4455 Milite,
647 4397 751 4458 quem
777 4376 921 4439 Svevici
945 4377 1102 4439 foederis
1125 4377 1281 4457 ratione,
1306 4385 1379 4439 tum
1403 4378 1575 4459 peculiari

297 4505 375 4547 meo
400 4485 560 4547 exercitu
576 4486 818 4563 sustentand0,
843 4504 947 4566 quem
967 4484 1001 4546 in
1019 4483 1196 4565 equitibus
1212 4483 1354 4547 circiter
1369 4485 1450 4548 Duo
1466 4485 1576 4565 Mille,

297 4599 332 4655 et
356 4591 542 4655 Peditibus
566 4590 706 4655 circiter
730 4603 811 4655 octo
836 4592 930 4654 mille
956 4591 1078 4671 Viros,
1111 4590 1242 4655 fiducia
1267 4591 1450 4674 prestandi
1474 4592 1576 4654 huius
1667 4645 1671 4662 ,

297 4699 349 4761 sui
393 4699 541 4761 subsidii
589 4701 822 4781 collegeram,
868 4708 903 4761 et
938 4719 1031 4761 nunc
1073 4707 1252 4772 sustento;
1292 4719 1407 4780 neque
1450 4698 1576 4761 minori

297 4814 438 4888 sumptu
464 4805 603 4889 privata
627 4807 705 4870 Res
729 4827 827 4888 mea,
852 4826 944 4887 quae
967 4805 1139 4892 proximis
1161 4805 1216 4868 his
1240 4806 1366 4868 diebus
1389 4808 1457 4869 hoc
1482 4805 1577 4887 cepit
