<?xml version="1.0" encoding="UTF-8"?>
<!DOCTYPE html PUBLIC "-//W3C//DTD XHTML 1.0 Transitional//EN"
    "http://www.w3.org/TR/xhtml1/DTD/xhtml1-transitional.dtd">
<html xmlns="http://www.w3.org/1999/xhtml" xml:lang="en" lang="en">
 <head>
  <title>
</title>
<meta http-equiv="Content-Type" content="text/html;charset=utf-8" />
  <meta name='ocr-system' content='tesseract 3.04.00' />
  <meta name='ocr-capabilities' content='ocr_page ocr_carea ocr_par ocr_line ocrx_word'/>
</head>
<body>
  <div class='ocr_page' id='page_1' title='image "./monumentareform01vatigoog_0150.png"; bbox 0 0 3559 5734; ppageno 0'>
   <div class='ocr_carea' id='block_1_1' title="bbox 816 494 1063 554">
    <p class='ocr_par' dir='ltr' id='par_1_1' title="bbox 816 494 1063 554">
     <span class='ocr_line' id='line_1_1' title="bbox 816 494 1063 554; baseline 0.004 -2"><span class='ocrx_word' id='word_1_1' title='bbox 816 494 1063 554; x_wconf 43' lang='lat' dir='ltr'>&amp;wib-0</span> 
     </span>
    </p>
   </div>
   <div class='ocr_carea' id='block_1_2' title="bbox 298 642 1579 730">
    <p class='ocr_par' dir='ltr' id='par_1_2' title="bbox 298 642 1579 730">
     <span class='ocr_line' id='line_1_2' title="bbox 298 642 1579 730; baseline -0.002 -19"><span class='ocrx_word' id='word_1_2' title='bbox 298 642 489 730; x_wconf 87' lang='lat' dir='ltr'>improbati</span> <span class='ocrx_word' id='word_1_3' title='bbox 524 645 609 708; x_wconf 91' lang='lat' dir='ltr'>sint:</span> <span class='ocrx_word' id='word_1_4' title='bbox 646 644 798 726; x_wconf 89' lang='lat' dir='ltr'>ideoque</span> <span class='ocrx_word' id='word_1_5' title='bbox 832 644 1025 708; x_wconf 90' lang='lat' dir='ltr'>Beatitudo</span> <span class='ocrx_word' id='word_1_6' title='bbox 1060 644 1243 708; x_wconf 85' lang='lat' dir='ltr'>Pontificis</span> <span class='ocrx_word' id='word_1_7' title='bbox 1279 668 1325 709; x_wconf 81' lang='lat' dir='ltr'>ex</span> <span class='ocrx_word' id='word_1_8' title='bbox 1361 645 1480 710; x_wconf 80' lang='lat' dir='ltr'>officio</span> <span class='ocrx_word' id='word_1_9' title='bbox 1515 666 1579 710; x_wconf 91' lang='lat' dir='ltr'>suo</span> 
     </span>
    </p>
   </div>
   <div class='ocr_carea' id='block_1_3' title="bbox 201 751 1579 837">
    <p class='ocr_par' dir='ltr' id='par_1_3' title="bbox 201 751 1579 837">
     <span class='ocr_line' id='line_1_3' title="bbox 201 751 1579 837; baseline 0.001 -21"><span class='ocrx_word' id='word_1_10' title='bbox 201 810 205 816; x_wconf 90' lang='lat'>.</span> <span class='ocrx_word' id='word_1_11' title='bbox 298 755 420 837; x_wconf 89' lang='lat' dir='ltr'>papali</span> <span class='ocrx_word' id='word_1_12' title='bbox 451 755 672 816; x_wconf 75' lang='lat' dir='ltr'>hos&#39;omnes</span> <span class='ocrx_word' id='word_1_13' title='bbox 705 752 816 816; x_wconf 94' lang='lat' dir='ltr'>libros</span> <span class='ocrx_word' id='word_1_14' title='bbox 845 751 1056 835; x_wconf 83' lang='lat' dir='ltr'>gravissime</span> <span class='ocrx_word' id='word_1_15' title='bbox 1086 753 1284 831; x_wconf 89' lang='lat' dir='ltr'>damnavit,</span> <span class='ocrx_word' id='word_1_16' title='bbox 1318 764 1353 817; x_wconf 93' lang='lat' dir='ltr'>et</span> <span class='ocrx_word' id='word_1_17' title='bbox 1386 754 1579 835; x_wconf 81' lang='lat' dir='ltr'>interdixit,</span> 
     </span>
    </p>
   </div>
   <div class='ocr_carea' id='block_1_4' title="bbox 294 860 1581 4911">
    <p class='ocr_par' dir='ltr' id='par_1_4' title="bbox 294 860 1581 4911">
     <span class='ocr_line' id='line_1_4' title="bbox 299 860 1579 941; baseline -0.002 -16"><span class='ocrx_word' id='word_1_18' title='bbox 299 865 398 925; x_wconf 81' lang='lat' dir='ltr'>iuxta</span> <span class='ocrx_word' id='word_1_19' title='bbox 429 873 587 923; x_wconf 88' lang='lat' dir='ltr'>tenorem</span> <span class='ocrx_word' id='word_1_20' title='bbox 621 860 739 921; x_wconf 88' lang='lat' dir='ltr'>bullae</span> <span class='ocrx_word' id='word_1_21' title='bbox 772 861 927 940; x_wconf 84' lang='lat' dir='ltr'>desuper</span> <span class='ocrx_word' id='word_1_22' title='bbox 951 870 1154 922; x_wconf 74' lang='lat' dir='ltr'>emanatas:</span> <span class='ocrx_word' id='word_1_23' title='bbox 1189 860 1242 922; x_wconf 82' lang='lat' dir='ltr'>Ex</span> <span class='ocrx_word' id='word_1_24' title='bbox 1267 880 1337 941; x_wconf 92' lang='lat' dir='ltr'>quo</span> <span class='ocrx_word' id='word_1_25' title='bbox 1362 871 1478 923; x_wconf 90' lang='lat' dir='ltr'>autem</span> <span class='ocrx_word' id='word_1_26' title='bbox 1503 882 1579 939; x_wconf 92' lang='lat' dir='ltr'>nos,</span> 
     </span>
     <span class='ocr_line' id='line_1_5' title="bbox 297 965 1579 1048; baseline 0 -18"><span class='ocrx_word' id='word_1_27' title='bbox 297 979 333 1030; x_wconf 89' lang='lat' dir='ltr'>et</span> <span class='ocrx_word' id='word_1_28' title='bbox 357 978 432 1030; x_wconf 90' lang='lat' dir='ltr'>tota</span> <span class='ocrx_word' id='word_1_29' title='bbox 448 965 683 1048; x_wconf 80' lang='lat' dir='ltr'>congregatio</span> <span class='ocrx_word' id='word_1_30' title='bbox 700 965 791 1027; x_wconf 90' lang='lat' dir='ltr'>sacri</span> <span class='ocrx_word' id='word_1_31' title='bbox 809 965 965 1027; x_wconf 89' lang='lat' dir='ltr'>Romani</span> <span class='ocrx_word' id='word_1_32' title='bbox 984 965 1137 1047; x_wconf 87' lang='lat' dir='ltr'>Imperii,</span> <span class='ocrx_word' id='word_1_33' title='bbox 1161 976 1324 1046; x_wconf 87' lang='lat' dir='ltr'>statuum,</span> <span class='ocrx_word' id='word_1_34' title='bbox 1349 969 1451 1031; x_wconf 88' lang='lat' dir='ltr'>huius</span> <span class='ocrx_word' id='word_1_35' title='bbox 1468 968 1579 1032; x_wconf 80' lang='lat' dir='ltr'>nostri</span> 
     </span>
     <span class='ocr_line' id='line_1_6' title="bbox 297 1072 1578 1155; baseline 0.002 -18"><span class='ocrx_word' id='word_1_36' title='bbox 297 1085 493 1139; x_wconf 87' lang='lat' dir='ltr'>conventus</span> <span class='ocrx_word' id='word_1_37' title='bbox 516 1074 573 1137; x_wconf 92' lang='lat' dir='ltr'>hic</span> <span class='ocrx_word' id='word_1_38' title='bbox 594 1075 666 1155; x_wconf 85' lang='lat' dir='ltr'>jam</span> <span class='ocrx_word' id='word_1_39' title='bbox 690 1072 920 1136; x_wconf 86' lang='lat' dir='ltr'>convenimus</span> <span class='ocrx_word' id='word_1_40' title='bbox 945 1084 979 1135; x_wconf 94' lang='lat' dir='ltr'>et</span> <span class='ocrx_word' id='word_1_41' title='bbox 1004 1074 1239 1136; x_wconf 85' lang='lat' dir='ltr'>conclusimus</span> <span class='ocrx_word' id='word_1_42' title='bbox 1264 1076 1379 1137; x_wconf 88' lang='lat' dir='ltr'>nullas</span> <span class='ocrx_word' id='word_1_43' title='bbox 1403 1096 1515 1139; x_wconf 89' lang='lat' dir='ltr'>novas</span> <span class='ocrx_word' id='word_1_44' title='bbox 1530 1076 1578 1138; x_wconf 90' lang='lat' dir='ltr'>in-</span> 
     </span>
     <span class='ocr_line' id='line_1_7' title="bbox 296 1181 1581 1263; baseline -0.002 -16"><span class='ocrx_word' id='word_1_45' title='bbox 296 1184 498 1263; x_wconf 89' lang='lat' dir='ltr'>ventiones,</span> <span class='ocrx_word' id='word_1_46' title='bbox 528 1190 564 1244; x_wconf 93' lang='lat' dir='ltr'>et</span> <span class='ocrx_word' id='word_1_47' title='bbox 587 1181 736 1261; x_wconf 77' lang='lat' dir='ltr'>alienaS,</span> <span class='ocrx_word' id='word_1_48' title='bbox 765 1201 826 1243; x_wconf 90' lang='lat' dir='ltr'>seu</span> <span class='ocrx_word' id='word_1_49' title='bbox 852 1201 993 1244; x_wconf 88' lang='lat' dir='ltr'>errores</span> <span class='ocrx_word' id='word_1_50' title='bbox 1017 1185 1051 1243; x_wconf 93' lang='lat' dir='ltr'>in</span> <span class='ocrx_word' id='word_1_51' title='bbox 1078 1193 1198 1244; x_wconf 89' lang='lat' dir='ltr'>nostra</span> <span class='ocrx_word' id='word_1_52' title='bbox 1222 1194 1345 1245; x_wconf 87' lang='lat' dir='ltr'>sancta</span> <span class='ocrx_word' id='word_1_53' title='bbox 1369 1182 1453 1262; x_wconf 85' lang='lat' dir='ltr'>fide,</span> <span class='ocrx_word' id='word_1_54' title='bbox 1483 1183 1581 1247; x_wconf 86' lang='lat' dir='ltr'>Chri·</span> 
     </span>
     <span class='ocr_line' id='line_1_8' title="bbox 295 1288 1579 1373; baseline -0.002 -18"><span class='ocrx_word' id='word_1_55' title='bbox 295 1293 410 1355; x_wconf 88' lang='lat' dir='ltr'>stiana</span> <span class='ocrx_word' id='word_1_56' title='bbox 435 1289 608 1371; x_wconf 89' lang='lat' dir='ltr'>doctrina,</span> <span class='ocrx_word' id='word_1_57' title='bbox 635 1300 670 1352; x_wconf 94' lang='lat' dir='ltr'>et</span> <span class='ocrx_word' id='word_1_58' title='bbox 696 1290 772 1351; x_wconf 91' lang='lat' dir='ltr'>eius</span> <span class='ocrx_word' id='word_1_59' title='bbox 793 1288 929 1368; x_wconf 80' lang='lat' dir='ltr'>ritibuS,</span> <span class='ocrx_word' id='word_1_60' title='bbox 954 1301 990 1351; x_wconf 89' lang='lat' dir='ltr'>et</span> <span class='ocrx_word' id='word_1_61' title='bbox 1012 1289 1153 1369; x_wconf 87' lang='lat' dir='ltr'>legibus</span> <span class='ocrx_word' id='word_1_62' title='bbox 1169 1290 1346 1353; x_wconf 86' lang='lat' dir='ltr'>introduci</span> <span class='ocrx_word' id='word_1_63' title='bbox 1363 1291 1579 1373; x_wconf 83' lang='lat' dir='ltr'>permittere,</span> 
     </span>
     <span class='ocr_line' id='line_1_9' title="bbox 297 1395 1578 1478; baseline -0.003 -15"><span class='ocrx_word' id='word_1_64' title='bbox 297 1401 358 1463; x_wconf 88' lang='lat' dir='ltr'>sed</span> <span class='ocrx_word' id='word_1_65' title='bbox 394 1398 463 1460; x_wconf 89' lang='lat' dir='ltr'>illis</span> <span class='ocrx_word' id='word_1_66' title='bbox 498 1406 537 1458; x_wconf 93' lang='lat' dir='ltr'>ut</span> <span class='ocrx_word' id='word_1_67' title='bbox 569 1395 680 1459; x_wconf 89' lang='lat' dir='ltr'>nostri</span> <span class='ocrx_word' id='word_1_68' title='bbox 712 1405 879 1477; x_wconf 89' lang='lat' dir='ltr'>parentes</span> <span class='ocrx_word' id='word_1_69' title='bbox 913 1406 949 1458; x_wconf 92' lang='lat' dir='ltr'>et</span> <span class='ocrx_word' id='word_1_70' title='bbox 978 1396 1227 1478; x_wconf 84' lang='lat' dir='ltr'>progenitores</span> <span class='ocrx_word' id='word_1_71' title='bbox 1260 1398 1376 1460; x_wconf 89' lang='lat' dir='ltr'>multis</span> <span class='ocrx_word' id='word_1_72' title='bbox 1407 1417 1578 1460; x_wconf 90' lang='lat' dir='ltr'>annorum</span> 
     </span>
     <span class='ocr_line' id='line_1_10' title="bbox 296 1503 1578 1587; baseline -0.002 -18"><span class='ocrx_word' id='word_1_73' title='bbox 296 1505 455 1569; x_wconf 86' lang='lat' dir='ltr'>centenis</span> <span class='ocrx_word' id='word_1_74' title='bbox 480 1503 718 1581; x_wconf 88' lang='lat' dir='ltr'>crediderunt,</span> <span class='ocrx_word' id='word_1_75' title='bbox 743 1513 779 1566; x_wconf 95' lang='lat' dir='ltr'>et</span> <span class='ocrx_word' id='word_1_76' title='bbox 803 1506 1048 1583; x_wconf 88' lang='lat' dir='ltr'>observarunt,</span> <span class='ocrx_word' id='word_1_77' title='bbox 1074 1515 1110 1566; x_wconf 92' lang='lat' dir='ltr'>et</span> <span class='ocrx_word' id='word_1_78' title='bbox 1134 1503 1203 1587; x_wconf 90' lang='lat' dir='ltr'>ipsi</span> <span class='ocrx_word' id='word_1_79' title='bbox 1226 1507 1376 1567; x_wconf 91' lang='lat' dir='ltr'>credunt</span> <span class='ocrx_word' id='word_1_80' title='bbox 1400 1515 1436 1568; x_wconf 92' lang='lat' dir='ltr'>et</span> <span class='ocrx_word' id='word_1_81' title='bbox 1459 1508 1578 1567; x_wconf 89' lang='lat' dir='ltr'>obser·</span> 
     </span>
     <span class='ocr_line' id='line_1_11' title="bbox 296 1610 1577 1693; baseline -0.002 -17"><span class='ocrx_word' id='word_1_82' title='bbox 296 1623 380 1676; x_wconf 89' lang='lat' dir='ltr'>vant</span> <span class='ocrx_word' id='word_1_83' title='bbox 404 1611 437 1674; x_wconf 93' lang='lat' dir='ltr'>in</span> <span class='ocrx_word' id='word_1_84' title='bbox 464 1611 556 1672; x_wconf 91' lang='lat' dir='ltr'>hunc</span> <span class='ocrx_word' id='word_1_85' title='bbox 574 1630 685 1691; x_wconf 89' lang='lat' dir='ltr'>usque</span> <span class='ocrx_word' id='word_1_86' title='bbox 709 1621 912 1691; x_wconf 88' lang='lat' dir='ltr'>presentem</span> <span class='ocrx_word' id='word_1_87' title='bbox 937 1610 1041 1690; x_wconf 89' lang='lat' dir='ltr'>diem,</span> <span class='ocrx_word' id='word_1_88' title='bbox 1066 1612 1239 1674; x_wconf 87' lang='lat' dir='ltr'>adherere</span> <span class='ocrx_word' id='word_1_89' title='bbox 1265 1622 1300 1675; x_wconf 86' lang='lat' dir='ltr'>ct</span> <span class='ocrx_word' id='word_1_90' title='bbox 1315 1632 1525 1693; x_wconf 88' lang='lat' dir='ltr'>permanere</span> <span class='ocrx_word' id='word_1_91' title='bbox 1542 1611 1577 1674; x_wconf 90' lang='lat' dir='ltr'>in</span> 
     </span>
     <span class='ocr_line' id='line_1_12' title="bbox 296 1716 1576 1799; baseline -0.003 -16"><span class='ocrx_word' id='word_1_92' title='bbox 296 1721 346 1783; x_wconf 91' lang='lat' dir='ltr'>eis</span> <span class='ocrx_word' id='word_1_93' title='bbox 370 1720 483 1791; x_wconf 86' lang='lat' dir='ltr'>velle;</span> <span class='ocrx_word' id='word_1_94' title='bbox 520 1716 623 1779; x_wconf 90' lang='lat' dir='ltr'>nobis</span> <span class='ocrx_word' id='word_1_95' title='bbox 647 1725 765 1778; x_wconf 91' lang='lat' dir='ltr'>autem</span> <span class='ocrx_word' id='word_1_96' title='bbox 788 1726 957 1799; x_wconf 81' lang='lat' dir='ltr'>tanquam</span> <span class='ocrx_word' id='word_1_97' title='bbox 982 1718 1169 1797; x_wconf 89' lang='lat' dir='ltr'>advocato,</span> <span class='ocrx_word' id='word_1_98' title='bbox 1200 1719 1405 1799; x_wconf 89' lang='lat' dir='ltr'>protectori,</span> <span class='ocrx_word' id='word_1_99' title='bbox 1437 1730 1473 1781; x_wconf 92' lang='lat' dir='ltr'>et</span> <span class='ocrx_word' id='word_1_100' title='bbox 1496 1738 1576 1780; x_wconf 91' lang='lat' dir='ltr'>con·</span> 
     </span>
     <span class='ocr_line' id='line_1_13' title="bbox 296 1823 1579 1907; baseline -0.002 -18"><span class='ocrx_word' id='word_1_101' title='bbox 296 1827 468 1889; x_wconf 89' lang='lat' dir='ltr'>servatori</span> <span class='ocrx_word' id='word_1_102' title='bbox 501 1833 644 1886; x_wconf 88' lang='lat' dir='ltr'>sanctae</span> <span class='ocrx_word' id='word_1_103' title='bbox 678 1823 901 1886; x_wconf 85' lang='lat' dir='ltr'>Christianae</span> <span class='ocrx_word' id='word_1_104' title='bbox 925 1824 1126 1903; x_wconf 79' lang='lat' dir='ltr'>Ecclesiae,</span> <span class='ocrx_word' id='word_1_105' title='bbox 1158 1837 1193 1887; x_wconf 83' lang='lat' dir='ltr'>et</span> <span class='ocrx_word' id='word_1_106' title='bbox 1220 1826 1450 1907; x_wconf 82' lang='lat' dir='ltr'>Apostolicae</span> <span class='ocrx_word' id='word_1_107' title='bbox 1483 1824 1579 1887; x_wconf 90' lang='lat' dir='ltr'>sedis</span> 
     </span>
     <span class='ocr_line' id='line_1_14' title="bbox 296 1929 1563 2013; baseline -0.002 -18"><span class='ocrx_word' id='word_1_108' title='bbox 296 1930 522 2011; x_wconf 81' lang='lat' dir='ltr'>singulariter</span> <span class='ocrx_word' id='word_1_109' title='bbox 546 1930 581 1991; x_wconf 93' lang='lat' dir='ltr'>in</span> <span class='ocrx_word' id='word_1_110' title='bbox 605 1930 660 1992; x_wconf 90' lang='lat' dir='ltr'>his</span> <span class='ocrx_word' id='word_1_111' title='bbox 684 1929 876 2011; x_wconf 86' lang='lat' dir='ltr'>providere</span> <span class='ocrx_word' id='word_1_112' title='bbox 901 1931 1098 1994; x_wconf 85' lang='lat' dir='ltr'>incumbat:</span> <span class='ocrx_word' id='word_1_113' title='bbox 1135 1932 1209 1994; x_wconf 88' lang='lat' dir='ltr'>Nos</span> <span class='ocrx_word' id='word_1_114' title='bbox 1233 1931 1433 2013; x_wconf 87' lang='lat' dir='ltr'>praefatum</span> <span class='ocrx_word' id='word_1_115' title='bbox 1457 1930 1563 1994; x_wconf 90' lang='lat' dir='ltr'>Marti</span> 
     </span>
     <span class='ocr_line' id='line_1_15' title="bbox 296 2037 1577 2120; baseline -0.002 -18"><span class='ocrx_word' id='word_1_116' title='bbox 296 2061 377 2102; x_wconf 90' lang='lat' dir='ltr'>num</span> <span class='ocrx_word' id='word_1_117' title='bbox 402 2038 595 2099; x_wconf 90' lang='lat' dir='ltr'>Lutherum</span> <span class='ocrx_word' id='word_1_118' title='bbox 627 2037 789 2099; x_wconf 89' lang='lat' dir='ltr'>adhunc</span> <span class='ocrx_word' id='word_1_119' title='bbox 814 2037 930 2099; x_wconf 92' lang='lat' dir='ltr'>locum</span> <span class='ocrx_word' id='word_1_120' title='bbox 955 2038 1174 2118; x_wconf 75' lang='lat' dir='ltr'>vocavimuS,</span> <span class='ocrx_word' id='word_1_121' title='bbox 1207 2038 1392 2120; x_wconf 88' lang='lat' dir='ltr'>eidemque</span> <span class='ocrx_word' id='word_1_122' title='bbox 1417 2039 1577 2118; x_wconf 87' lang='lat' dir='ltr'>liberum,</span> 
     </span>
     <span class='ocr_line' id='line_1_16' title="bbox 295 2144 1576 2226; baseline -0.005 -15"><span class='ocrx_word' id='word_1_123' title='bbox 295 2158 331 2211; x_wconf 92' lang='lat' dir='ltr'>et</span> <span class='ocrx_word' id='word_1_124' title='bbox 362 2166 523 2209; x_wconf 89' lang='lat' dir='ltr'>securum</span> <span class='ocrx_word' id='word_1_125' title='bbox 548 2147 684 2205; x_wconf 86' lang='lat' dir='ltr'>salvum</span> <span class='ocrx_word' id='word_1_126' title='bbox 709 2146 922 2206; x_wconf 91' lang='lat' dir='ltr'>conductum</span> <span class='ocrx_word' id='word_1_127' title='bbox 947 2145 1120 2207; x_wconf 89' lang='lat' dir='ltr'>adversus</span> <span class='ocrx_word' id='word_1_128' title='bbox 1144 2166 1385 2226; x_wconf 88' lang='lat' dir='ltr'>quoscumque</span> <span class='ocrx_word' id='word_1_129' title='bbox 1410 2144 1576 2207; x_wconf 90' lang='lat' dir='ltr'>veniendi</span> 
     </span>
     <span class='ocr_line' id='line_1_17' title="bbox 295 2250 1577 2333; baseline -0.002 -16"><span class='ocrx_word' id='word_1_130' title='bbox 295 2257 363 2317; x_wconf 91' lang='lat' dir='ltr'>huc</span> <span class='ocrx_word' id='word_1_131' title='bbox 389 2263 424 2316; x_wconf 90' lang='lat' dir='ltr'>et</span> <span class='ocrx_word' id='word_1_132' title='bbox 447 2250 639 2314; x_wconf 89' lang='lat' dir='ltr'>recedendi</span> <span class='ocrx_word' id='word_1_133' title='bbox 663 2250 744 2312; x_wconf 92' lang='lat' dir='ltr'>hinc</span> <span class='ocrx_word' id='word_1_134' title='bbox 770 2251 944 2329; x_wconf 90' lang='lat' dir='ltr'>dedimus,</span> <span class='ocrx_word' id='word_1_135' title='bbox 970 2261 1005 2313; x_wconf 89' lang='lat' dir='ltr'>et</span> <span class='ocrx_word' id='word_1_136' title='bbox 1030 2251 1198 2333; x_wconf 89' lang='lat' dir='ltr'>misimus,</span> <span class='ocrx_word' id='word_1_137' title='bbox 1227 2252 1344 2315; x_wconf 89' lang='lat' dir='ltr'>animo</span> <span class='ocrx_word' id='word_1_138' title='bbox 1370 2273 1449 2316; x_wconf 91' lang='lat' dir='ltr'>eum</span> <span class='ocrx_word' id='word_1_139' title='bbox 1474 2252 1577 2315; x_wconf 89' lang='lat' dir='ltr'>inter·</span> 
     </span>
     <span class='ocr_line' id='line_1_18' title="bbox 296 2357 1578 2443; baseline -0.003 -19"><span class='ocrx_word' id='word_1_140' title='bbox 296 2360 457 2443; x_wconf 83' lang='lat' dir='ltr'>rogandi,</span> <span class='ocrx_word' id='word_1_141' title='bbox 483 2370 519 2421; x_wconf 92' lang='lat' dir='ltr'>et</span> <span class='ocrx_word' id='word_1_142' title='bbox 542 2358 720 2438; x_wconf 89' lang='lat' dir='ltr'>audiendi,</span> <span class='ocrx_word' id='word_1_143' title='bbox 745 2377 790 2419; x_wconf 89' lang='lat' dir='ltr'>an</span> <span class='ocrx_word' id='word_1_144' title='bbox 810 2358 888 2439; x_wconf 90' lang='lat' dir='ltr'>ipse</span> <span class='ocrx_word' id='word_1_145' title='bbox 905 2357 1104 2421; x_wconf 91' lang='lat' dir='ltr'>huiusmodi</span> <span class='ocrx_word' id='word_1_146' title='bbox 1120 2363 1242 2439; x_wconf 88' lang='lat' dir='ltr'>verba,</span> <span class='ocrx_word' id='word_1_147' title='bbox 1267 2360 1377 2422; x_wconf 89' lang='lat' dir='ltr'>libros</span> <span class='ocrx_word' id='word_1_148' title='bbox 1393 2370 1428 2422; x_wconf 89' lang='lat' dir='ltr'>et</span> <span class='ocrx_word' id='word_1_149' title='bbox 1445 2359 1578 2441; x_wconf 83' lang='lat' dir='ltr'>scripta</span> 
     </span>
     <span class='ocr_line' id='line_1_19' title="bbox 296 2464 1576 2552; baseline -0.002 -22"><span class='ocrx_word' id='word_1_150' title='bbox 296 2468 515 2552; x_wconf 86' lang='lat' dir='ltr'>profiteatur,</span> <span class='ocrx_word' id='word_1_151' title='bbox 539 2476 575 2527; x_wconf 89' lang='lat' dir='ltr'>et</span> <span class='ocrx_word' id='word_1_152' title='bbox 598 2486 643 2527; x_wconf 91' lang='lat' dir='ltr'>an</span> <span class='ocrx_word' id='word_1_153' title='bbox 667 2464 729 2527; x_wconf 91' lang='lat' dir='ltr'>illa</span> <span class='ocrx_word' id='word_1_154' title='bbox 752 2484 934 2546; x_wconf 90' lang='lat' dir='ltr'>revocare,</span> <span class='ocrx_word' id='word_1_155' title='bbox 959 2476 1019 2527; x_wconf 91' lang='lat' dir='ltr'>aut</span> <span class='ocrx_word' id='word_1_156' title='bbox 1044 2466 1176 2529; x_wconf 89' lang='lat' dir='ltr'>eisdem</span> <span class='ocrx_word' id='word_1_157' title='bbox 1201 2467 1365 2530; x_wconf 88' lang='lat' dir='ltr'>inherere</span> <span class='ocrx_word' id='word_1_158' title='bbox 1390 2467 1485 2544; x_wconf 91' lang='lat' dir='ltr'>velit,</span> <span class='ocrx_word' id='word_1_159' title='bbox 1511 2484 1576 2527; x_wconf 90' lang='lat' dir='ltr'>nec</span> 
     </span>
     <span class='ocr_line' id='line_1_20' title="bbox 296 2571 1575 2656; baseline -0.004 -17"><span class='ocrx_word' id='word_1_160' title='bbox 296 2598 356 2639; x_wconf 90' lang='lat' dir='ltr'>ne:</span> <span class='ocrx_word' id='word_1_161' title='bbox 382 2584 420 2638; x_wconf 91' lang='lat' dir='ltr'>ut</span> <span class='ocrx_word' id='word_1_162' title='bbox 444 2573 574 2636; x_wconf 85' lang='lat' dir='ltr'>deinde</span> <span class='ocrx_word' id='word_1_163' title='bbox 598 2571 702 2634; x_wconf 89' lang='lat' dir='ltr'>latius</span> <span class='ocrx_word' id='word_1_164' title='bbox 726 2571 811 2634; x_wconf 91' lang='lat' dir='ltr'>fiant</span> <span class='ocrx_word' id='word_1_165' title='bbox 836 2593 889 2651; x_wconf 89' lang='lat' dir='ltr'>ea,</span> <span class='ocrx_word' id='word_1_166' title='bbox 915 2593 1005 2653; x_wconf 90' lang='lat' dir='ltr'>quae</span> <span class='ocrx_word' id='word_1_167' title='bbox 1029 2574 1278 2636; x_wconf 92' lang='lat' dir='ltr'>convenientia</span> <span class='ocrx_word' id='word_1_168' title='bbox 1293 2584 1396 2636; x_wconf 92' lang='lat' dir='ltr'>erunt</span> <span class='ocrx_word' id='word_1_169' title='bbox 1413 2594 1478 2656; x_wconf 89' lang='lat' dir='ltr'>pro</span> <span class='ocrx_word' id='word_1_170' title='bbox 1496 2593 1575 2634; x_wconf 91' lang='lat' dir='ltr'>con·</span> 
     </span>
     <span class='ocr_line' id='line_1_21' title="bbox 295 2677 1575 2761; baseline -0.005 -14"><span class='ocrx_word' id='word_1_171' title='bbox 295 2681 479 2747; x_wconf 89' lang='lat' dir='ltr'>servandis</span> <span class='ocrx_word' id='word_1_172' title='bbox 503 2690 627 2742; x_wconf 87' lang='lat' dir='ltr'>sancta</span> <span class='ocrx_word' id='word_1_173' title='bbox 650 2677 721 2740; x_wconf 91' lang='lat' dir='ltr'>fide</span> <span class='ocrx_word' id='word_1_174' title='bbox 745 2689 877 2759; x_wconf 88' lang='lat' dir='ltr'>nostra,</span> <span class='ocrx_word' id='word_1_175' title='bbox 903 2679 1048 2761; x_wconf 90' lang='lat' dir='ltr'>eiusque</span> <span class='ocrx_word' id='word_1_176' title='bbox 1073 2680 1244 2760; x_wconf 89' lang='lat' dir='ltr'>doctrina,</span> <span class='ocrx_word' id='word_1_177' title='bbox 1272 2681 1408 2761; x_wconf 75' lang='lat' dir='ltr'>ritibuS,</span> <span class='ocrx_word' id='word_1_178' title='bbox 1433 2692 1468 2743; x_wconf 88' lang='lat' dir='ltr'>et</span> <span class='ocrx_word' id='word_1_179' title='bbox 1491 2679 1575 2761; x_wconf 83' lang='lat' dir='ltr'>legi-</span> 
     </span>
     <span class='ocr_line' id='line_1_22' title="bbox 294 2787 1574 2869; baseline -0.005 -14"><span class='ocrx_word' id='word_1_180' title='bbox 294 2795 361 2855; x_wconf 90' lang='lat' dir='ltr'>bus</span> <span class='ocrx_word' id='word_1_181' title='bbox 385 2788 582 2853; x_wconf 88' lang='lat' dir='ltr'>catholicae</span> <span class='ocrx_word' id='word_1_182' title='bbox 603 2788 797 2864; x_wconf 81' lang='lat' dir='ltr'>Ecclesiae,</span> <span class='ocrx_word' id='word_1_183' title='bbox 823 2797 858 2849; x_wconf 86' lang='lat' dir='ltr'>et</span> <span class='ocrx_word' id='word_1_184' title='bbox 876 2788 1106 2869; x_wconf 89' lang='lat' dir='ltr'>Apostolicae</span> <span class='ocrx_word' id='word_1_185' title='bbox 1130 2788 1234 2850; x_wconf 89' lang='lat' dir='ltr'>sedis.</span> <span class='ocrx_word' id='word_1_186' title='bbox 1265 2788 1343 2869; x_wconf 81' lang='lat' dir='ltr'>Quo</span> <span class='ocrx_word' id='word_1_187' title='bbox 1368 2807 1454 2850; x_wconf 87' lang='lat' dir='ltr'>vero</span> <span class='ocrx_word' id='word_1_188' title='bbox 1471 2787 1574 2849; x_wconf 90' lang='lat' dir='ltr'>maio·</span> 
     </span>
     <span class='ocr_line' id='line_1_23' title="bbox 295 2893 1575 2977; baseline -0.007 -15"><span class='ocrx_word' id='word_1_189' title='bbox 295 2901 392 2962; x_wconf 87' lang='lat' dir='ltr'>ribus</span> <span class='ocrx_word' id='word_1_190' title='bbox 426 2895 622 2973; x_wconf 85' lang='lat' dir='ltr'>erroribus,</span> <span class='ocrx_word' id='word_1_191' title='bbox 652 2915 694 2956; x_wconf 89' lang='lat' dir='ltr'>ac</span> <span class='ocrx_word' id='word_1_192' title='bbox 725 2893 833 2957; x_wconf 86' lang='lat' dir='ltr'>variis</span> <span class='ocrx_word' id='word_1_193' title='bbox 861 2894 1110 2974; x_wconf 85' lang='lat' dir='ltr'>incommodis,</span> <span class='ocrx_word' id='word_1_194' title='bbox 1144 2916 1235 2976; x_wconf 89' lang='lat' dir='ltr'>quae</span> <span class='ocrx_word' id='word_1_195' title='bbox 1267 2918 1312 2958; x_wconf 85' lang='lat' dir='ltr'>ex</span> <span class='ocrx_word' id='word_1_196' title='bbox 1337 2898 1405 2958; x_wconf 90' lang='lat' dir='ltr'>hoc</span> <span class='ocrx_word' id='word_1_197' title='bbox 1430 2895 1575 2977; x_wconf 85' lang='lat' dir='ltr'>negotio</span> 
     </span>
     <span class='ocr_line' id='line_1_24' title="bbox 296 3003 1576 3082; baseline -0.005 -11"><span class='ocrx_word' id='word_1_198' title='bbox 296 3003 426 3071; x_wconf 86' lang='lat' dir='ltr'>exoriri</span> <span class='ocrx_word' id='word_1_199' title='bbox 450 3003 677 3066; x_wconf 88' lang='lat' dir='ltr'>formidanda</span> <span class='ocrx_word' id='word_1_200' title='bbox 701 3013 800 3082; x_wconf 92' lang='lat' dir='ltr'>sunt,</span> <span class='ocrx_word' id='word_1_201' title='bbox 832 3004 1013 3081; x_wconf 78' lang='lat' dir='ltr'>obvietur,</span> <span class='ocrx_word' id='word_1_202' title='bbox 1046 3005 1253 3067; x_wconf 88' lang='lat' dir='ltr'>mandamus</span> <span class='ocrx_word' id='word_1_203' title='bbox 1277 3004 1380 3066; x_wconf 90' lang='lat' dir='ltr'>vobis</span> <span class='ocrx_word' id='word_1_204' title='bbox 1404 3003 1576 3073; x_wconf 73' lang='lat' dir='ltr'>omnibus</span> 
     </span>
     <span class='ocr_line' id='line_1_25' title="bbox 295 3109 1575 3189; baseline -0.005 -12"><span class='ocrx_word' id='word_1_205' title='bbox 295 3126 331 3176; x_wconf 88' lang='lat' dir='ltr'>et</span> <span class='ocrx_word' id='word_1_206' title='bbox 363 3111 509 3173; x_wconf 81' lang='lat' dir='ltr'>cuilibet</span> <span class='ocrx_word' id='word_1_207' title='bbox 541 3120 697 3172; x_wconf 89' lang='lat' dir='ltr'>vestrum</span> <span class='ocrx_word' id='word_1_208' title='bbox 732 3110 920 3173; x_wconf 90' lang='lat' dir='ltr'>insolidum</span> <span class='ocrx_word' id='word_1_209' title='bbox 954 3114 1020 3172; x_wconf 90' lang='lat' dir='ltr'>sub</span> <span class='ocrx_word' id='word_1_210' title='bbox 1053 3110 1242 3189; x_wconf 89' lang='lat' dir='ltr'>fidelitate,</span> <span class='ocrx_word' id='word_1_211' title='bbox 1284 3132 1325 3173; x_wconf 87' lang='lat' dir='ltr'>ac</span> <span class='ocrx_word' id='word_1_212' title='bbox 1358 3109 1575 3189; x_wconf 66' lang='lat' dir='ltr'>iuramentis</span> 
     </span>
     <span class='ocr_line' id='line_1_26' title="bbox 295 3202 1574 3303; baseline -0.003 -20"><span class='ocrx_word' id='word_1_213' title='bbox 295 3221 422 3303; x_wconf 90' lang='lat' dir='ltr'>quibus</span> <span class='ocrx_word' id='word_1_214' title='bbox 456 3217 575 3297; x_wconf 79' lang='lat' dir='ltr'>nobiS,</span> <span class='ocrx_word' id='word_1_215' title='bbox 610 3228 645 3279; x_wconf 90' lang='lat' dir='ltr'>et</span> <span class='ocrx_word' id='word_1_216' title='bbox 677 3237 779 3279; x_wconf 88' lang='lat' dir='ltr'>sacro</span> <span class='ocrx_word' id='word_1_217' title='bbox 803 3217 952 3299; x_wconf 89' lang='lat' dir='ltr'>imperio</span> <span class='ocrx_word' id='word_1_218' title='bbox 977 3218 1061 3281; x_wconf 88' lang='lat' dir='ltr'>estis</span> <span class='ocrx_word' id='word_1_219' title='bbox 1086 3202 1248 3299; x_wconf 84' lang='lat' dir='ltr'>obnoxii,</span> <span class='ocrx_word' id='word_1_220' title='bbox 1284 3232 1319 3280; x_wconf 90' lang='lat' dir='ltr'>et</span> <span class='ocrx_word' id='word_1_221' title='bbox 1343 3217 1494 3298; x_wconf 84' lang='lat' dir='ltr'>astricti,</span> <span class='ocrx_word' id='word_1_222' title='bbox 1529 3239 1574 3279; x_wconf 83' lang='lat' dir='ltr'>ex</span> 
     </span>
     <span class='ocr_line' id='line_1_27' title="bbox 295 3324 1574 3408; baseline -0.004 -18"><span class='ocrx_word' id='word_1_223' title='bbox 295 3329 461 3391; x_wconf 85' lang='lat' dir='ltr'>Romana</span> <span class='ocrx_word' id='word_1_224' title='bbox 494 3324 670 3386; x_wconf 88' lang='lat' dir='ltr'>Caesarea</span> <span class='ocrx_word' id='word_1_225' title='bbox 701 3333 879 3406; x_wconf 85' lang='lat' dir='ltr'>potestate</span> <span class='ocrx_word' id='word_1_226' title='bbox 912 3324 1072 3388; x_wconf 87' lang='lat' dir='ltr'>districte</span> <span class='ocrx_word' id='word_1_227' title='bbox 1105 3326 1367 3407; x_wconf 87' lang='lat' dir='ltr'>praecipientes</span> <span class='ocrx_word' id='word_1_228' title='bbox 1401 3346 1465 3408; x_wconf 89' lang='lat' dir='ltr'>per</span> <span class='ocrx_word' id='word_1_229' title='bbox 1498 3343 1574 3405; x_wconf 90' lang='lat' dir='ltr'>pre·</span> 
     </span>
     <span class='ocr_line' id='line_1_28' title="bbox 295 3432 1575 3514; baseline -0.003 -17"><span class='ocrx_word' id='word_1_230' title='bbox 295 3445 425 3513; x_wconf 90' lang='lat' dir='ltr'>sentes,</span> <span class='ocrx_word' id='word_1_231' title='bbox 450 3441 486 3494; x_wconf 93' lang='lat' dir='ltr'>et</span> <span class='ocrx_word' id='word_1_232' title='bbox 509 3432 672 3494; x_wconf 87' lang='lat' dir='ltr'>volentes</span> <span class='ocrx_word' id='word_1_233' title='bbox 696 3452 818 3494; x_wconf 87' lang='lat' dir='ltr'>omnes</span> <span class='ocrx_word' id='word_1_234' title='bbox 843 3441 877 3494; x_wconf 92' lang='lat' dir='ltr'>et</span> <span class='ocrx_word' id='word_1_235' title='bbox 902 3432 1062 3511; x_wconf 81' lang='lat' dir='ltr'>singulos</span> <span class='ocrx_word' id='word_1_236' title='bbox 1078 3433 1188 3495; x_wconf 90' lang='lat' dir='ltr'>libros</span> <span class='ocrx_word' id='word_1_237' title='bbox 1203 3444 1238 3496; x_wconf 88' lang='lat' dir='ltr'>et</span> <span class='ocrx_word' id='word_1_238' title='bbox 1255 3432 1458 3514; x_wconf 84' lang='lat' dir='ltr'>scripturas,</span> <span class='ocrx_word' id='word_1_239' title='bbox 1484 3451 1575 3513; x_wconf 91' lang='lat' dir='ltr'>quae</span> 
     </span>
     <span class='ocr_line' id='line_1_29' title="bbox 295 3539 1575 3624; baseline -0.005 -19"><span class='ocrx_word' id='word_1_240' title='bbox 295 3562 406 3624; x_wconf 89' lang='lat' dir='ltr'>usque</span> <span class='ocrx_word' id='word_1_241' title='bbox 436 3540 472 3602; x_wconf 93' lang='lat' dir='ltr'>in</span> <span class='ocrx_word' id='word_1_242' title='bbox 500 3542 592 3602; x_wconf 91' lang='lat' dir='ltr'>hunc</span> <span class='ocrx_word' id='word_1_243' title='bbox 618 3540 725 3622; x_wconf 89' lang='lat' dir='ltr'>diem,</span> <span class='ocrx_word' id='word_1_244' title='bbox 754 3561 775 3602; x_wconf 93' lang='lat' dir='ltr'>a</span> <span class='ocrx_word' id='word_1_245' title='bbox 806 3540 961 3602; x_wconf 90' lang='lat' dir='ltr'>Martino</span> <span class='ocrx_word' id='word_1_246' title='bbox 988 3541 1161 3621; x_wconf 85' lang='lat' dir='ltr'>Luther0,</span> <span class='ocrx_word' id='word_1_247' title='bbox 1197 3551 1233 3604; x_wconf 89' lang='lat' dir='ltr'>et</span> <span class='ocrx_word' id='word_1_248' title='bbox 1256 3543 1321 3603; x_wconf 90' lang='lat' dir='ltr'>sub</span> <span class='ocrx_word' id='word_1_249' title='bbox 1346 3561 1410 3603; x_wconf 90' lang='lat' dir='ltr'>suo</span> <span class='ocrx_word' id='word_1_250' title='bbox 1434 3539 1575 3602; x_wconf 87' lang='lat' dir='ltr'>nominc</span> 
     </span>
     <span class='ocr_line' id='line_1_30' title="bbox 294 3646 1575 3729; baseline -0.004 -17"><span class='ocrx_word' id='word_1_251' title='bbox 294 3660 366 3712; x_wconf 91' lang='lat' dir='ltr'>tam</span> <span class='ocrx_word' id='word_1_252' title='bbox 382 3647 507 3709; x_wconf 84' lang='lat' dir='ltr'>Latine</span> <span class='ocrx_word' id='word_1_253' title='bbox 532 3667 636 3728; x_wconf 91' lang='lat' dir='ltr'>quam</span> <span class='ocrx_word' id='word_1_254' title='bbox 652 3646 865 3710; x_wconf 86' lang='lat' dir='ltr'>Germanice</span> <span class='ocrx_word' id='word_1_255' title='bbox 889 3648 1083 3729; x_wconf 86' lang='lat' dir='ltr'>praemisso</span> <span class='ocrx_word' id='word_1_256' title='bbox 1102 3650 1206 3711; x_wconf 91' lang='lat' dir='ltr'>modo</span> <span class='ocrx_word' id='word_1_257' title='bbox 1223 3648 1319 3729; x_wconf 90' lang='lat' dir='ltr'>editi,</span> <span class='ocrx_word' id='word_1_258' title='bbox 1344 3647 1466 3728; x_wconf 86' lang='lat' dir='ltr'>scripti</span> <span class='ocrx_word' id='word_1_259' title='bbox 1484 3657 1575 3727; x_wconf 92' lang='lat' dir='ltr'>sunt,</span> 
     </span>
     <span class='ocr_line' id='line_1_31' title="bbox 294 3754 1574 3837; baseline -0.002 -19"><span class='ocrx_word' id='word_1_260' title='bbox 294 3766 400 3837; x_wconf 89' lang='lat' dir='ltr'>atque</span> <span class='ocrx_word' id='word_1_261' title='bbox 430 3754 610 3835; x_wconf 88' lang='lat' dir='ltr'>impressi;</span> <span class='ocrx_word' id='word_1_262' title='bbox 647 3754 812 3835; x_wconf 82' lang='lat' dir='ltr'>quoniam</span> <span class='ocrx_word' id='word_1_263' title='bbox 838 3755 1006 3836; x_wconf 88' lang='lat' dir='ltr'>ejusmodi</span> <span class='ocrx_word' id='word_1_264' title='bbox 1032 3776 1155 3818; x_wconf 88' lang='lat' dir='ltr'>omnes</span> <span class='ocrx_word' id='word_1_265' title='bbox 1184 3755 1218 3818; x_wconf 91' lang='lat' dir='ltr'>in</span> <span class='ocrx_word' id='word_1_266' title='bbox 1243 3755 1454 3836; x_wconf 88' lang='lat' dir='ltr'>Apostolica</span> <span class='ocrx_word' id='word_1_267' title='bbox 1478 3755 1574 3816; x_wconf 90' lang='lat' dir='ltr'>bulla</span> 
     </span>
     <span class='ocr_line' id='line_1_32' title="bbox 294 3860 1575 3942; baseline -0.001 -19"><span class='ocrx_word' id='word_1_268' title='bbox 294 3860 451 3925; x_wconf 85' lang='lat' dir='ltr'>damnati</span> <span class='ocrx_word' id='word_1_269' title='bbox 479 3870 514 3923; x_wconf 91' lang='lat' dir='ltr'>et</span> <span class='ocrx_word' id='word_1_270' title='bbox 544 3861 714 3942; x_wconf 89' lang='lat' dir='ltr'>prohibiti</span> <span class='ocrx_word' id='word_1_271' title='bbox 739 3871 840 3940; x_wconf 88' lang='lat' dir='ltr'>sunt,</span> <span class='ocrx_word' id='word_1_272' title='bbox 876 3871 913 3923; x_wconf 90' lang='lat' dir='ltr'>et</span> <span class='ocrx_word' id='word_1_273' title='bbox 937 3863 1046 3924; x_wconf 88' lang='lat' dir='ltr'>multa</span> <span class='ocrx_word' id='word_1_274' title='bbox 1069 3871 1193 3925; x_wconf 87' lang='lat' dir='ltr'>contra</span> <span class='ocrx_word' id='word_1_275' title='bbox 1217 3871 1374 3924; x_wconf 88' lang='lat' dir='ltr'>nostram</span> <span class='ocrx_word' id='word_1_276' title='bbox 1402 3865 1575 3924; x_wconf 89' lang='lat' dir='ltr'>hactenus</span> 
     </span>
     <span class='ocr_line' id='line_1_33' title="bbox 295 3968 1574 4051; baseline -0.002 -19"><span class='ocrx_word' id='word_1_277' title='bbox 295 3968 475 4047; x_wconf 87' lang='lat' dir='ltr'>creditam,</span> <span class='ocrx_word' id='word_1_278' title='bbox 505 3979 541 4030; x_wconf 94' lang='lat' dir='ltr'>et</span> <span class='ocrx_word' id='word_1_279' title='bbox 564 3970 790 4033; x_wconf 83' lang='lat' dir='ltr'>observatam</span> <span class='ocrx_word' id='word_1_280' title='bbox 814 3968 932 4047; x_wconf 88' lang='lat' dir='ltr'>fidem,</span> <span class='ocrx_word' id='word_1_281' title='bbox 960 3971 1070 4049; x_wconf 78' lang='lat' dir='ltr'>leges,</span> <span class='ocrx_word' id='word_1_282' title='bbox 1095 3979 1131 4031; x_wconf 92' lang='lat' dir='ltr'>et</span> <span class='ocrx_word' id='word_1_283' title='bbox 1154 3969 1241 4032; x_wconf 90' lang='lat' dir='ltr'>ritus</span> <span class='ocrx_word' id='word_1_284' title='bbox 1266 3969 1458 4046; x_wconf 89' lang='lat' dir='ltr'>continent,</span> <span class='ocrx_word' id='word_1_285' title='bbox 1482 3968 1574 4051; x_wconf 73' lang='lat' dir='ltr'>(Non</span> 
     </span>
     <span class='ocr_line' id='line_1_34' title="bbox 295 4075 1576 4157; baseline -0.002 -18"><span class='ocrx_word' id='word_1_286' title='bbox 295 4080 476 4155; x_wconf 90' lang='lat' dir='ltr'>obstante,</span> <span class='ocrx_word' id='word_1_287' title='bbox 513 4075 541 4139; x_wconf 93' lang='lat' dir='ltr'>si</span> <span class='ocrx_word' id='word_1_288' title='bbox 572 4096 663 4157; x_wconf 89' lang='lat' dir='ltr'>quae</span> <span class='ocrx_word' id='word_1_289' title='bbox 694 4076 728 4138; x_wconf 91' lang='lat' dir='ltr'>in</span> <span class='ocrx_word' id='word_1_290' title='bbox 760 4075 938 4157; x_wconf 87' lang='lat' dir='ltr'>aliquibus</span> <span class='ocrx_word' id='word_1_291' title='bbox 971 4077 1143 4140; x_wconf 89' lang='lat' dir='ltr'>eiusmodi</span> <span class='ocrx_word' id='word_1_292' title='bbox 1177 4076 1292 4157; x_wconf 84' lang='lat' dir='ltr'>libris,</span> <span class='ocrx_word' id='word_1_293' title='bbox 1327 4085 1363 4139; x_wconf 90' lang='lat' dir='ltr'>et</span> <span class='ocrx_word' id='word_1_294' title='bbox 1393 4075 1576 4157; x_wconf 86' lang='lat' dir='ltr'>scripturis</span> 
     </span>
     <span class='ocr_line' id='line_1_35' title="bbox 295 4182 1573 4265; baseline -0.002 -18"><span class='ocrx_word' id='word_1_295' title='bbox 295 4188 411 4247; x_wconf 93' lang='lat' dir='ltr'>bonae</span> <span class='ocrx_word' id='word_1_296' title='bbox 435 4182 619 4245; x_wconf 89' lang='lat' dir='ltr'>doctrinae</span> <span class='ocrx_word' id='word_1_297' title='bbox 644 4194 679 4245; x_wconf 90' lang='lat' dir='ltr'>et</span> <span class='ocrx_word' id='word_1_298' title='bbox 703 4182 941 4246; x_wconf 88' lang='lat' dir='ltr'>institutiones</span> <span class='ocrx_word' id='word_1_299' title='bbox 966 4184 1133 4247; x_wconf 89' lang='lat' dir='ltr'>inductae</span> <span class='ocrx_word' id='word_1_300' title='bbox 1158 4193 1287 4263; x_wconf 89' lang='lat' dir='ltr'>essent,</span> <span class='ocrx_word' id='word_1_301' title='bbox 1318 4192 1454 4246; x_wconf 90' lang='lat' dir='ltr'>attento</span> <span class='ocrx_word' id='word_1_302' title='bbox 1479 4185 1573 4265; x_wconf 90' lang='lat' dir='ltr'>quod</span> 
     </span>
     <span class='ocr_line' id='line_1_36' title="bbox 296 4288 1575 4373; baseline 0.002 -22"><span class='ocrx_word' id='word_1_303' title='bbox 296 4289 377 4352; x_wconf 88' lang='lat' dir='ltr'>illae</span> <span class='ocrx_word' id='word_1_304' title='bbox 401 4289 470 4353; x_wconf 92' lang='lat' dir='ltr'>sint</span> <span class='ocrx_word' id='word_1_305' title='bbox 495 4309 572 4351; x_wconf 91' lang='lat' dir='ltr'>cum</span> <span class='ocrx_word' id='word_1_306' title='bbox 596 4289 714 4351; x_wconf 93' lang='lat' dir='ltr'>multis</span> <span class='ocrx_word' id='word_1_307' title='bbox 737 4290 838 4351; x_wconf 91' lang='lat' dir='ltr'>malis</span> <span class='ocrx_word' id='word_1_308' title='bbox 862 4290 1062 4373; x_wconf 86' lang='lat' dir='ltr'>permixtae</span> <span class='ocrx_word' id='word_1_309' title='bbox 1087 4290 1288 4371; x_wconf 90' lang='lat' dir='ltr'>sententiis,</span> <span class='ocrx_word' id='word_1_310' title='bbox 1322 4301 1358 4353; x_wconf 94' lang='lat' dir='ltr'>et</span> <span class='ocrx_word' id='word_1_311' title='bbox 1381 4288 1575 4373; x_wconf 81' lang='lat' dir='ltr'>erroribus)</span> 
     </span>
     <span class='ocr_line' id='line_1_37' title="bbox 295 4395 1575 4480; baseline 0.001 -22"><span class='ocrx_word' id='word_1_312' title='bbox 295 4406 381 4477; x_wconf 92' lang='lat' dir='ltr'>quot</span> <span class='ocrx_word' id='word_1_313' title='bbox 411 4406 496 4477; x_wconf 92' lang='lat' dir='ltr'>quot</span> <span class='ocrx_word' id='word_1_314' title='bbox 521 4416 641 4458; x_wconf 89' lang='lat' dir='ltr'>eorum</span> <span class='ocrx_word' id='word_1_315' title='bbox 673 4397 829 4477; x_wconf 88' lang='lat' dir='ltr'>habetis,</span> <span class='ocrx_word' id='word_1_316' title='bbox 866 4397 1070 4460; x_wconf 91' lang='lat' dir='ltr'>nominatim</span> <span class='ocrx_word' id='word_1_317' title='bbox 1094 4418 1175 4477; x_wconf 88' lang='lat' dir='ltr'>vos,</span> <span class='ocrx_word' id='word_1_318' title='bbox 1208 4397 1267 4479; x_wconf 93' lang='lat' dir='ltr'>qui</span> <span class='ocrx_word' id='word_1_319' title='bbox 1291 4395 1575 4480; x_wconf 88' lang='lat' dir='ltr'>superioritatem</span> 
     </span>
     <span class='ocr_line' id='line_1_38' title="bbox 295 4501 1574 4585; baseline 0.001 -21"><span class='ocrx_word' id='word_1_320' title='bbox 295 4502 450 4581; x_wconf 79' lang='lat' dir='ltr'>habetiS,</span> <span class='ocrx_word' id='word_1_321' title='bbox 484 4501 519 4564; x_wconf 93' lang='lat' dir='ltr'>in</span> <span class='ocrx_word' id='word_1_322' title='bbox 552 4503 681 4565; x_wconf 90' lang='lat' dir='ltr'>vestris</span> <span class='ocrx_word' id='word_1_323' title='bbox 713 4503 873 4566; x_wconf 90' lang='lat' dir='ltr'>manibus</span> <span class='ocrx_word' id='word_1_324' title='bbox 905 4503 1059 4585; x_wconf 84' lang='lat' dir='ltr'>propriis</span> <span class='ocrx_word' id='word_1_325' title='bbox 1090 4504 1256 4584; x_wconf 91' lang='lat' dir='ltr'>servetis,</span> <span class='ocrx_word' id='word_1_326' title='bbox 1290 4514 1325 4567; x_wconf 91' lang='lat' dir='ltr'>et</span> <span class='ocrx_word' id='word_1_327' title='bbox 1355 4525 1420 4567; x_wconf 88' lang='lat' dir='ltr'>vos</span> <span class='ocrx_word' id='word_1_328' title='bbox 1450 4503 1510 4565; x_wconf 90' lang='lat' dir='ltr'>alii</span> <span class='ocrx_word' id='word_1_329' title='bbox 1541 4503 1574 4566; x_wconf 91' lang='lat' dir='ltr'>in</span> 
     </span>
     <span class='ocr_line' id='line_1_39' title="bbox 295 4608 1575 4692; baseline 0.002 -22"><span class='ocrx_word' id='word_1_330' title='bbox 295 4609 458 4671; x_wconf 89' lang='lat' dir='ltr'>omnibus</span> <span class='ocrx_word' id='word_1_331' title='bbox 481 4609 639 4689; x_wconf 88' lang='lat' dir='ltr'>arcibus,</span> <span class='ocrx_word' id='word_1_332' title='bbox 664 4608 883 4690; x_wconf 87' lang='lat' dir='ltr'>civitatibus,</span> <span class='ocrx_word' id='word_1_333' title='bbox 908 4610 1066 4692; x_wconf 83' lang='lat' dir='ltr'>oppidis,</span> <span class='ocrx_word' id='word_1_334' title='bbox 1093 4621 1128 4673; x_wconf 89' lang='lat' dir='ltr'>et</span> <span class='ocrx_word' id='word_1_335' title='bbox 1152 4610 1246 4673; x_wconf 91' lang='lat' dir='ltr'>villis</span> <span class='ocrx_word' id='word_1_336' title='bbox 1269 4611 1468 4673; x_wconf 90' lang='lat' dir='ltr'>huiusmodi</span> <span class='ocrx_word' id='word_1_337' title='bbox 1493 4611 1575 4673; x_wconf 90' lang='lat' dir='ltr'>scri·</span> 
     </span>
     <span class='ocr_line' id='line_1_40' title="bbox 295 4717 1577 4800; baseline 0.002 -22"><span class='ocrx_word' id='word_1_338' title='bbox 295 4726 431 4797; x_wconf 88' lang='lat' dir='ltr'>pturas,</span> <span class='ocrx_word' id='word_1_339' title='bbox 466 4727 501 4779; x_wconf 92' lang='lat' dir='ltr'>et</span> <span class='ocrx_word' id='word_1_340' title='bbox 531 4717 642 4779; x_wconf 91' lang='lat' dir='ltr'>libros</span> <span class='ocrx_word' id='word_1_341' title='bbox 674 4717 820 4779; x_wconf 90' lang='lat' dir='ltr'>cuilibet</span> <span class='ocrx_word' id='word_1_342' title='bbox 847 4727 990 4780; x_wconf 91' lang='lat' dir='ltr'>nostrae</span> <span class='ocrx_word' id='word_1_343' title='bbox 1014 4719 1271 4800; x_wconf 88' lang='lat' dir='ltr'>superioritati,</span> <span class='ocrx_word' id='word_1_344' title='bbox 1302 4720 1338 4782; x_wconf 92' lang='lat' dir='ltr'>in</span> <span class='ocrx_word' id='word_1_345' title='bbox 1362 4718 1577 4781; x_wconf 90' lang='lat' dir='ltr'>continentis</span> 
     </span>
     <span class='ocr_line' id='line_1_41' title="bbox 295 4823 1574 4911; baseline -0.003 -20"><span class='ocrx_word' id='word_1_346' title='bbox 295 4823 349 4891; x_wconf 84' lang='lat' dir='ltr'>his</span> <span class='ocrx_word' id='word_1_347' title='bbox 372 4824 499 4887; x_wconf 91' lang='lat' dir='ltr'>litteris</span> <span class='ocrx_word' id='word_1_348' title='bbox 524 4823 607 4887; x_wconf 88' lang='lat' dir='ltr'>visis</span> <span class='ocrx_word' id='word_1_349' title='bbox 630 4824 855 4907; x_wconf 79' lang='lat' dir='ltr'>presentetis,</span> <span class='ocrx_word' id='word_1_350' title='bbox 888 4834 923 4887; x_wconf 86' lang='lat' dir='ltr'>et</span> <span class='ocrx_word' id='word_1_351' title='bbox 947 4824 1122 4889; x_wconf 86' lang='lat' dir='ltr'>offeratis:</span> <span class='ocrx_word' id='word_1_352' title='bbox 1163 4826 1207 4889; x_wconf 86' lang='lat' dir='ltr'>Et</span> <span class='ocrx_word' id='word_1_353' title='bbox 1232 4825 1361 4889; x_wconf 87' lang='lat' dir='ltr'>deinde</span> <span class='ocrx_word' id='word_1_354' title='bbox 1386 4846 1451 4890; x_wconf 90' lang='lat' dir='ltr'>vos</span> <span class='ocrx_word' id='word_1_355' title='bbox 1474 4846 1574 4911; x_wconf 89' lang='lat' dir='ltr'>supe·</span> 
     </span>
    </p>
   </div>
   <div class='ocr_carea' id='block_1_5' title="bbox 0 0 1784 5734">
    <p class='ocr_par' dir='ltr' id='par_1_5' title="bbox 0 0 1784 5734">
     <span class='ocr_line' id='line_1_42' title="bbox 0 0 1784 5734; baseline 0 0"><span class='ocrx_word' id='word_1_356' title='bbox 0 0 1784 5734; x_wconf 95' lang='lat' dir='ltr'> </span> 
     </span>
    </p>
   </div>
  </div>
 </body>
</html>
