3559 5734
694 532 941 590 ‘hildolffl

179 679 246 759 eiS,
283 682 330 742 ob
363 700 467 762 quam
499 700 610 761 usque
638 681 730 742 adeo
766 681 912 742 turbant
944 680 1122 762 publicam
1155 678 1458 761 tranquillitatem,

180 786 264 850 nihil
290 788 393 850 veriti
417 809 456 851 se
480 807 665 870 opponere
688 796 742 851 tot
766 786 1012 869 Principibus,
1037 787 1101 850 toti
1135 786 1290 867 denique
1314 786 1458 867 svevico

181 893 326 974 foederi,
342 894 378 957 in
395 915 464 976 quo
483 915 551 977 ego
568 903 689 976 partes
706 915 777 958 non
793 904 899 957 teneo
917 905 1129 977 postremas;
1154 893 1459 976 persuasissimum

180 1003 314 1063 habent
345 1022 384 1064 se
417 1001 486 1064 Der
515 1002 697 1083 negotium
722 1021 831 1083 agere
856 1001 890 1065 in
915 1002 1069 1084 templis,
1093 1001 1293 1081 coenobiis,
1324 1021 1459 1063 monas·

180 1108 277 1172 teriis
301 1108 493 1189 diruendis,
518 1108 797 1190 spoliandisque,
822 1120 857 1172 et
880 1108 1008 1172 misere
1039 1106 1242 1188 affligendis
1270 1106 1461 1170 sacerdoti·

181 1217 261 1294 bus,
299 1216 427 1297 quibus
456 1227 603 1297 recepta
636 1226 672 1279 et
704 1217 852 1298 placens
882 1217 934 1278 illi
963 1237 1058 1279 nova
1090 1214 1265 1278 institutio
1291 1215 1325 1277 in
1351 1213 1461 1277 sacris

180 1326 287 1385 rebus
310 1322 506 1386 tractandis
530 1343 600 1385 non
623 1325 751 1405 placet.
812 1322 962 1386 Centum
993 1333 1030 1386 et
1057 1321 1208 1404 amplius
1235 1321 1364 1405 viginti
1386 1321 1460 1383 Mo-

183 1430 338 1493 nasteria
361 1430 515 1511 insignia
531 1440 567 1493 et
581 1429 763 1492 Ecclesiae
789 1449 857 1492 non
884 1429 1076 1493 illaudatae
1101 1430 1219 1493 iacent
1241 1427 1310 1492 iam
1334 1429 1462 1511 partim

180 1536 338 1599 funditus
369 1555 510 1616 eversa,
546 1537 674 1618 partim
711 1536 761 1599 ita
791 1536 908 1599 diruta
946 1547 984 1600 ut
1022 1536 1110 1600 nulli
1142 1536 1218 1600 usui
1247 1537 1316 1599 sint
1343 1535 1463 1598 futura

181 1646 289 1726 longo
313 1653 490 1726 tempore;
515 1664 597 1707 nam
620 1664 687 1726 per
709 1643 911 1707 universam
932 1642 1098 1707 Sveviam
1116 1664 1207 1726 quae
1223 1653 1277 1706 est
1293 1642 1463 1706 latissima

183 1750 293 1833 regio,
318 1760 354 1814 et
377 1750 529 1814 nominis
552 1751 736 1833 praecipui
760 1751 795 1815 in
827 1752 894 1814 hac
926 1750 1143 1833 amplissima
1173 1749 1336 1831 natione,
1371 1748 1460 1831 quic-

182 1856 265 1939 quid
289 1860 464 1920 bonorum
488 1866 565 1920 erat
587 1857 780 1941 praecipue
804 1857 1000 1940 Regularis
1024 1857 1127 1937 cleri,
1160 1878 1238 1920 cum
1263 1858 1461 1940 prophana·

182 1965 225 2026 tis
249 1964 360 2027 sacris
384 1965 513 2047 impiae
537 1986 661 2028 manus
686 1966 877 2029 demolitae
901 1974 992 2029 sunt.
1039 1964 1084 2027 Et
1105 1964 1140 2026 in
1158 1964 1360 2046 principatu
1383 1983 1462 2025 meo

183 2071 513 2154 Wirtembergensi,
538 2073 634 2135 haud
662 2072 786 2135 saciati
810 2081 863 2135 tot
890 2073 984 2136 mala
1014 2092 1053 2135 se
1085 2071 1181 2134 clero
1210 2070 1341 2154 passim
1373 2070 1462 2131 intu-

182 2178 282 2257 lisse,
312 2179 435 2260 paucis
459 2178 595 2261 aliquot
627 2181 661 2242 in
692 2178 763 2243 fide
788 2179 930 2261 oppidis
954 2178 1198 2259 manentibus,
1227 2176 1311 2240 mihi
1335 2178 1463 2239 condu-

182 2284 359 2367 plicarunt
385 2286 577 2369 negotium.
624 2287 729 2351 Adeo
755 2288 849 2368 quod
874 2285 1030 2350 Svevico
1071 2284 1193 2348 oederi
1217 2284 1361 2347 summis
1385 2283 1463 2346 viri·

185 2395 250 2456 bus
288 2394 544 2457 occurrendum
573 2392 657 2474 fuit,
689 2415 735 2456 ne
772 2403 883 2456 totum
914 2395 1009 2456 hunc
1037 2392 1281 2475 Principatum
1314 2392 1465 2454 factiosa

185 2499 238 2562 vis
263 2509 476 2582 occuparet,
500 2500 535 2562 in
560 2521 631 2581 qua
660 2500 894 2583 opprimenda
923 2501 1005 2564 dum
1037 2499 1207 2563 acerrime
1240 2501 1397 2579 laborat,
1428 2498 1463 2560 in

185 2606 302 2669 multis
325 2605 402 2670 aliis
426 2608 514 2671 locis
537 2608 709 2671 factiosae
733 2609 878 2671 rebellis
907 2610 1031 2692 populi
1062 2608 1225 2689 legiones
1253 2628 1316 2670 suo
1348 2607 1465 2669 animo

185 2717 490 2796 obtemperarunt,
524 2715 612 2778 nihil
646 2735 716 2778 non
745 2714 931 2794 facientes,
955 2716 1051 2798 quod
1076 2716 1121 2777 ad
1144 2714 1279 2777 ruinam
1306 2714 1390 2776 cleri
1415 2721 1465 2775 ut-

185 2841 333 2902 cumque
358 2821 503 2885 faceret.
551 2822 643 2884 Hinc
668 2822 801 2885 sactum
832 2823 928 2904 quod
952 2822 1151 2905 Episcopus
1183 2820 1467 2885 Constantiensis

186 2927 257 2990 suis
282 2928 425 3009 oppidis
449 2929 632 3011 spoliatus
657 2949 702 2992 ne
723 2949 802 2992 cum
819 2930 984 2992 universo
1002 2932 1099 2993 clero
1116 2951 1179 2992 suo
1196 2928 1467 3011 periclitaretur,

187 3035 409 3098 conditiones
433 3035 600 3116 indignas
624 3036 814 3120 acciperet.
862 3035 963 3117 Quae
988 3038 1082 3118 apud
1117 3036 1354 3119 Argentinam
1387 3045 1467 3098 acta

185 3142 264 3223 sint,
290 3143 401 3224 pudet
425 3143 570 3222 referre,
595 3164 767 3225 nusquam
791 3145 950 3207 locorum
975 3144 1089 3226 magis
1115 3153 1169 3207 est
1193 3153 1314 3221 spreta
1338 3142 1465 3223 religio

186 3270 290 3331 quam
312 3248 399 3321 illic:
425 3259 460 3312 et
477 3250 792 3333 Argentinensium
817 3254 984 3333 exemplo
1000 3251 1108 3313 vicini
1127 3252 1249 3334 populi
1269 3250 1468 3313 Marchiani

187 3357 386 3437 Badenses,
417 3367 455 3419 ut
484 3360 530 3419 ab
555 3378 625 3419 uva
649 3366 814 3420 contacta
838 3358 931 3420 solet
955 3358 1107 3421 livorem
1134 3361 1264 3421 ducere
1288 3379 1376 3440 uva,
1410 3358 1468 3419 ad·

187 3484 310 3526 versus
341 3463 543 3546 Principem
572 3484 672 3527 suum
696 3463 941 3528 Marchionem
967 3466 1170 3547 Philippum
1205 3466 1467 3546 insurexerunt,

188 3571 246 3652 qui
270 3572 362 3633 adeo
387 3580 570 3634 mansuete
595 3572 766 3634 hactenus
802 3573 972 3654 populum
997 3593 1115 3653 suum,
1149 3583 1186 3636 ut
1211 3573 1239 3636 si
1264 3573 1342 3654 quis
1366 3572 1467 3652 aliua,

189 3679 380 3743 direxerat.
427 3677 530 3741 Hunc
556 3699 576 3740 e
600 3677 721 3760 Regia
756 3699 820 3742 sua
851 3681 1111 3761 propemodum
1139 3680 1367 3760 deiecissent,
1398 3679 1467 3741 iam

188 3785 290 3848 terris
315 3785 392 3848 eius
416 3785 575 3866 locisque
599 3784 678 3847 aliis
701 3785 736 3847 in
760 3794 977 3866 potestatem
1001 3807 1100 3850 suam
1123 3787 1295 3866 redactis,
1319 3785 1385 3849 nisi
1410 3807 1468 3848 ex·

188 3892 387 3955 terminium
411 3891 554 3973 fugiens
579 3891 830 3972 certissimum,
870 3894 1028 3975 acceptis
1051 3894 1171 3957 itidem
1205 3914 1377 3976 perquam
1409 3892 1469 3955 ini·

189 4000 265 4080 quis
300 3998 582 4079 conditionibus,
625 4019 663 4061 se
700 4000 865 4080 populari
900 4001 1077 4063 voluntati
1112 4001 1327 4063 tradidisset.
1384 3999 1472 4063 Mox

188 4105 342 4187 proximi
366 4104 498 4168 subditi
521 4105 691 4187 Episcopi
716 4103 895 4187 Spirensis
918 4106 955 4169 in
980 4128 1079 4169 suum
1098 4128 1238 4189 quoque
1255 4107 1471 4190 Episcopum

188 4223 223 4275 et
255 4215 386 4277 clerum
411 4233 510 4275 arma
545 4221 760 4294 acceperunt
790 4224 898 4294 atque
923 4213 1057 4276 aulicos
1080 4214 1246 4294 Nobiles,
1282 4214 1348 4277 etsi
1373 4215 1470 4276 Elec·

187 4321 274 4384 toris
305 4319 460 4383 Palatini
488 4319 599 4382 frater
629 4329 738 4398 esset,
774 4329 809 4382 et
833 4319 882 4381 illi
906 4319 1044 4382 vicinus
1073 4321 1229 4394 omnino;
1264 4330 1471 4402 tantumque

189 4427 239 4490 eis
263 4428 434 4490 successit
456 4446 534 4507 res,
570 4436 608 4489 ut
630 4425 744 4508 ipsum
769 4424 837 4487 sibi
865 4426 1126 4507 coniungerent
1156 4429 1201 4490 ad
1230 4428 1471 4491 invadendum

189 4554 254 4616 per
277 4534 399 4598 Rheni
423 4542 575 4596 tractum
599 4535 823 4596 sacerdotum
847 4552 922 4606 res;
947 4534 1042 4615 quod
1067 4555 1138 4597 non
1159 4534 1273 4598 minus
1298 4535 1473 4598 foeliciter

187 4640 254 4704 illis
278 4640 446 4722 contigit,
471 4661 552 4703 nam
568 4642 649 4702 dum
667 4660 786 4703 comes
803 4639 947 4702 Elector
971 4640 1155 4705 Palatinus
1172 4663 1314 4705 suorum
1331 4663 1472 4724 quoque

187 4748 371 4809 tumultum
396 4756 602 4810 exerentem
626 4767 664 4809 se
688 4746 757 4808 iam
781 4745 982 4833 formidans
1006 4749 1125 4812 studet
1149 4770 1231 4812 suos
1256 4769 1400 4812 servare
1437 4749 1470 4810 in

188 4852 461 4936 tranquillitate,
501 4853 619 4917 factae
652 4863 733 4915 sunt
763 4852 924 4937 legiones
962 4858 1155 4937 populares
1183 4855 1257 4918 voti
1291 4855 1344 4918 sui
1376 4858 1470 4937 apud
