3559 5734
785 470 1033 535 ὑ-ὓΒὸΗΜ

270 637 338 684 one
361 620 438 684 loro
463 631 499 684 et
530 620 700 686 talmente
732 625 797 687 che
831 625 891 689 dia
926 624 1083 707 esempio
1119 620 1179 687 alli
1214 620 1304 690 altri.
1359 619 1405 686 Et
1434 619 1552 706 perh&

269 728 414 792 intendo
449 731 515 791 che
550 731 596 793 ha
628 732 711 794 dato
744 732 990 796 commissione
1022 734 1055 795 al
1084 732 1282 813 regimento
1307 733 1352 795 de
1376 731 1552 813 Inspruch

271 835 479 917 Stutgardia
507 848 542 899 et
567 839 599 899 di
626 838 766 901 Alsatia
790 841 856 901 che
880 860 953 902 non
975 839 1164 902 manchino
1189 838 1225 900 di
1253 848 1344 902 tutto
1373 840 1491 920 quello
1524 837 1552 900 li

271 965 357 1026 pare
387 946 587 1007 necessario
621 966 686 1027 per
715 946 792 1009 fare
824 956 950 1029 questa
976 947 1146 1029 impressa,
1176 955 1211 1010 et
1241 948 1355 1009 anche
1386 947 1432 1008 ha
1459 943 1553 1007 fatte

270 1056 388 1115 buone
412 1052 607 1133 provisioni
640 1057 675 1115 in
709 1056 743 1116 lo
773 1056 903 1118 ducato
928 1055 973 1117 de
999 1054 1252 1135 Virtemberga
1273 1072 1340 1133 per
1355 1051 1410 1115 iar
1425 1051 1555 1114 riuscir

271 1159 295 1221 li
319 1158 521 1221 movimenti
546 1170 581 1223 et
612 1161 731 1224 conati
765 1161 801 1223 di
835 1163 918 1243 quel
953 1163 1055 1225 Duca
1089 1161 1192 1243 vani,
1227 1171 1263 1224 ct
1298 1182 1335 1224 se
1371 1158 1553 1240 castigari

272 1265 380 1348 quelli
404 1265 527 1330 villani
552 1265 632 1329 sara
655 1268 750 1330 bono
775 1269 942 1350 exemplo
966 1268 1027 1331 alli
1050 1267 1142 1347 altri,
1167 1277 1202 1331 et
1225 1267 1334 1330 credo
1358 1268 1393 1329 lo
1416 1265 1503 1329 fari.

361 1372 442 1434 Non
471 1373 489 1435 ὲ
521 1394 627 1436 sanza
658 1374 862 1456 suspicione
894 1378 959 1438 che
994 1376 1017 1439 li
1048 1375 1252 1439 movimenti
1281 1375 1316 1436 di
1341 1376 1423 1455 quel
1447 1374 1554 1435 Duca

273 1479 372 1541 sieno
397 1499 463 1542 con
489 1479 717 1561 intelligenza
741 1480 776 1542 di
800 1482 946 1561 Franza,
971 1503 991 1544 e
1015 1482 1040 1544 il
1064 1484 1163 1545 detto
1183 1484 1285 1545 Duca
1308 1481 1345 1544 fa
1361 1501 1452 1563 gran
1474 1480 1552 1543 fon-

274 1588 440 1649 damento
472 1586 506 1648 in
541 1588 656 1668 questi
681 1589 857 1651 lutherani
883 1599 918 1651 et
949 1589 1056 1652 tirase
1089 1591 1171 1670 quel
1203 1588 1342 1670 seguito
1374 1608 1442 1651 con
1470 1606 1552 1669 pro·

274 1691 426 1756 metterli
449 1694 540 1756 darli
563 1694 599 1757 in
623 1698 736 1777 preda
759 1696 783 1759 li
807 1695 890 1758 beni
919 1698 964 1759 de
988 1696 1070 1758 tutti
1100 1696 1209 1777 quelli
1246 1695 1372 1777 ricchi,
1408 1704 1444 1757 et
1478 1697 1553 1756 cosi

273 1803 366 1863 vedo
390 1821 455 1881 per
479 1800 619 1864 diverse
642 1803 700 1865 vie
725 1801 949 1865 cominciarsi
973 1802 1007 1866 in
1033 1813 1159 1884 questa
1173 1801 1365 1865 Germania
1389 1822 1435 1864 un
1461 1820 1552 1883 gran

274 1909 432 1972 tumulto.

363 2016 408 2078 V.
433 2014 469 2081 S.
494 2017 626 2079 haverh
657 2017 789 2079 veduto
819 2018 902 2098 quel
934 2018 1001 2079 che
1024 2016 1054 2080 si
1078 2017 1096 2080 ὲ
1120 2015 1211 2079 fatto
1237 2015 1353 2097 questi
1377 2013 1493 2097 giomi
1514 2012 1552 2075 in

275 2124 536 2205 Magdeburge,
561 2144 668 2204 sopra
691 2126 727 2186 la
751 2125 834 2205 qual
858 2145 943 2188 cosa
967 2126 1014 2185 ho
1045 2126 1171 2187 lettere
1201 2126 1259 2186 dal
1284 2124 1379 2186 Rmo
1403 2123 1553 2203 Magun·

275 2231 360 2308 tin0‚
385 2231 409 2293 il
434 2233 538 2312 quale
562 2230 608 2292 mi
633 2230 793 2294 ricercha
816 2232 931 2312 prima
954 2231 1008 2293 ch’
1026 2230 1060 2294 io
1085 2231 1243 2294 dechiari
1272 2230 1402 2293 dictam
1435 2229 1554 2291 civita·

277 2349 347 2401 tem
373 2338 569 2400 subiectam
585 2337 775 2401 interdicto
800 2347 836 2400 et
860 2338 940 2401 illos
964 2337 1153 2401 incurrisse
1177 2358 1312 2419 paenas
1336 2349 1371 2399 et
1385 2355 1555 2399 censuras

277 2447 395 2507 bullae
419 2444 559 2507 Leonis.
599 2444 628 2507 Il
645 2445 711 2506 che
727 2444 805 2507 faro
823 2445 973 2508 servatis
990 2443 1175 2508 servandis
1190 2444 1321 2527 perche
1339 2443 1357 2505 ὲ
1375 2442 1555 2506 notorium

276 2551 360 2615 facti
377 2550 635 2632 permanentis;
660 2571 698 2613 se
722 2550 870 2614 haveria
893 2560 1039 2633 possuto
1063 2550 1140 2615 fare
1165 2551 1257 2613 senz'
1287 2553 1390 2630 altr0,
1414 2570 1481 2631 pur
1506 2549 1553 2610 ad

278 2659 516 2723 abundantem
541 2660 717 2720 cautelam
741 2657 819 2721 sarh
843 2678 914 2721 uno
939 2658 1126 2722 monitorio
1150 2660 1195 2721 ad
1221 2660 1420 2721 docendum
1444 2676 1556 2738 quare

278 2776 343 2830 etc.
390 2765 436 2827 Et
458 2765 770 2828 medesimamente
795 2765 948 2828 sollicita
970 2765 1031 2847 poi
1055 2765 1091 2828 di
1114 2767 1246 2828 havere
1264 2775 1299 2828 et
1312 2775 1473 2827 ottenere
1490 2764 1556 2826 che

278 2875 377 2935 detta
399 2881 495 2935 terra
519 2871 549 2933 si
572 2880 682 2933 metta
705 2871 741 2933 in
765 2874 884 2935 bando
908 2870 1092 2954 imperiale
1117 2892 1217 2935 come
1241 2873 1276 2934 ia
1299 2869 1409 2934 vedrl
1433 2870 1558 2951 peria

278 3000 341 3042 soa
364 2977 634 3061 supplicatione,
659 2987 694 3040 et
717 2979 778 3059 poi
802 2977 880 3041 dice
907 2981 973 3042 che
990 2989 1127 3042 armata
1150 2999 1255 3041 manu
1281 2997 1351 3041 non
1366 2976 1557 3040 manchari

280 3089 337 3150 del
371 3085 493 3147 debito
523 3105 590 3166 per
619 3085 753 3148 redurli
783 3097 819 3148 et
847 3087 1040 3169 castigarli.
1093 3085 1139 3149 Et
1170 3106 1235 3168 per
1267 3095 1393 3166 questo
1426 3095 1461 3147 et
1491 3102 1558 3165 per

280 3195 370 3256 altre
395 3191 534 3273 regioni
559 3211 615 3254 me
640 3192 718 3255 dice
743 3196 809 3255 che
834 3214 905 3255 non
929 3194 1033 3274 potra
1057 3192 1274 3256 intervenire
1298 3193 1369 3254 alla
1392 3192 1488 3253 dieta
1511 3192 1558 3253 de

280 3298 396 3381 Spita,
421 3299 486 3361 che
511 3299 668 3361 anchora
693 3319 762 3362 non
787 3320 897 3363 erano
922 3320 1108 3382 comparse
1136 3301 1170 3363 le
1199 3301 1325 3362 lettere
1356 3299 1392 3361 di
1416 3298 1558 3377 Cesare,

281 3407 418 3469 benche
442 3406 488 3467 da
513 3406 593 3467 miei
617 3405 720 3469 amici
744 3408 790 3469 ho
815 3407 914 3470 aviso
939 3407 1000 3490 poi
1024 3408 1089 3470 che
1114 3427 1202 3470 sono
1226 3405 1392 3487 capitato,
1417 3414 1453 3467 et
1481 3405 1557 3467 ulti-

281 3521 458 3575 mamente
482 3512 528 3574 mi
553 3512 632 3575 dice
657 3515 778 3576 volere
802 3514 934 3577 intrare
959 3523 995 3577 et
1019 3535 1137 3577 essere
1153 3523 1329 3577 accettato
1354 3514 1412 3576 nel
1435 3511 1560 3575 federe

282 3619 550 3699 Ratisponense
575 3630 611 3681 et
635 3625 706 3682 cosl
732 3620 884 3684 sollicito
919 3623 974 3684 col
1006 3621 1174 3702 Principe
1202 3622 1281 3683 chel
1312 3619 1366 3682 sia
1396 3622 1560 3682 admesso

284 3735 319 3787 et
343 3735 434 3787 tutto
460 3726 569 3787 credo
592 3724 621 3788 si
644 3726 722 3788 fari
747 3727 783 3788 di
806 3729 872 3791 che
898 3749 967 3790 non
992 3730 1039 3790 ho
1063 3748 1129 3810 per
1152 3732 1267 3790 ancho
1290 3726 1507 3792 resolutioni.

373 3831 401 3894 Il
412 3831 487 3893 R¹¹¹⁰
509 3832 707 3896 Leodiense
721 3837 855 3897 anchor
867 3834 916 3896 lui
931 3834 960 3897 si
980 3855 1112 3897 excusa
1126 3855 1192 3897 con
1207 3854 1263 3897 me
1279 3854 1346 3915 per
1361 3853 1422 3896 soe
1435 3834 1563 3895 lettere

283 3960 304 4000 a
337 3947 514 4000 conventu
545 3936 715 4020 Spirense
750 3949 899 4023 propter
922 3943 1027 4005 bella.
1084 3942 1156 4005 Per
1185 3940 1336 4024 cagione
1369 3939 1405 4001 di
1437 3950 1562 4021 queste

284 4066 367 4108 cose
399 4045 433 4106 di
461 4046 599 4108 Alsatia
630 4046 778 4110 intendo
811 4050 878 4111 che
895 4048 917 4110 ’l
942 4048 1108 4130 Principe
1138 4050 1256 4111 dando
1293 4069 1312 4109 a
1346 4046 1453 4128 quelli
1485 4046 1562 4109 suoi

283 4152 471 4234 tegimenti
496 4155 531 4215 la
554 4153 801 4217 commissione
825 4156 907 4217 chio
931 4157 978 4217 ho
1003 4157 1102 4219 detto
1136 4157 1171 4218 di
1207 4174 1334 4236 sopra,
1367 4155 1480 4217 anche
1512 4153 1564 4234 gli

284 4261 330 4322 ha
355 4259 478 4322 scritto
503 4262 568 4323 che
593 4261 726 4323 vederai
751 4262 933 4343 expedirsi
957 4263 993 4324 di
1018 4283 1088 4344 qua
1116 4262 1175 4344 piri
1207 4273 1329 4343 presto
1361 4262 1427 4323 che
1458 4260 1564 4341 potrh

288 4376 324 4428 et
347 4365 605 4429 transferirassi
629 4368 674 4429 ad
700 4368 873 4450 Inspruch
897 4390 964 4451 per
987 4390 1106 4433 essere
1130 4368 1191 4450 piir
1216 4367 1416 4451 propinquo
1440 4387 1478 4430 se
1503 4368 1563 4449 piu

286 4477 377 4536 oltra
401 4473 594 4555 bisognara
618 4478 653 4537 la
676 4495 831 4556 persona
855 4498 928 4540 sua.
976 4477 1016 4540 In
1040 4486 1165 4559 questo
1183 4485 1311 4539 evento
1336 4474 1455 4537 nescio
1479 4474 1566 4557 quid

286 4580 369 4643 mihi
395 4581 572 4661 agendum
596 4581 712 4645 fuerit.
760 4582 878 4648 Senza
908 4605 989 4648 esso
1019 4586 1112 4647 vedo
1138 4593 1173 4646 et
1204 4604 1259 4646 me
1282 4591 1319 4645 et
1342 4590 1434 4644 tutta
1456 4583 1492 4644 la
1515 4582 1566 4645 fa·

287 4687 410 4768 miglia
434 4686 502 4750 mia
526 4707 595 4750 non
620 4690 731 4752 molto
756 4692 860 4754 sicuri
885 4701 921 4754 et
946 4692 1088 4773 quando
1112 4711 1177 4773 per
1200 4692 1234 4753 le
1258 4710 1341 4753 cose
1365 4689 1402 4752 di
1417 4689 1568 4752 Boemia

287 4815 357 4860 non
382 4793 478 4856 fusse
504 4795 705 4858 necessario
729 4797 753 4858 il
778 4806 850 4859 star
875 4799 945 4860 mio
977 4803 1035 4880 qui
1067 4799 1161 4861 saria
1191 4796 1226 4860 di
1255 4797 1339 4860 niun
1372 4796 1482 4859 frutto
