3559 5734
716 592 963 651 043559ῦο

197 741 377 805 mentum?
425 739 512 822 Quis
536 741 627 804 enim
652 762 722 804 non
748 742 918 824 suspiciat
941 763 983 805 ac
1008 741 1153 806 miretur
1177 742 1310 826 scripta
1331 762 1481 827 quorum

197 862 380 912 auctorem
412 847 576 911 Summus
607 847 784 911 Sacerdos
820 851 1035 933 reprehendi
1063 851 1308 932 prohibuerit?
1356 852 1481 934 Neque

197 966 300 1040 putet
324 957 414 1019 Rmus
438 957 500 1017 D¹¹⁸
524 976 622 1018 meus
645 956 813 1018 Datarius
837 958 895 1018 vel
920 956 1125 1019 Dominatio
1150 958 1193 1021 V.
1224 978 1279 1020 me
1303 959 1371 1021 hoc
1396 958 1480 1021 odio

198 1064 336 1126 Erasini
367 1062 521 1134 dixisse;
553 1083 657 1143 quem
681 1082 822 1144 semper
846 1062 909 1146 (ita
942 1084 996 1126 me
1020 1064 1119 1126 Deus
1143 1061 1251 1149 amet)
1286 1066 1480 1128 admiratus

198 1192 274 1233 sum
300 1179 438 1234 etcum
464 1189 533 1251 quo
559 1169 642 1231 mihi
668 1190 738 1231 non
764 1168 924 1250 vulgaris
955 1169 1109 1233 amicitia
1141 1170 1267 1233 litteris
1297 1184 1481 1235 contracta

198 1276 401 1339 intercessit
425 1288 462 1338 et
485 1296 596 1358 usque
619 1277 726 1338 hodie
750 1275 948 1356 intercedit,
973 1277 1036 1340 sed
1061 1298 1105 1340 ex
1129 1280 1205 1340 zelo
1231 1299 1271 1340 ac
1288 1280 1480 1342 devotione

198 1384 327 1466 quibus
351 1384 581 1466 Religionem
605 1383 771 1446 Nostram
796 1393 832 1447 et
856 1381 988 1447 Sedem
1013 1369 1260 1466 Apostolicam
1280 1383 1481 1469 Christique

198 1491 381 1554 Vicarium
406 1491 441 1554 in
465 1513 509 1555 ea
532 1494 715 1554 sedentem
739 1513 781 1554 ac
807 1492 882 1555 eius
905 1492 1076 1555 honorem
1105 1513 1313 1574 prosequor.
1372 1494 1481 1557 Novit

198 1599 296 1660 Deus
320 1598 380 1679 qui
404 1609 579 1661 scrutator
603 1610 659 1661 est
681 1598 839 1661 cordium
864 1619 920 1661 me
938 1597 1121 1685 (quantum
1136 1599 1172 1661 in
1191 1621 1246 1663 me
1263 1598 1330 1685 est)
1346 1621 1479 1665 summe

199 1705 404 1768 desiderare
429 1717 466 1767 ut
490 1705 608 1768 omnia
632 1705 811 1768 Erasmica
834 1708 920 1769 talia
944 1715 1080 1787 essent,
1119 1727 1210 1789 quae
1249 1707 1323 1770 sine
1354 1728 1479 1792 excep·

200 1813 297 1874 tione
322 1815 470 1875 laudare
494 1824 530 1875 et
553 1815 599 1876 ad
623 1815 754 1896 sydera
778 1815 953 1876 extollere
967 1834 1131 1896 possem;
1156 1816 1218 1877 sed
1235 1816 1348 1897 magis
1365 1817 1480 1880 debeo

200 1919 351 2002 diligere
381 1920 566 1983 veritatem
596 1931 632 1983 et
659 1919 743 1982 fidei
773 1920 1015 2003 integritatem
1044 1942 1085 1983 ac
1118 1919 1176 1984 S¹²¹¹
1208 1923 1252 1984 D.
1288 1921 1342 2003 N.,
1374 1924 1480 1987 etiam

199 2027 365 2108 privatim
390 2030 482 2090 bene
507 2029 552 2090 de
577 2049 632 2090 me
656 2028 789 2109 meriti,
825 2029 996 2091 honorem
1026 2048 1130 2110 quam
1163 2031 1271 2091 ullum
1301 2030 1481 2093 hominem

200 2139 378 2198 viventem
403 2134 525 2197 eiusve
548 2135 719 2197 honorem
744 2134 880 2197 etiamsi
906 2155 1028 2197 carere
1052 2148 1155 2216 patre
1180 2145 1285 2215 esset,
1311 2157 1375 2197 nec
1407 2157 1478 2199 cre·

199 2242 320 2304 derem
344 2262 400 2303 me
424 2241 526 2323 fungi
551 2241 670 2304 officio
695 2241 779 2303 boni
810 2241 1002 2304 Christiani
1033 2244 1162 2305 nedum
1187 2243 1272 2305 boni
1296 2243 1480 2307 familiaris

199 2360 234 2411 et
259 2348 422 2411 officialis
446 2348 541 2411 Suae
566 2347 774 2411 Sanctitatis
798 2348 864 2411 nisi
889 2350 985 2412 illam
1010 2351 1238 2413 admonerem
1263 2353 1308 2412 de
1330 2350 1372 2413 iis
1387 2372 1479 2433 quae

198 2454 972 2537 tantoperesentiointeressesuauteanorit,
983 2457 1136 2520 maxime
1147 2455 1475 2521 cumeademSanc-

199 2562 282 2624 titas
298 2562 382 2625 mihi
399 2562 684 2625 benedictionem
701 2583 799 2625 suam
816 2566 881 2625 sub
897 2583 1012 2625 meum
1028 2564 1221 2627 discessum
1242 2565 1405 2646 poscenti
1421 2585 1477 2628 ex-

198 2690 321 2751 presse
346 2669 539 2731 iniunxerit
562 2680 600 2731 ut
615 2690 652 2732 se
670 2671 715 2733 de
731 2669 773 2731 iis
798 2669 1138 2733 commonefacerem
1164 2691 1255 2752 quae
1279 2670 1313 2732 in
1331 2672 1386 2733 his
1401 2693 1478 2754 par-

198 2776 293 2838 tibus
317 2778 363 2839 ad
387 2775 471 2838 fidei
494 2776 735 2857 integritatem
760 2786 795 2838 et
820 2778 990 2839 honorem
1015 2796 1115 2839 suum
1140 2778 1396 2859 haeresumque
1421 2801 1478 2841 ex·

199 2883 425 2965 tirpationem
448 2883 630 2965 pertinere
655 2903 848 2947 censerem.
896 2883 980 2945 Dixi
1004 2884 1124 2966 itaque
1149 2905 1217 2966 ego
1242 2905 1355 2948 meam
1373 2907 1480 2968 super

198 2990 349 3073 negocio
374 2991 608 3072 impositionis
632 2991 763 3054 silentii
789 2990 1014 3062 sententiam;
1041 2991 1119 3052 ΒΜ
1145 2993 1187 3054 Ι).
1213 2992 1255 3054 N.
1271 2993 1479 3073 providebit

198 3097 292 3160 circa
315 3100 384 3160 hoc
407 3108 513 3179 prout
537 3097 605 3158 sibi
629 3097 817 3160 videbitur.
864 3096 1152 3161 Dominationem
1179 3111 1298 3161 autem
1323 3112 1477 3163 vestram

199 3226 262 3267 oro
288 3216 323 3267 et
348 3208 519 3284 obtestor,
544 3216 580 3266 et
603 3215 772 3285 quantum
796 3225 940 3286 possum
973 3204 1097 3267 adiuro
1127 3214 1164 3266 ut
1193 3226 1297 3268 nemo
1332 3219 1478 3288 praeter

198 3333 275 3374 earn
301 3322 336 3375 et
361 3311 479 3373 SS⁰²¹¹¹¹¹
503 3313 546 3377 D.
572 3311 613 3376 N.
639 3333 680 3374 ac
705 3312 852 3374 Revffl¹¹¹¹¹
877 3314 919 3375 D.
944 3332 1060 3374 meum
1084 3312 1267 3375 Datarium
1283 3326 1478 3395 cognoscat

198 3440 253 3481 me
277 3421 367 3481 haec
393 3421 438 3481 de
462 3418 608 3481 Erasmo
633 3419 837 3500 scripsisse,
869 3440 914 3480 ne
947 3438 1013 3500 pro
1042 3418 1161 3481 officio
1197 3418 1377 3483 fidelitatis
1410 3424 1476 3485 hoc

198 3547 396 3608 consequar
421 3536 458 3587 ut
482 3528 528 3588 ab
560 3511 638 3608 ipso
675 3525 822 3588 Erasmo
856 3527 1001 3607 publice
1033 3528 1217 3589 traductus
1250 3528 1314 3591 toti
1348 3531 1478 3592 mundo

198 3633 280 3715 (illis
304 3634 383 3696 dico
409 3633 466 3714 qui
493 3634 609 3696 omnia
632 3633 812 3696 Erasmica
837 3633 958 3696 divina
982 3654 1060 3696 esse
1091 3633 1319 3715 arbitrantur)
1355 3635 1477 3699 fabula

200 3740 289 3804 ham.
337 3740 440 3821 Quod
465 3751 582 3803 tamen
609 3742 669 3803 ubi
684 3740 768 3802 fidei
781 3743 956 3823 prodesse
970 3750 1093 3823 posset
1108 3740 1249 3804 minime
1265 3761 1476 3808 recusarem.

198 3849 270 3910 Sed
296 3848 356 3910 illo
382 3859 544 3910 cessante
568 3847 710 3910 incivile
735 3860 829 3911 esset
853 3859 888 3911 et
913 3869 934 3910 a
958 3849 1000 3910 D.
1027 3848 1136 3911 Blosii
1155 3848 1301 3929 ingenio
1326 3849 1478 3913 alienum

199 3977 240 4018 ea
272 3955 305 4016 in
331 3958 459 4036 vulgus
483 3956 645 4037 proferre
670 3957 727 4017 vel
752 3955 887 4037 proieri
911 3955 1028 4018 sinere
1061 3975 1152 4036 quae
1177 3975 1246 4036 ego
1270 3957 1336 4019 sub
1360 3957 1477 4039 sigillo

198 4063 326 4124 secreti
351 4064 505 4124 tenenda
529 4062 658 4140 scrib0,
683 4061 814 4143 alioqui
831 4062 944 4143 digito
961 4064 1092 4125 labella
1107 4083 1185 4124 mea
1201 4082 1477 4144 compressurus,

197 4171 242 4233 Et
265 4169 354 4232 sciat
378 4171 426 4230 D⁰
461 4170 502 4234 V.
532 4190 588 4231 me
620 4181 812 4250 propterea
842 4171 931 4230 haec
967 4190 1155 4250 peream,
1189 4182 1224 4232 et
1248 4189 1319 4231 non
1344 4191 1409 4252 per
1434 4173 1476 4234 D.

198 4279 385 4340 Albertum
412 4277 585 4359 Pighium,
609 4275 693 4338 mihi
718 4275 875 4357 alioquin
900 4275 1128 4357 singulariter
1144 4278 1293 4339 amicum
1309 4288 1346 4339 et
1361 4298 1474 4341 secre-

197 4396 312 4447 torum
336 4404 492 4446 meorum
518 4383 697 4446 conscium
729 4391 1068 4465 procuratoremque
1099 4383 1228 4445 isthinc
1259 4404 1392 4464 meum,
1417 4405 1475 4447 vo-

197 4493 304 4554 luisse
329 4494 392 4553 D¹¹⁰
425 4512 503 4554 meo
539 4490 687 4552 Datario
718 4489 906 4562 insinuari;
943 4492 1037 4571 quod
1070 4491 1176 4552 sciam
1208 4490 1322 4572 ipsum
1348 4492 1390 4552 D.
1416 4492 1474 4554 Al·

196 4603 337 4662 bertum
361 4620 407 4662 ex
431 4601 541 4662 multo
565 4609 726 4682 tempore
750 4618 821 4659 non
845 4599 990 4660 multum
1020 4597 1169 4679 diligere
1194 4597 1475 4678 Egmondanum,

197 4727 313 4788 neque
337 4707 527 4768 admodum
551 4708 643 4767 bene
667 4705 712 4767 de
744 4725 787 4767 eo
820 4705 951 4767 sentire
982 4717 1131 4786 propter
1163 4725 1230 4766 non
1264 4707 1360 4767 nulla
1391 4705 1474 4768 mihi

197 4824 281 4876 nota
307 4833 397 4894 quae
423 4833 492 4873 non
517 4823 571 4874 est
594 4812 697 4874 huius
721 4812 789 4874 loci
814 4813 1006 4893 explicare.
1054 4810 1171 4891 Quare
1196 4811 1293 4873 timui
1318 4832 1413 4892 eum,
1439 4813 1474 4874 in

196 4921 274 4984 aliis
298 4920 381 4982 mihi
406 4919 657 5001 fidelissimum,
682 4920 716 4981 in
741 4922 808 4982 hoe
833 4941 904 4982 uno
929 4939 999 4982 non
1024 4918 1109 4981 satis
1133 4917 1273 4980 fidelem
1309 4917 1387 4982 fore
1417 4921 1475 4983 vel
