3559 5734
844 563 1091 622 aalma«)

929 946 949 1009 2
997 996 1004 1010 .

497 1061 656 1143 (1111111111
684 1063 763 1142 VH.
791 946 1017 1143 1111111110
1045 1061 1240 1141 1111111111
1267 1061 1444 1141 lustriae.

457 1210 550 1281 (011111.
568 1210 615 1269 vt.
634 1211 721 1285 Eplat.
743 1210 779 1269 111
796 1211 935 1284 principer
953 1227 1004 1284 per
1024 1209 1188 1269 Sadoletum
1206 1209 1329 1281 scriptae
1348 1208 1393 1267 tol
1412 1189 1479 1278 151.)

847 1329 901 1398 (29.
922 1333 986 1379 Maii
1011 1337 1096 1393 1525.)

418 1472 557 1535 Dilecte
580 1472 630 1534 fili
661 1482 727 1535 etc.
775 1473 893 1535 Lectis
924 1472 1049 1552 litteris
1081 1474 1166 1550 tuis,
1203 1494 1293 1554 quae
1327 1474 1371 1534 de
1404 1472 1613 1533 tumultibus

333 1580 537 1662 agrestium,
563 1590 598 1642 et
622 1588 754 1661 quanto
780 1579 812 1641 in
840 1582 998 1662 periculo
1014 1580 1190 1642 Nobilitas
1214 1590 1274 1642 tua
1291 1591 1493 1642 versaretur
1510 1578 1614 1639 nobis

328 1686 555 1768 nunciabant,
581 1708 666 1748 sane
684 1707 750 1768 pro
768 1708 821 1768 e0,
847 1686 937 1750 sicut
958 1688 1152 1766 debuimus,
1177 1688 1342 1750 commoti
1359 1688 1506 1756 fuimus;
1532 1708 1613 1749 narn

329 1804 365 1858 et
389 1793 573 1876 dignitatis
598 1803 704 1876 atque
729 1794 950 1857 auctoritatis
975 1807 1057 1857 tuae
1082 1776 1307 1858 conservatio
1333 1805 1368 1858 et
1390 1798 1484 1857 salus
1504 1794 1612 1856 totius

329 1899 564 1965 Germanicae
584 1900 758 1982 NationiS,
784 1922 887 1982 quam
913 1904 1159 1982 prolabentem
1184 1913 1219 1965 et
1244 1906 1288 1964 ad
1313 1902 1491 1964 interitum
1517 1901 1612 1963 incli-

329 2017 450 2071 natam
465 2017 664 2071 sustentare
689 2011 805 2090 quoad
822 2030 1008 2090 possumus
1033 2030 1151 2072 sumus
1172 2010 1301 2091 cupidi,
1327 2029 1491 2091 magnam
1509 2007 1613 2070 nobis

330 2136 450 2179 curam
481 2115 695 2194 iniecerunt,
732 2128 768 2177 ut
800 2117 880 2178 Tibi
913 2137 982 2179 non
1015 2119 1219 2179 deessemus
1251 2129 1371 2180 nostra
1403 2137 1473 2198 ope
1505 2126 1612 2197 atque

330 2222 474 2304 auxilio,
499 2231 607 2304 atque
631 2222 667 2284 in
690 2223 854 2285 maximis
879 2224 1008 2286 nostris
1033 2235 1068 2285 et
1088 2223 1190 2286 Sedis
1207 2223 1438 2306 Apostolicae
1464 2222 1610 2284 difficul-

331 2329 474 2411 tatibus,
500 2349 588 2411 quas
611 2329 677 2392 tibi
701 2350 780 2392 esse
804 2330 1004 2393 notissimas
1028 2330 1171 2409 scimus,
1197 2330 1328 2412 aliquid
1354 2343 1471 2392 tamen
1498 2350 1612 2392 corra-

331 2437 504 2517 deremus,
529 2457 598 2519 quo
623 2447 660 2498 tu
684 2438 814 2499 amoris
838 2437 949 2500 nostri
973 2448 1009 2499 et
1033 2437 1140 2499 studii
1165 2439 1209 2499 de
1234 2447 1295 2499 tua
1320 2440 1432 2500 salute
1457 2437 1611 2510 testimo·

331 2544 427 2607 nium
457 2524 592 2607 habere
625 2546 791 2626 locuplex
821 2564 956 2625 posses
1004 2545 1042 2606 In
1083 2565 1153 2625 quo
1184 2544 1248 2605 tibi
1280 2545 1437 2606 subsidio
1470 2544 1611 2626 conqui-

330 2653 443 2715 rendo
466 2652 652 2733 praeclara
676 2652 841 2713 voluntas
856 2651 947 2713 Ven.
973 2651 1120 2714 fratrum
1135 2659 1334 2713 nostrorum
1355 2652 1390 2712 S.
1409 2652 1455 2713 R.
1474 2651 1513 2714 E.
1532 2651 1610 2714 Car-

332 2758 501 2821 dinalium
526 2757 654 2838 extitit,
678 2778 826 2839 quorum
847 2779 1029 2821 assensum
1047 2758 1179 2838 aliquot
1202 2778 1246 2820 ex
1268 2758 1412 2838 reliquis
1429 2759 1613 2820 ordinibus

332 2866 530 2946 consecuti,
567 2886 737 2929 summam
768 2867 947 2947 quandam
971 2865 1144 2947 pecuniae
1174 2867 1239 2927 sub
1264 2865 1333 2926 fide
1359 2877 1480 2926 nostra
1505 2866 1611 2927 liben-

333 2973 428 3036 tibus
453 2972 578 3036 animis
603 2972 828 3035 contribuere
853 2970 1001 3054 polliciti
1026 2982 1116 3051 sunt,
1142 2993 1256 3054 neque
1274 2972 1367 3035 enim
1382 2972 1485 3034 aliter
1509 2993 1612 3053 quam

333 3101 379 3142 ex
402 3081 537 3143 tributo
562 3089 598 3143 et
621 3088 742 3141 mutuo
758 3079 883 3142 confici
905 3095 964 3141 res
980 3079 1109 3159 potuit;
1128 3100 1171 3141 eo
1189 3081 1380 3142 deventum
1397 3090 1451 3141 est
1466 3092 1614 3161 propter

334 3187 553 3250 calamitates
582 3186 802 3268 superiorum
835 3197 1050 3268 temporum,
1076 3196 1113 3248 ut
1142 3185 1259 3248 Sedes
1291 3187 1498 3267 Apostolica
1524 3209 1612 3268 quae

332 3304 413 3357 ante
438 3293 619 3376 oppressis
642 3293 770 3356 iniuste
793 3293 1018 3374 Principibus
1043 3293 1239 3356 liberaliter
1263 3294 1508 3370 subveniebat,
1533 3294 1609 3356 alie·

335 3422 415 3463 nam
441 3421 531 3463 nunc
555 3401 634 3482 ipsa
658 3420 763 3483 opem
787 3410 822 3463 et
847 3400 1095 3463 liberalitatem
1122 3411 1315 3481 expectare
1340 3411 1500 3483 cogatur.
1549 3401 1612 3462 Ita·

337 3529 406 3591 que
437 3508 616 3590 descripta
647 3519 726 3570 sunt
754 3508 922 3570 continuo
958 3508 1036 3569 XX
1074 3507 1183 3586 milia,
1210 3529 1397 3570 aureorum
1429 3528 1521 3589 quae
1551 3508 1611 3570 tibi

337 3616 416 3678 istic
440 3616 612 3678 solvenda
627 3616 871 3678 mandavimus
887 3616 943 3677 hic
960 3624 1086 3696 postea
1102 3615 1242 3677 Romae
1258 3635 1324 3696 per
1339 3636 1404 3678 nos
1421 3615 1612 3690 reddenda,

336 3721 613 3803 conabimurque
638 3722 771 3804 aliquid
804 3722 954 3805 amplius
985 3722 1090 3784 etiam
1119 3722 1247 3785 deinde
1279 3743 1406 3802 parare
1438 3722 1466 3783 si
1497 3733 1612 3785 tamen

336 3833 490 3913 probare
515 3839 550 3893 et
579 3831 769 3892 ostendere
800 3829 1020 3911 potuerimus
1050 3830 1103 3892 his
1134 3829 1194 3910 qui
1223 3829 1449 3892 contribuunt
1479 3851 1549 3892 non
1580 3830 1612 3891 in

336 3959 401 4001 nos
425 3938 520 3999 solos
544 3946 656 3999 totum
680 3957 769 3998 onus
800 3936 969 3999 reiectum
1008 3957 1105 4016 esse,
1141 3939 1203 3998 sed
1236 3947 1271 3997 et
1297 3935 1424 3998 Nobtem
1452 3948 1548 3998 tuam
1581 3949 1615 3997 et

221 4066 228 4074 ’
336 4053 499 4107 10111105
522 4041 736 4107 Germaniae
760 4044 946 4126 Principes
970 4064 1036 4124 pro
1062 4064 1123 4104 sua
1155 4046 1267 4106 salute
1300 4054 1334 4105 et
1359 4043 1533 4125 dignitate
1565 4065 1613 4106 re-

335 4152 481 4214 tinenda
509 4171 622 4232 aeque
647 4171 687 4214 ac
713 4171 777 4213 nos
801 4161 836 4212 et
860 4153 1025 4213 laborare
1050 4161 1085 4212 et
1109 4150 1281 4213 conferre.
1329 4151 1419 4213 Nam
1443 4151 1540 4231 quod
1564 4171 1613 4213 or·

337 4258 410 4321 dini
434 4259 676 4321 ecclesiastico
701 4258 736 4320 in
760 4258 836 4319 istis
869 4257 1077 4338 regionibus
1108 4258 1321 4339 periclitanti
1355 4258 1614 4336 subveniamus,

337 4365 521 4428 videamur
556 4364 704 4427 forsitan
740 4385 815 4428 rem
852 4363 1077 4447 profligatam
1118 4365 1287 4436 curaturi;
1324 4365 1485 4427 audimus
1525 4365 1615 4427 enim

336 4473 467 4555 passim
483 4472 601 4535 omnia
616 4474 838 4534 sacerdotum
855 4471 943 4550 iura,
969 4473 1162 4550 commoda,
1187 4483 1406 4552 ornamenta,
1430 4472 1616 4554 impiorum

336 4579 454 4661 potius
478 4578 627 4641 avaritia
651 4599 756 4659 quam
779 4579 871 4642 iusto
894 4580 986 4660 odic,
1005 4580 1160 4660 praedae
1186 4589 1220 4640 et
1245 4578 1435 4659 direptioni
1453 4579 1617 4661 exposita

336 4687 456 4769 fuisse,
481 4686 516 4750 in
542 4707 611 4767 quo
636 4685 805 4749 mittimus
828 4685 990 4748 iniuriam
1015 4685 1145 4746 factam
1174 4684 1408 4766 omnipotenti
1433 4685 1532 4763 Deo,
1562 4685 1615 4747 cui

337 4814 415 4859 cum
439 4796 485 4857 ab
509 4792 645 4876 ignaris
670 4793 776 4856 etiam
805 4795 888 4856 dum
918 4813 1025 4855 verae
1056 4790 1139 4852 fidei
1172 4790 1340 4872 gentibus
1369 4791 1399 4853 is
1430 4793 1616 4871 coleretur,

337 4911 413 4964 erat
437 4912 554 4964 tamen
579 4898 684 4962 tertia
707 4899 783 4962 fere
808 4920 890 4980 pars
916 4899 1133 4960 terrestrium
1158 4918 1263 4979 opum
1289 4900 1323 4962 in
1350 4899 1444 4980 agris
1473 4909 1509 4962 et
1537 4920 1617 4981 pos·
