3559 5734
683 557 898 614 Qvi&

144 716 251 767 tamen
274 709 334 767 vel
367 704 489 767 mutila
519 705 577 766 vel
611 703 828 785 interpolata
855 704 891 766 in
916 703 1009 766 notis
1034 704 1264 786 editionibus,
1288 707 1416 770 iterum

143 813 296 876 dedimus
320 833 513 894 veramque
538 833 660 875 eorum
684 811 873 875 lectionem
898 811 1067 877 cudimus.

223 929 406 991 Auxilium
442 928 616 991 voluimus
657 931 843 991 veritatem
876 929 1131 1010 quaerentibus
1166 929 1415 1012 suppeditare;

141 1036 367 1099 monumentis
390 1035 573 1098 historiam
596 1036 789 1109 illustrare;
819 1057 885 1098 nec
915 1036 1038 1097 inutile
1062 1038 1108 1098 ad
1131 1038 1199 1099 hoc
1224 1057 1314 1119 opus
1339 1059 1416 1101 nos·

141 1158 241 1220 trum,
275 1143 343 1205 nisi
366 1159 489 1205 nostra
514 1163 579 1205 nos
602 1142 694 1204 fallit
718 1142 854 1224 opinio,
880 1143 1019 1207 evadet.
1067 1144 1121 1205 Ac
1146 1155 1339 1226 propterea
1362 1166 1416 1207 us·

140 1270 201 1332 que
234 1253 282 1312 ab
313 1250 414 1312 initio
443 1248 664 1312 collectionis
689 1259 830 1312 nostrae
856 1249 1042 1332 epistolam
1077 1250 1199 1332 Papae
1224 1251 1353 1314 Leonis
1378 1251 1415 1313 X

139 1359 180 1418 ad
202 1358 422 1421 Fridericum
447 1358 572 1419 ducem
597 1356 778 1419 Saxoniae
803 1359 923 1420 datam
947 1356 1090 1420 omnino
1115 1360 1160 1419 ab
1184 1358 1244 1420 illa
1265 1378 1357 1439 quae
1381 1358 1416 1420 in

139 1464 279 1543 Jenensi
304 1464 461 1527 editione
485 1484 634 1546 operum
663 1464 809 1526 Lutheri
839 1463 1014 1546 impressa
1044 1474 1115 1544 est,
1150 1463 1327 1528 diversam
1355 1485 1415 1548 po·

139 1571 272 1637 suimus.

218 1681 289 1742 Die
315 1683 333 1741 8
361 1679 445 1759 Julii
470 1678 552 1742 anni
582 1698 663 1758 1520
689 1677 761 1740 Leo
786 1677 825 1739 X
855 1676 1043 1759 epistolam
1074 1677 1319 1758 gravissimam
1344 1679 1415 1741 Fri·

139 1785 250 1849 derico
277 1786 370 1849 Duei
401 1784 583 1849 Saxoniae
615 1784 766 1867 scripsit.
818 1784 1014 1866 Epistulam
1046 1786 1136 1847 hanc
1167 1785 1260 1849 inter
1296 1783 1417 1868 Opera

139 1893 282 1957 Lutheri
305 1893 388 1956 Vol.
412 1894 456 1957 ΙΙ.
491 1891 706 1965 invenimus;
744 1891 942 1954 invenimus
982 1890 1088 1953 etiam
1126 1890 1161 1953 in
1202 1893 1417 1956 collectioni·

137 2002 196 2062 bus
235 2000 498 2063 recentioribus
506 2048 515 2079 ,
553 2019 624 2062 non
664 2000 930 2062 lutheranorum
967 2008 1104 2061 tantum
1135 2000 1197 2060 sed
1233 2010 1268 2061 et
1299 2000 1417 2063 catho-

137 2107 294 2187 licorum,
319 2116 357 2169 ut
380 2108 416 2170 in
441 2107 570 2189 Leplat
594 2115 629 2169 et
653 2106 748 2169 alibi.
800 2106 980 2187 Numquid
1003 2106 1071 2169 ista
1097 2106 1247 2189 epistola
1272 2110 1415 2171 authen·

137 2213 209 2293 tica,
234 2216 386 2293 sincera,
412 2235 582 2295 germana
606 2216 682 2277 est?

217 2323 305 2404 ipsa
329 2322 454 2403 incipit
477 2322 546 2384 illis
570 2322 706 2385 verbis:
749 2320 850 2402 Quod
873 2322 920 2382 ad
948 2342 1010 2383 nos
1040 2332 1075 2383 et
1100 2322 1169 2384 ait:
1206 2321 1415 2386 Pontificem

137 2430 423 2509 gravissimorum
456 2431 610 2491 virorum
644 2429 846 2491 testimonio
880 2427 971 2490 scire
1001 2428 1138 2491 Ducem
1171 2450 1305 2492 summa
1335 2450 1414 2511 pru-

138 2537 253 2599 dentia
286 2557 495 2618 summaque
523 2536 559 2598 in
584 2537 699 2599 Deum
731 2546 766 2598 et
790 2536 1027 2597 orthodoxam
1050 2534 1156 2598 fidem
1180 2535 1330 2618 pietate,
1354 2558 1413 2599 no·

137 2643 266 2707 bilitate
292 2645 399 2707 etiam
424 2643 530 2705 animi
555 2655 591 2706 et
615 2644 785 2706 maiorum
816 2652 991 2723 perpetuo
1021 2642 1243 2706 Christianae
1273 2644 1414 2726 reipub·

136 2751 219 2814 licae
245 2764 282 2815 et
309 2749 464 2814 Sanctae
496 2748 583 2813 Sedi
611 2749 806 2812 faventium
837 2748 1024 2830 memoria,
1057 2770 1198 2831 semper
1227 2751 1413 2813 conatibus

136 2857 274 2920 Martini
299 2858 447 2920 Lutheri
469 2856 666 2939 iniquitatis
690 2856 750 2918 filii
774 2856 964 2935 obstitisse,
989 2876 1103 2938 neque
1128 2859 1236 2919 ullum
1260 2878 1413 2937 unquam

137 2965 299 3028 auxilium
325 2976 384 3027 aut
401 2965 561 3028 favorem
583 2964 664 3027 huic
688 2963 820 3027 homini
844 2963 1075 3045 praestitisse,
1099 2964 1148 3026 ita
1171 2975 1209 3026 ut
1222 2975 1413 3046 augeretur

138 3073 282 3135 maxime
313 3071 564 3134 benevolentia
595 3091 664 3152 qua
688 3070 851 3151 pontifex
877 3073 1002 3134 ducem
1026 3074 1326 3152 prosequebatur,
1362 3070 1410 3153 ip·

136 3178 200 3241 sius
230 3180 417 3260 egregiam
449 3177 615 3241 virtutem
653 3198 794 3261 semper
831 3178 1033 3240 admiratus.
1097 3178 1182 3239 Post
1206 3179 1295 3241 haec
1332 3199 1411 3260 pro·

137 3287 289 3367 sequitur
315 3286 405 3349 Leo:
433 3283 723 3367 ,Sapientissime
747 3285 850 3348 huius
873 3284 1072 3366 pestilentis
1097 3305 1137 3346 ac
1163 3285 1328 3348 venenati
1353 3288 1411 3348 ho·

136 3392 230 3455 minis
267 3392 545 3455 familiaritatem
580 3403 789 3473 aspernatus
822 3412 860 3454 es
891 3440 899 3455 .
925 3441 932 3455 .
987 3393 1078 3455 Illud
1121 3412 1208 3455 vero
1247 3392 1412 3474 religioni

138 3501 358 3562 tribuendum
382 3510 436 3561 est
460 3500 554 3581 quod
580 3520 758 3581 nunquam
782 3500 816 3561 in
844 3520 1044 3581 quenquam
1060 3510 1237 3562 tantorum
1253 3521 1411 3563 errorum

137 3607 342 3670 consensisti
367 3617 402 3669 et
426 3605 476 3668 eis
500 3606 619 3687 potius
648 3606 824 3669 obstitisti.
886 3606 959 3668 Nec
995 3627 1060 3687 per
1095 3616 1131 3669 te
1166 3606 1307 3670 occasio
1340 3608 1411 3670 ulla

137 3714 211 3777 data
240 3726 297 3777 est
328 3734 350 3776 a
379 3722 502 3775 vetere
534 3724 569 3775 et
605 3713 770 3775 diuturno
803 3733 867 3794 per
892 3711 1061 3794 Spiritum
1086 3710 1254 3775 Sanctum
1283 3722 1335 3776 tot
1359 3735 1410 3776 se·

136 3820 217 3882 culis
235 3831 451 3882 conservato
477 3819 602 3882 ordine
625 3818 708 3881 fidei
725 3821 947 3881 orthodoxae
966 3818 1149 3882 deficere.“
1205 3820 1250 3881 Et
1273 3841 1411 3883 rursus:

139 3926 316 4003 ,Hominis
348 3926 512 3989 scelerati
542 3936 578 3989 et
606 3926 733 3989 nefarii
765 3926 882 4007 impiis
914 3927 1099 3989 conatibus
1138 3929 1228 3990 tales
1267 3927 1408 3990 obices“

138 4035 227 4097 Deus
243 4034 424 4117 opposuit.
442 4069 484 4078 -
498 4032 578 4096 Non
596 4033 681 4096 satis
698 4036 789 4095 bene
806 4044 933 4095 sonant
946 4034 1030 4097 talia
1046 4046 1080 4096 et
1097 4043 1195 4097 tanta
1212 4055 1306 4097 anno
1328 4055 1410 4113 1520

137 4143 278 4224 scripta,
311 4160 432 4204 mense
455 4140 559 4220 Juli0,
595 4140 708 4203 tribus
738 4139 799 4201 vix
831 4141 1010 4202 mensibus
1041 4141 1229 4204 transactis
1261 4162 1308 4203 ex
1339 4162 1409 4222 quo

137 4248 343 4312 Valentinus
369 4270 388 4311 a
409 4249 599 4311 Deitleben
616 4248 726 4310 Ducis
749 4248 845 4328 apud
862 4247 1069 4311 Pontificem
1085 4248 1301 4327 administer,
1318 4248 1409 4311 Duci

136 4355 206 4436 ipso
231 4357 439 4437 scripserat:
478 4354 681 4437 „Publicam
717 4354 847 4416 famam
870 4353 1059 4417 adfirmare
1083 4354 1277 4418 Lutherani
1302 4376 1323 4417 a
1346 4352 1409 4418 Sa·

137 4482 222 4526 xone
247 4463 308 4541 ali,
332 4462 448 4525 foveri
473 4473 509 4525 et
533 4464 724 4524 clementer
748 4460 904 4525 haberi“.

218 4570 408 4651 Quomodo
442 4566 611 4631 Pontifex
645 4588 764 4630 mense
795 4567 888 4646 Julio
921 4569 1099 4648 publicam
1128 4588 1252 4631 vocem
1287 4588 1408 4631 mense
1488 4614 1496 4631 .

138 4676 259 4741 hiartio
286 4680 518 4755 clamantem,
551 4675 742 4758 ignorabat
765 4687 826 4737 aut
849 4674 980 4737 oblitus
1010 4678 1109 4738 erat?
1142 4678 1199 4738 vel
1231 4677 1407 4756 quomodo

138 4786 192 4847 tali
221 4787 396 4848 adversus
424 4784 560 4846 Ducem
592 4781 833 4845 assentatione
864 4782 1080 4845 vilescebat?
1127 4784 1319 4846 Praeterea
1350 4782 1407 4846 die
1461 4761 1466 4771 ⁴

143 4910 151 4951 1
176 4892 310 4975 Aprilis
335 4892 418 4953 Dux
442 4891 535 4971 ipse,
566 4900 604 4952 ut
628 4910 665 4953 se
695 4900 817 4952 contra
841 4888 1077 4951 accusationis
1100 4909 1225 4952 vocem
1249 4898 1407 4952 tueretur
