3559 5734
837 581 1083 645 wirto*

320 741 439 798 tamen
463 730 497 797 in
513 730 796 816 impiissimarum
817 756 959 799 suarum
983 737 1276 818 propositionum,
1301 738 1479 821 pervicaci
1509 762 1602 803 asse·

321 843 481 906 vorantia
513 841 697 904 induratos
730 841 1002 924 pertinacesque
1037 864 1115 906 esse
1149 846 1420 926 cognovissent,
1445 868 1490 908 ne
1516 847 1602 928 quid

320 972 465 1033 prorsus
489 947 686 1012 sedulitatis
710 948 745 1011 in
771 969 814 1011 ea
837 970 876 1012 re
901 952 947 1012 ab
971 949 1057 1032 ipsis
1082 952 1374 1034 desyderaretur,
1399 974 1469 1016 non
1496 955 1603 1017 modo

321 1059 473 1140 optimos
497 1078 536 1119 ac
561 1055 783 1118 doctissimos
807 1076 967 1137 quosque
991 1057 1067 1120 eius
1097 1058 1165 1121 loci
1190 1061 1452 1140 consuluerunt,
1479 1081 1602 1124 verum

321 1177 356 1228 et
390 1169 435 1228 ab
468 1165 545 1246 ipsa
577 1182 718 1245 quoque
755 1162 949 1226 Parisiensi
981 1163 1145 1228 Sorbona
1176 1167 1341 1230 doctores
1372 1168 1605 1232 adsciverunt

321 1274 456 1355 aliquot
480 1271 537 1353 qui
564 1272 645 1332 dum
672 1280 800 1332 exacta
823 1279 1032 1353 maturaque
1057 1272 1328 1352 examinatione,
1353 1274 1477 1357 eaipsa
1493 1274 1606 1357 impia

321 1401 362 1443 ac
387 1379 499 1442 modis
524 1378 686 1440 omnibus
710 1377 893 1440 haeretica
922 1399 1001 1441 esse
1034 1379 1292 1460 comperissent
1330 1401 1420 1463 quae
1454 1386 1500 1444 ab
1534 1383 1606 1444 illis

322 1497 426 1550 erant
457 1486 501 1547 ad
535 1486 705 1566 populum
739 1484 952 1566 declamata,
986 1496 1092 1567 atque
1125 1486 1355 1568 pertinaciter
1390 1488 1496 1550 etiam
1530 1499 1605 1552 tum

322 1596 584 1669 asserebantur,
610 1611 730 1653 eorum
756 1591 918 1670 alterum,
942 1592 1002 1673 qui
1026 1594 1121 1674 apud
1146 1593 1329 1676 praefatos
1345 1594 1521 1657 Vicenses
1546 1597 1607 1658 de·

320 1701 518 1779 tinebatur,
549 1698 735 1761 ultricibus
767 1700 909 1761 tandem
941 1699 1145 1781 meritisque
1185 1699 1333 1764 flammis
1369 1702 1606 1766 tradiderunt.

322 1809 426 1890 Quod
450 1828 535 1870 sane
559 1816 793 1887 posteaquam
816 1815 1001 1886 peractum
1025 1795 1128 1886 esset,
1154 1808 1308 1888 regressi
1339 1808 1373 1871 in
1403 1809 1606 1872 Metensem

321 1917 433 1998 ipsam
458 1914 637 1977 civitatem
662 1911 773 1975 nostri
798 1911 971 1993 officiarii,
996 1933 1039 1976 eo
1064 1923 1145 1975 sunt
1168 1916 1329 1995 tumultu,
1354 1934 1397 1977 ea
1413 1915 1607 1997 seditione,

322 2043 364 2085 eo
389 2023 508 2085 furore
533 2042 554 2082 a
578 2019 756 2082 concitato
781 2020 1063 2101 perturbatoque
1079 2021 1214 2102 populo
1236 2020 1390 2102 excepti,
1414 2029 1452 2083 ut
1476 2042 1606 2103 parum

321 2128 495 2208 abfuerit,
528 2127 610 2208 quin
645 2146 767 2188 omnes
801 2128 845 2187 ad
886 2145 992 2188 unum
1028 2126 1160 2190 indicta
1196 2148 1323 2191 caussa
1359 2129 1607 2191 crudelissime

321 2245 568 2299 mactarentur.
615 2234 731 2296 Tanta
760 2232 927 2295 videlicet
962 2244 1038 2295 erat
1073 2233 1207 2314 rabies,
1244 2254 1313 2296 non
1350 2233 1461 2315 ipsius
1496 2238 1607 2298 modo

321 2344 542 2425 plebeculae,
567 2343 629 2402 sed
655 2349 691 2401 et
715 2341 963 2402 nonnullorum
988 2359 1129 2420 quoque
1154 2360 1200 2401 ex
1224 2339 1310 2421 ipsis
1341 2340 1448 2403 totius
1482 2341 1602 2404 civita-

321 2451 365 2513 tis
388 2448 602 2531 primoribus
627 2467 715 2528 quos
741 2449 948 2509 seductores
972 2445 1021 2508 illi
1046 2444 1081 2507 in
1105 2445 1380 2526 perditissimam
1405 2468 1504 2510 suam
1529 2469 1606 2511 sec·

320 2569 392 2620 tam
417 2557 489 2619 suis
512 2555 582 2618 iam
606 2553 811 2637 praestigiis
836 2554 1070 2615 adduxerant.
1125 2551 1246 2633 Atque
1273 2552 1309 2615 in
1342 2556 1435 2616 hunc
1458 2556 1606 2619 modum

320 2663 560 2727 vociferantes
583 2661 767 2741 indignum
793 2660 945 2742 lacinus,
977 2659 1072 2740 quod
1096 2661 1246 2741 probum
1271 2660 1406 2723 scilicet
1424 2661 1607 2725 hominem

320 2770 592 2846 interemissent,
617 2788 679 2830 eos
704 2768 801 2850 ipsos
825 2766 1017 2829 officiarios
1053 2775 1204 2844 nostros,
1244 2786 1322 2829 cum
1353 2787 1484 2849 magna
1517 2768 1608 2833 sica·

320 2879 451 2941 riorum
477 2877 623 2939 cohorte
648 2874 872 2955 vestigarunt
896 2883 934 2934 ut
958 2872 1170 2954 iugularent.
1219 2870 1317 2953 Quos
1347 2874 1407 2935 ubi
1434 2875 1493 2937 diu
1518 2880 1607 2939 mul·

319 2995 462 3066 tumque
487 2983 666 3065 quaesitos
680 3001 748 3043 non
766 2990 913 3062 possent
936 2979 1108 3059 invenire,
1132 2978 1168 3041 in
1193 2981 1301 3042 aedes
1324 2981 1467 3043 tandem
1489 2982 1606 3045 cuius·

320 3093 400 3153 dam
426 3111 471 3152 ex
494 3088 673 3171 precipuis
705 3088 835 3150 nostris
869 3085 1122 3164 familiaribus,
1154 3085 1209 3147 cui
1242 3097 1386 3149 nostrae
1417 3086 1608 3153 Goziensis

320 3197 488 3260 abbatiae
513 3216 632 3258 curam
658 3194 896 3274 comissimus,
927 3213 996 3255 non
1031 3193 1239 3256 dubitarunt
1272 3192 1483 3278 irrumpere,
1515 3216 1608 3277 quas

322 3326 365 3366 ea
389 3303 607 3368 immanitate
630 3302 879 3383 compilarunt,
912 3310 950 3362 ut
986 3320 1056 3362 non
1081 3299 1238 3362 contenti
1271 3303 1528 3382 supellectilem
1553 3314 1606 3366 to·

320 3421 391 3474 tam
416 3421 547 3492 quanta
571 3419 702 3491 quanta
728 3417 804 3470 erat
828 3407 1035 3488 diripuisse,
1064 3406 1241 3469 fenestras
1274 3427 1415 3489 quoque
1439 3412 1536 3490 ipsas
1561 3430 1607 3474 ac

319 3517 495 3600 parietes,
530 3516 703 3579 effrenata
735 3536 798 3577 sua
830 3514 968 3577 insania
1006 3512 1057 3576 ita
1087 3514 1331 3595 disruperunt,
1366 3524 1403 3576 ut
1435 3514 1465 3576 is
1502 3516 1607 3579 locus

319 3628 507 3706 plusquam
543 3621 664 3685 decies
698 3621 795 3684 mille
830 3620 1044 3683 florenorum
1085 3619 1256 3682 iacturam
1291 3619 1419 3683 fecisse
1453 3621 1607 3690 dicatur.

319 3731 445 3812 Neque
469 3750 555 3792 vero
584 3728 620 3791 id
647 3748 708 3791 eos
731 3726 857 3808 flagitii
881 3726 1034 3789 satiavit.
1082 3725 1174 3807 Quin
1197 3726 1234 3789 in
1259 3726 1371 3808 ipsam
1396 3730 1521 3791 urbem
1551 3751 1605 3793 re·

318 3836 423 3916 versi,
448 3849 588 3916 nostros
612 3837 702 3898 adeo
727 3855 889 3898 carceres
914 3833 1018 3896 veriti
1041 3854 1111 3896 non
1136 3842 1217 3896 sunt
1241 3833 1465 3915 perfringere
1491 3844 1530 3897 ut
1555 3841 1604 3899 al-

319 3955 432 4006 terum
457 3943 553 4005 illum
576 3942 792 4005 haereticum
821 3941 1025 4018 liberarent,
1055 3962 1159 4023 quem
1189 3952 1350 4023 ereptum
1380 3942 1426 4003 ad
1451 3942 1605 4023 primum

319 4070 460 4131 quoque
473 4048 629 4131 lapidem
646 4050 882 4126 deduxerunt,
909 4068 979 4128 quo
996 4048 1105 4111 tutius
1123 4069 1246 4111 manus
1263 4059 1404 4111 nostras
1421 4051 1605 4116 evaderet.

319 4157 420 4218 Haec
444 4155 552 4237 igitur
580 4176 686 4237 quum
720 4154 770 4218 ita
803 4154 874 4216 sint
908 4154 1119 4218 Beatissime
1151 4155 1260 4217 Pater
1289 4166 1489 4219 nostrarum
1521 4178 1604 4222 esse

319 4264 473 4344 pretium
497 4262 565 4324 rati
584 4282 713 4341 sumus,
738 4281 859 4323 eorum
875 4259 911 4322 S.
926 4261 964 4325 T.
984 4261 1171 4325 certiorem
1187 4264 1349 4337 reddere,
1374 4272 1412 4323 ut
1435 4262 1604 4327 idoneum

318 4370 562 4432 exorientibus
575 4368 774 4432 huiusmodi
787 4369 888 4431 malis
901 4369 1093 4431 remedium
1108 4369 1286 4431 adhibeat.
1303 4368 1342 4429 Id
1354 4370 1450 4450 quod
1460 4369 1604 4433 incunc-

317 4487 435 4540 tanter
448 4497 512 4539 nos
526 4486 622 4538 certe
637 4475 847 4552 faceremus,
862 4486 969 4556 prout
979 4475 1058 4556 ipsa
1070 4485 1189 4537 monet
1202 4474 1328 4556 pietas,
1343 4474 1489 4556 eiusque
1501 4496 1602 4540 reve·

317 4585 433 4647 rentia
445 4584 479 4645 in
491 4583 589 4646 cuius
598 4584 694 4646 haud
705 4582 811 4645 dubie
819 4592 1059 4663 contemptum
1070 4581 1399 4664 istaperpetrantur
1408 4582 1437 4643 si
1448 4581 1485 4644 id
1493 4585 1602 4646 modo

316 4692 351 4753 in
378 4701 498 4753 nostra
522 4710 627 4753 manu
652 4689 736 4751 satis
761 4699 865 4751 esset.
913 4689 1046 4751 Verum
1072 4708 1178 4769 quum
1211 4687 1244 4750 ei
1276 4687 1327 4750 rei
1356 4687 1602 4752 conficiendae

318 4818 444 4880 parum
468 4818 533 4859 nos
557 4795 721 4859 sufficere
745 4796 962 4875 videremus,
997 4795 1110 4858 visum
1136 4804 1190 4857 est
1214 4795 1260 4856 ad
1284 4793 1457 4857 neminem
1481 4794 1603 4874 potius

317 4925 423 4986 quam
452 4906 497 4967 ad
521 4904 560 4967 E.
586 4903 622 4966 S.
646 4903 687 4965 Τ.
717 4902 922 4984 confugere,
948 4921 1039 4983 quae
1072 4901 1176 4964 nobis
1205 4901 1240 4963 in
1271 4921 1345 4964 rem
1378 4899 1602 4966 Christianae
