3559 5734
27 5018 29 5027 r

27 5032 29 5043 Ι

28 5090 29 5103 l

28 5106 29 5115 l

792 1307 821 1371 1.

375 1445 538 1512 Friderioo
562 1446 642 1513 Duoi
665 1447 835 1515 Santiniae.
860 1449 897 1516 S‘.
923 1449 963 1516 u.
988 1450 1077 1534 lmp¹.
1102 1452 1236 1518 electori

608 1588 727 1673 Leo
761 1589 877 1674 PP.
911 1591 1018 1692 XJ)

529 1747 631 1819 (Aeta
649 1744 930 1805 vormatiensis
947 1746 1005 1807 fol.
1024 1750 1079 1817 et)

689 1892 725 1960 (8.
745 1893 811 1957 Julii
834 1892 921 1959 1520.)

251 2163 392 2226 Dilecte
422 2160 472 2223 fili
502 2161 652 2223 salutem
684 2171 719 2222 et
749 2161 982 2242 apostolicam
1016 2163 1311 2227 benedictionem.
1363 2164 1443 2228 Cre·

161 2274 247 2334 dere
279 2272 441 2331 volumus
473 2267 695 2330 nobilitatem
726 2278 822 2329 tuam
855 2288 931 2347 nos,
963 2280 999 2330 et
1021 2289 1088 2349 pro
1113 2278 1385 2354 naturanostra
1410 2282 1445 2335 et

159 2398 226 2459 pro
251 2376 429 2439 Pastorali
454 2376 549 2457 quod
574 2373 729 2455 gerimus
754 2373 883 2454 officio,
909 2366 958 2436 ad
980 2370 1161 2438 lenitatem
1187 2389 1222 2439 et
1246 2388 1443 2441 mansuetu-

159 2486 278 2548 dinem
293 2502 504 2565 propens05,
531 2483 678 2545 moleste
701 2482 892 2543 admodum
914 2481 1010 2544 ferre
1037 2503 1116 2545 eum
1133 2486 1190 2546 vel
1206 2504 1295 2546 unus
1315 2484 1444 2567 aliquis

159 2614 205 2656 ex
229 2611 344 2674 grege
370 2609 492 2652 eorum
517 2588 576 2669 qui
601 2608 703 2651 sacro
727 2588 863 2670 perfusi
887 2590 1102 2671 baptismate
1116 2589 1188 2678 ‘filii
1211 2601 1293 2653 sunt
1317 2602 1353 2653 et
1376 2590 1445 2654 Dei

159 2712 194 2762 et
227 2697 356 2778 nostri,
390 2696 523 2777 aliquid
555 2694 750 2757 committat
782 2695 817 2756 in
850 2697 966 2777 legem
998 2706 1156 2759 sanctam
1180 2706 1217 2759 et
1240 2695 1444 2779 scripturas,

159 2827 229 2889 quo
262 2805 339 2888 ejici
371 2824 418 2866 ex
450 2802 602 2865 ecclesia
633 2811 824 2875 mereatur;
858 2804 917 2864 vel
949 2823 1027 2864 cum
1058 2803 1119 2864 illo
1146 2803 1191 2864 ad
1219 2804 1365 2866 sceleris
1390 2804 1443 2866 sui

159 2914 352 2991 vesaniam,
389 2921 424 2973 et
449 2909 700 2972 contumatiam
736 2919 772 2972 et
805 2909 1080 2973 obstinationem
1112 2910 1268 2973 addente
1299 2912 1345 2973 ad
1379 2932 1443 2973 nos

158 3019 361 3083 necessario
387 3015 546 3079 defertur
570 3017 742 3079 severitas
766 3015 987 3079 vindicandi:
1022 3017 1112 3079 Nam
1136 3027 1171 3078 et
1189 3016 1366 3079 interitum
1385 3020 1441 3079 vel

159 3127 324 3190 minimae
349 3126 426 3188 ovis
451 3145 497 3186 ex
520 3143 633 3206 grege
658 3134 779 3185 nostro
804 3144 883 3185 cum
908 3123 1032 3186 dolore
1056 3123 1218 3204 ferimus,
1245 3134 1280 3184 et
1303 3143 1443 3205 poenae

159 3232 420 3297 animadversio
452 3230 712 3294 mansuetudini
745 3241 888 3293 nostrae
920 3233 1150 3293 vehementer
1174 3241 1228 3292 est
1252 3231 1440 3294 contraria.

160 3342 283 3422 ltaque
308 3340 452 3401 Testem
476 3338 591 3399 Deum
623 3339 902 3419 omnipotentem
932 3349 967 3400 et
990 3347 1086 3400 tuam
1110 3337 1332 3401 nobilitatem
1356 3338 1439 3400 faci·

160 3470 233 3511 mus
248 3467 315 3510 nos
328 3447 400 3528 jam
422 3448 468 3508 ab
485 3444 584 3506 initio
602 3465 681 3507 curn
697 3444 841 3507 Martini
860 3444 1017 3524 Lutheri,
1042 3464 1146 3526 quem
1162 3444 1273 3507 filium
1290 3446 1440 3527 amplius

160 3568 318 3617 nostrum
342 3573 473 3615 vocare
498 3573 566 3614 non
585 3572 781 3633 possumus,
805 3552 956 3634 primum
973 3552 1213 3615 malivolentia
1231 3562 1267 3614 et
1282 3552 1441 3615 inaudito

159 3664 311 3743 quodam
335 3660 369 3721 in
394 3662 486 3722 hanc
512 3657 778 3721 Sanctissimam
800 3658 932 3721 Sedem
956 3667 1139 3739 totumque
1164 3679 1291 3721 nomen
1309 3659 1439 3721 Roma·

159 3790 239 3832 num
271 3768 356 3831 odio
388 3772 676 3848 prorumpentem
700 3764 953 3841 temeritatem,
986 3764 1116 3827 deinde
1147 3746 1258 3846 usque
1288 3766 1334 3828 ad
1356 3765 1440 3828 fidei

160 3878 383 3938 orthodoxae
398 3875 631 3936 fundamenta
648 3875 895 3952 convellenda,
919 3876 1044 3953 bonos,
1069 3882 1105 3935 et
1120 3893 1236 3935 mores
1254 3883 1290 3935 et
1304 3873 1440 3935 animos

160 3982 456 4063 corrumpendos,
496 4001 705 4062 omnemque
745 3980 906 4042 ordinem
946 3980 1167 4043 Christianae
1200 3975 1440 4062 Reipublicae

160 4089 433 4170 pervertendum
457 4099 664 4170 provectam
688 4087 860 4149 insaniam
885 4087 1088 4150 videremus
1113 4087 1242 4149 diutius
1264 4109 1342 4150 esse
1361 4109 1438 4169 pas·

161 4217 229 4276 505,
261 4216 366 4277 quam
390 4195 537 4257 forsitan
562 4196 752 4276 pastoralis
777 4194 890 4257 Curae
916 4195 1101 4276 vigilantia
1125 4197 1344 4276 postulabat:
1376 4198 1438 4258 sed

160 4324 199 4364 ea
214 4324 279 4385 spe
298 4322 375 4364 esse
392 4322 526 4383 passoS,
544 4303 639 4383 quod
656 4301 753 4364 illum
768 4303 813 4363 ad
831 4301 1085 4383 poenitentiam
1103 4301 1272 4381 converti,
1290 4313 1325 4364 et
1342 4313 1437 4365 tuam

160 4412 379 4473 nobilitatem
412 4430 483 4471 non
513 4409 646 4472 offendi
680 4410 889 4491 optavimus,
943 4407 1003 4472 Sic
1037 4410 1130 4473 enim
1161 4410 1336 4472 communi
1368 4429 1438 4471 om-

160 4518 251 4582 nium
284 4538 446 4581 sermone
476 4518 768 4599 praedicabatur,
802 4518 866 4579 tibi
890 4518 988 4580 illum
1013 4521 1157 4581 charum
1182 4527 1438 4598 acceptumque

162 4644 246 4707 esse,
276 4636 408 4707 tuoque
432 4626 528 4687 illum
552 4625 750 4708 patrocinio
775 4625 890 4706 magis
914 4623 1083 4687 confisum
1108 4645 1213 4706 quam
1237 4628 1437 4705 oportebat,

182 4820 202 4887 ¹)
228 4821 367 4870 Diversam
393 4821 500 4869 omnino
523 4822 661 4885 epistolam
686 4822 826 4870 ediderunt
850 4823 1021 4886 impressores
1045 4837 1153 4885 operum
1176 4819 1302 4878 Lutheri,
1328 4820 1361 4867 de
1386 4836 1438 4884 qua

228 4903 342 4951 diximus
362 4903 388 4950 in
410 4903 580 4965 praelatione.

186 5008 264 5059 Belum
279 5008 422 5047 Documenta
431 5008 568 5047 Lutherana.
1261 4988 1275 5043 l
