3559 5734
1397 515 1890 571 0-43465&

373 664 549 724 altro
582 663 647 725 in
686 664 1014 732 Polonia;
1052 664 1595 727 maximamente
1632 667 2175 746 expectandone
2206 667 2252 728 il
2286 688 2540 749 parer-2,²
2576 669 2640 729 {li
2684 669 2752 729 Η.
2807 669 2920 729 Η“·’“’

364 769 590 831 inteso
643 771 773 832 che
823 770 1086 832 havera
1137 773 1235 833 tal
1284 771 1730 845 risolutione;
1783 775 1868 835 ne
1918 773 1963 834 il
2016 774 2544 854 reprehendere
2576 781 2736 853 quel
2792 781 2920 837 che

364 875 478 957 gia
530 877 565 938 ὁ
614 876 793 939 fatto
844 898 937 958 po
986 898 1028 938 a
1078 878 1214 940 mio
1264 898 1478 958 parer
1539 865 1715 941 hora
1778 881 2076 961 giovare
2136 882 2389 942 alcuna
2455 902 2644 949 cosa:
2716 885 2920 945 stium

364 986 501 1045 ben
552 986 681 1045 che
734 1006 871 1046 non
921 988 1137 1047 molto
1188 987 1378 1065 dopo
1429 987 1667 1065 quella
1728 985 1855 1047 ΜΝ*
1911 1007 1987 1048 se
2054 1007 2140 1048 ne
2209 987 2487 1068 pentira
2556 993 2920 1069 pensando

365 1091 492 1152 che
542 1091 654 1151 chi
703 1112 844 1154 non
895 1112 1104 1154 serva
1151 1113 1193 1154 a
1240 1093 1378 1154 Dio
1431 1103 1518 1171 et,
1548 1093 1686 1154 alla
1736 1114 1863 1155 soa
1909 1093 2281 1175 relligione
2331 1094 2378 1156 il
2410 1094 2800 1157 iuramento
2856 1113 2924 1161 et

363 1199 428 1259 la
475 1197 671 1279 fede,
742 1201 956 1261 molto
1030 1221 1236 1262 meno
1305 1201 1375 1262 la
1440 1200 1728 1262 servatii
1798 1222 1840 1263 a
1905 1222 2043 1263 uno
2107 1203 2338 1263 homo,
2435 1202 2920 1265 Fomentanzln

364 1304 530 1385 ogni
582 1316 774 1368 sorta
824 1307 912 1368 de
961 1306 1305 1369 infidelita
1354 1317 1604 1387 questo
1653 1308 1894 1370 furore
1944 1308 2015 1370 di
2082 1308 2362 1370 heresia
2425 1310 2532 1370 chi
2568 1309 2604 1369 i:
2668 1313 2788 1389 gizi
2854 1313 2920 1373 in

366 1414 576 1474 molte
626 1412 793 1475 cittii
844 1414 912 1475 di
963 1417 1198 1495 quella
1248 1414 1616 1495 provincia
1664 1415 1731 1476 di
1788 1416 2075 1477 Prussia
2123 1428 2192 1490 et
2242 1417 2804 1497 maggiormvnte
2856 1417 2920 1481 in

365 1519 578 1597 quelli
628 1520 758 1580 che
808 1521 1329 1600 perditamente
1379 1522 1478 1602 gli
1527 1542 1701 1605 sonp
1730 1523 2017 1602 addicti,
2066 1524 2298 1585 sicchff‘
2334 1523 2736 1585 facilmentss²
2792 1549 2920 1585 mn

365 1635 613 1705 questo
664 1629 970 1690 accordo
1019 1631 1471 1709 potrebbono
1520 1630 1785 1691 havere
1836 1632 2051 1691 eletto
2112 1651 2204 1691 un
2271 1649 2449 1709 gran
2512 1633 2792 1709 inimico
2856 1633 2920 1693 [li

365 1735 599 1812 quella
649 1755 914 1796 corona
963 1736 1073 1797 col
1127 1745 1382 1816 tempo,

544 1890 556 1903 .
598 1895 606 1904 .
647 1890 660 1903 .
714 1841 848 1922 Qui
899 1842 954 1904 si
1007 1844 1041 1905 ὁ
1093 1844 1289 1904 detto
1340 1864 1470 1925 per
1518 1854 1712 1905 certo
1763 1847 1832 1905 la
1882 1853 2106 1906 morte
2156 1845 2270 1906 del
2322 1846 2520 1906 Duca
2560 1845 2924 1905 Frideriuo

366 1946 433 2008 di
486 1948 845 2027 saxonia,
913 1950 1108 2012 cuius
1167 1950 1398 2012 anima
1448 1953 1727 2031 sepulta
1792 1960 1898 2012 est
1960 1951 2025 2012 in
2089 1935 2385 2030 infern0‚
2436 1973 2512 2014 se
2564 1973 2688 2033 pei·
2740 1953 2924 2029 pictis

366 2054 606 2117 divina
654 2055 721 2118 in
774 2068 1024 2138 questo
1057 2070 1378 2120 extremo
1420 2067 1683 2138 puncto
1719 2080 1860 2121 non
1897 2060 1932 2121 e
1965 2068 2149 2119 stato
2187 2058 2596 2120 illuminato.
2696 2061 2924 2117 [Tris-:ln

367 2163 495 2223 che
523 2162 567 2223 ’l
618 2163 819 2225 Duca
869 2163 1226 2227 Giovanni
1275 2173 1346 2225 et
1395 2165 1637 2245 nipote
1684 2166 2216 2228 succederanno
2254 2168 2366 2226 nel
2402 2174 2608 2245 statu,
2660 2165 2704 2225 li
2740 2165 2924 2245 quali

368 2271 542 2331 altre
592 2272 784 2332 volte
834 2270 1041 2333 intesi
1091 2273 1221 2334 che
1272 2292 1488 2333 erano
1539 2272 1818 2352 pegiori
1869 2272 1939 2334 di
1988 2272 2103 2336 lui.

647 2426 659 2438 .
731 2378 805 2439 si
850 2378 904 2440 ,e
972 2379 1170 2440 detto
1235 2380 1550 2441 anchora
1614 2381 1744 2441 che
1811 2378 1854 2439 'l
1917 2379 2106 2441 Rmo
2157 2378 2580 2459 Moguntinu
2640 2381 2676 2433 s·
2744 2393 2928 2437 stato

368 2504 575 2565 preso
646 2487 738 2547 da
801 2486 1016 2567 quelli
1066 2486 1133 2547 di
1198 2485 1702 2568 Magdeburga
1766 2496 1835 2547 et
1901 2486 2127 2567 questi
2196 2485 2544 2547 lutherani
2616 2497 2928 2545 mettum*

369 2592 554 2654 fama
605 2594 733 2654 che
765 2593 806 2654 ’l
855 2591 1158 2673 pigliara
1208 2592 1513 2672 m‘oglie;
1565 2592 1630 2654 io
1685 2614 1823 2654 non
1874 2595 2090 2655 credo
2141 2594 2225 2654 ne
2278 2592 2319 2654 l'
2355 2613 2492 2654 uno
2548 2593 2632 2653 ηιῖε
2684 2593 2928 2653 l'altrn

370 2700 627 2780 perche
680 2700 845 2782 ogni
897 2700 1149 2780 giorno
1201 2700 1563 2762 seminano
1614 2699 1818 2760 simili
1866 2699 2123 2765 falsita.

546 2855 560 2869 .
601 2856 663 2870 ..
728 2806 1144 2869 Riuscendo
1226 2817 1478 2888 questa
1555 2828 1722 2868 cosa
1790 2808 1859 2867 di
1923 2806 2267 2869 Bohemia
2343 2805 2407 2867 ci
2471 2809 2928 2869 afforfflrenm

371 2918 679 2977 anchora
742 2935 1051 2996 porgere
1122 2916 1421 2996 qualche
1492 2913 1787 2976 rimedio
1863 2926 1933 2976 et
2003 2924 2341 2995 sostegno
2421 2914 2556 2975 alle
2628 2933 2788 2973 cnse
2864 2913 2928 2973 di

372 3022 695 3084 Moravia
731 3031 801 3083 et
832 3022 901 3083 di
936 3020 1165 3085 Slesia
1196 3042 1327 3083 con
1363 3023 1431 3083 lo
1467 3021 1657 3082 aiuto
1694 3023 1782 3081 de
1819 3020 2048 3100 questi
2098 3019 2353 3099 boemi,
2397 3021 2462 3081 le
2508 3021 2692 3101 quali
2732 3021 2928 3081 altra-

374 3140 603 3191 mcnte
640 3140 893 3191 stanno
926 3131 1142 3191 molte
1172 3131 1355 3191 male
1389 3138 1455 3190 et
1491 3128 1839 3190 infettate.
1898 3128 2108 3189 Pensi
2136 3127 2214 3190 V.
2246 3125 2318 3188 S.
2351 3127 2421 3187 in
2455 3141 2716 3206 quantu
2752 3125 2928 3185 lasti-

375 3236 489 3298 dio
527 3250 595 3298 et
628 3236 982 3317 travaglio
1015 3237 1082 3297 io
1134 3236 1224 3297 mi
1258 3235 1439 3297 trovi
1470 3237 1660 3317 dopo
1691 3246 1887 3296 tanta
1923 3234 2424 3315 expettacione
2453 3233 2784 3294 triwarmi
2820 3253 2924 3293 ειη-

375 3345 542 3405 chor
562 3343 681 3422 qui
706 3344 1166 3404 circumsesso
1187 3344 1277 3403 da
1298 3342 1707 3403 moltissime
1728 3340 2073 3402 difficulta
2092 3351 2161 3401 et
2180 3340 2393 3416 dubii,
2417 3339 2486 3400 di
2508 3341 2636 3401 che
2656 3361 2932 3417 seium-{²-

373 3453 545 3533 pero
595 3472 767 3512 sono
816 3460 1001 3511 stato
1052 3450 1266 3511 anxio
1319 3461 1388 3511 et
1423 3450 1760 3520 sollicito;
1796 3448 1884 3509 ne
1934 3468 2063 3529 per
2097 3449 2277 3508 altra
2311 3445 2608 3527 cagiont:
2648 3449 2928 3525 [suumin

374 3557 439 3619 io
501 3557 781 3619 mandai
849 3558 917 3618 lo
966 3556 1194 3638 primo
1246 3555 1492 3617 avviso
1559 3557 1648 3617 de
1711 3557 1780 3618 la
1846 3554 2299 3617 conclusione
2365 3555 2544 3614 fatta
2612 3569 2716 3613 tra
2780 3557 2928 3613 ltu-n

375 3665 676 3727 ricordal
743 3666 871 3725 che
932 3684 1071 3752 non
1137 3665 1192 3726 si
1246 3664 1520 3725 facesse
1570 3663 1907 3744 pubblica
1967 3661 2211 3741 letitia,
2261 3661 2672 3742 parendnmi
2728 3661 2928 3721 cl1e³l

377 3772 783 3853 manegiare
834 3791 921 3832 un
978 3773 1073 3832 tal
1128 3772 1480 3832 cadavero
1534 3770 1599 3831 di
1654 3780 1862 3831 cento
1914 3768 2077 3830 anni
2128 3778 2198 3829 et
2257 3768 2374 3849 piu
2441 3788 2576 3829 non
2648 3781 2928 3849 {maesse

377 3883 636 3941 havere
686 3899 761 3940 se
811 3899 950 3939 non
1003 3876 1347 3939 difficulta
1396 3878 1690 3959 grande,
1742 3876 1789 3938 li
1839 3874 2050 3956 quali,
2079 3878 2362 3956 quando
2412 3895 2584 3936 sonu]
2636 3873 2780 3937 cosi
2832 3877 2924 3937 in-

378 3985 703 4063 vechiati,
766 3986 1145 4047 offendono
1205 4005 1406 4045 meno
1481 3983 1722 4045 lassati
1791 3980 1936 4044 cosi
2000 4002 2199 4043 corne
2271 3980 2328 4042 si
2398 3980 2736 4061 giacenffl
2803 4001 2932 4061 pur

379 4103 629 4173 potens
678 4102 785 4154 est
838 4092 1179 4154 Dominus
1229 4090 1437 4152 etiam
1489 4113 1575 4151 ex
1627 4089 1982 4171 lapidibus
2022 4088 2361 4150 suscitare
2391 4087 2552 4149 fidel
2592 4089 2932 4169 spiritum,

553 4200 800 4261 Budae
851 4199 1115 4260 XXVI
1165 4198 1332 4259 Maii
1385 4196 1783 4259 MDXXV.

438 4987 594 5034 Balnn,
619 4986 905 5023 Documenta
926 4984 1201 5021 Lumeraua.
2510 4981 2580 5029 3U
