3559 5734
737 473 985 551 aarum

224 642 394 706 hactenus
418 643 584 725 gesseris
609 653 742 725 quanta
766 641 848 705 item
874 642 1060 706 alacritate
1085 651 1121 704 et
1136 636 1242 705 animi
1266 621 1395 703 ardore
1410 634 1504 721 mag'·

225 771 304 813 num
337 751 603 814 lutheranorum
635 748 805 813 librorum
839 770 1022 812 numerum
1051 749 1195 831 publico
1220 748 1295 830 igni
1327 747 1363 811 in
1387 748 1505 811 medio

225 858 487 939 Antwerpiensi
521 858 598 921 foro
623 859 902 921 comburendum
935 878 1049 939 nuper
1079 855 1344 938 procuraveris,
1381 866 1416 919 et
1448 854 1505 918 isti

224 964 425 1028 executioni
459 965 658 1028 Caesareae
686 964 884 1028 Maiestatis
916 964 1056 1028 nomine
1090 974 1126 1027 et
1158 964 1254 1026 iussu
1288 964 1440 1046 ipsemet
1469 972 1505 1025 et

224 1072 424 1154 praefueris
447 1082 483 1136 et
507 1073 551 1135 ad
568 1070 676 1134 finem
699 1092 810 1154 usque
827 1070 1118 1152 conflagrationis
1134 1070 1347 1151 interfueris,
1371 1070 1505 1152 optimo

227 1188 260 1241 et
283 1179 435 1242 maxime
456 1179 602 1242 salutari
619 1178 837 1260 simplicibus
855 1178 1039 1242 animabus
1061 1179 1237 1260 exemplo,
1277 1177 1507 1260 Quapropter

227 1305 295 1350 non
319 1307 505 1368 possumus
529 1305 601 1349 non
625 1285 689 1348 tibi
713 1285 882 1368 plurimas
906 1286 1042 1368 gratias
1065 1305 1192 1367 agere,
1217 1295 1324 1367 teque
1349 1292 1385 1347 et
1407 1294 1504 1347 tuum

226 1392 317 1455 istud
351 1392 612 1456 sanctissimum
646 1394 869 1476 propositum
905 1394 1154 1456 commendare
1199 1403 1235 1455 et
1270 1391 1364 1455 mille
1398 1395 1504 1454 bene·

228 1499 439 1564 dictionibus
462 1499 642 1582 prosequi.
689 1500 884 1563 Hortamur
909 1499 1014 1563 etiam
1046 1508 1081 1563 te
1105 1500 1141 1562 in
1165 1500 1319 1563 Domino
1344 1509 1380 1561 et
1403 1519 1504 1581 roga·

227 1628 302 1670 mus
333 1618 372 1670 ut
395 1608 691 1691 quemadmodum
725 1608 852 1690 cepisti
880 1609 929 1670 ita
953 1610 1073 1671 facere
1106 1627 1333 1689 perseveres,
1369 1606 1505 1688 tibique

226 1717 442 1796 persuadeas
473 1724 617 1798 praeter
640 1714 834 1796 praemium
865 1716 961 1797 quod
985 1714 1050 1777 tibi
1080 1716 1137 1777 vel
1169 1716 1216 1776 ob
1247 1715 1338 1778 hanc
1363 1733 1505 1777 causam

226 1821 413 1884 maximum
446 1821 481 1885 in
506 1823 615 1885 caelis
646 1832 808 1903 paratur,
844 1820 920 1885 Nos
943 1832 1173 1903 sanctamque
1205 1822 1297 1883 hanc
1321 1821 1442 1883 sedem
1475 1820 1506 1882 si

226 1928 368 2009 quando
392 1949 456 1991 usu
481 1928 642 2009 eveniat,
667 1938 728 1991 tuo
752 1938 906 2010 tuaeque
930 1928 1085 1992 familiae
1109 1927 1236 1993 honori
1261 1928 1446 1991 commodo
1471 1937 1506 1990 et

163 2022 172 2036 ’
226 2034 391 2115 dignitati
414 2055 637 2118 nequaquam
661 2034 855 2099 defuturos.
903 2038 986 2099 Dat.
1011 2036 1152 2098 Romae
1177 2044 1242 2099 etc.

832 2256 847 2261 ,,
866 2250 965 2261 »mam-m

819 2497 893 2561 114.

544 2614 933 2695 Vieeoaucellarius
960 2614 1178 2696 Aloandro.

667 2753 810 2825 (Nuntiat.
829 2753 955 2812 German
972 2754 1003 2813 Ιι.
1022 2754 1073 2823 ib)

722 2876 756 2935 (3.
776 2874 891 2937 Augusti
914 2872 1000 2941 1521.)

313 2997 477 3061 Havemo
502 2999 536 3061 la
552 3006 674 3061 vostra
691 2999 736 3060 de
752 2998 860 3065 XIX.
883 2999 941 3060 del
957 3010 1102 3079 passato
1127 3009 1163 3061 et
1177 3000 1268 3061 altro
1285 3019 1354 3061 non
1371 3000 1504 3063 accade

224 3125 264 3167 se
288 3126 357 3168 non
382 3105 537 3188 replicar
560 3104 585 3167 il
610 3107 807 3186 medesm0‚
842 3105 918 3168 cioe
943 3108 1172 3169 commendat
1195 3126 1334 3188 sempre
1359 3106 1381 3170 l’
1395 3126 1505 3188 opera

223 3220 261 3274 et
283 3212 318 3275 in
344 3211 466 3295 primis
490 3212 574 3275 fede
598 3223 634 3275 et
658 3223 849 3276 constanza
872 3223 1004 3277 vostra.

314 3319 416 3383 Nelle
440 3340 522 3383 cose
547 3320 606 3383 del
629 3340 785 3383 vescovo
810 3319 846 3382 di
870 3321 1030 3384 Traietto
1054 3322 1083 3384 si
1107 3322 1223 3385 scrive
1247 3323 1280 3384 al
1297 3321 1504 3385 Caracciolo

223 3434 261 3488 et
283 3425 326 3490 N.
351 3424 403 3488 8¹⁰
427 3447 489 3489 era
519 3448 541 3490 a
563 3435 655 3490 tutto
687 3426 945 3509 dispostissimo
976 3427 1004 3491 si
1033 3448 1098 3509 per
1121 3437 1280 3510 respetto
1312 3431 1406 3493 della
1430 3430 1503 3511 giu-

223 3532 330 3613 stitia,
354 3538 382 3596 si
407 3553 473 3615 per
496 3554 595 3597 amor
619 3536 713 3597 della
730 3534 883 3598 Cesarea
903 3532 1040 3598 Maesta
1065 3538 1134 3598 alla
1157 3537 1262 3617 quale
1286 3557 1355 3599 non
1379 3536 1408 3598 si
1432 3539 1504 3619 pub

222 3638 284 3721 piri
318 3659 432 3722 negat
455 3660 540 3704 cosa
572 3642 709 3704 alcuna.
757 3641 803 3704 Vi
828 3641 855 3704 si
881 3643 1058 3706 mandano
1092 3645 1161 3705 due
1185 3642 1304 3724 brevi,
1341 3664 1410 3706 uno
1438 3663 1504 3724 per

221 3745 245 3809 1²
260 3747 463 3810 absolution
488 3747 524 3809 di
548 3747 630 3830 quei
654 3749 722 3810 due
747 3748 794 3809 da
813 3748 1060 3833 Norimberga‚
1084 3750 1105 3812 l’
1119 3752 1210 3813 altro
1234 3771 1300 3833 per
1323 3749 1504 3832 gratificer

223 3855 308 3935 quel
340 3853 432 3917 frate
466 3855 512 3916 da
536 3856 594 3917 voi
618 3856 947 3939 raccommandat0‚
984 3859 1049 3920 che
1082 3858 1195 3939 perhb
1219 3856 1262 3920 N.
1287 3856 1339 3919 8¹⁰
1362 3878 1432 3920 non
1456 3859 1504 3920 ha

222 3962 346 4023 voluto
370 3963 656 4043 concederglielo
684 3982 750 4044 per
773 3962 833 4043 piu
858 3965 924 4027 che
949 3984 1014 4045 per
1037 3984 1107 4026 uno
1132 3984 1225 4028 anno
1250 3973 1285 4027 et
1308 3985 1346 4026 se
1371 3963 1400 4026 si
1423 3984 1502 4045 por-

222 4068 300 4130 tera
332 4069 403 4131 ben
428 4089 586 4150 sempm,
619 4068 693 4132 Sua
716 4067 857 4132 Santita
890 4071 926 4132 di
950 4090 1043 4134 novo
1075 4073 1109 4133 lo
1134 4070 1372 4152 gratifichera.
1419 4070 1501 4135 Dat.

223 4195 270 4236 ex
293 4175 476 4238 Florentia
499 4176 550 4238 III
575 4176 728 4257 Augusti
753 4177 936 4240 MDXXI.
