3559 5734
688 516 935 577 edema-³

169 687 244 730 rem
268 688 404 733 mecum
428 676 594 748 tractare,
618 665 767 730 delectis
790 667 837 731 ad
860 666 898 730 id
921 666 1057 748 aliquot
1081 664 1166 732 viris
1190 664 1347 750 eruditis,
1371 688 1451 751 pro-

168 774 234 853 bis,
260 785 296 837 et
318 775 479 839 honestis
487 823 496 856 ,
521 794 589 857 ego
613 795 668 837 me
693 773 805 838 offero
829 774 988 857 benigne
1012 775 1211 838 auditurum
1236 774 1363 838 omnia.
1395 776 1451 839 Ac

170 882 362 946 secundum
384 881 540 964 justitiae
562 881 771 962 honestatis,
796 892 832 945 et
855 880 1045 964 aequitatis
1068 883 1242 963 regulam,
1265 902 1450 964 quaecum-

170 1010 240 1071 que
264 989 395 1052 fuerint
419 988 651 1072 corrigenda,
675 991 855 1069 mutanda,
880 987 1080 1069 minuenda,
1106 989 1290 1070 cassanda,
1314 998 1377 1052 aut
1399 1010 1449 1052 re·

170 1096 377 1174 formanda,
406 1104 662 1177 correcturum,
693 1104 924 1177 mutaturum,
956 1095 1188 1177 minuturum,
1221 1107 1452 1180 cassaturum,

171 1213 232 1267 aut
255 1203 539 1267 reformaturum.
564 1239 607 1251 -

554 1344 765 1427 Ejusdem
796 1344 1064 1427 replicatio.

267 1470 355 1534 Viso
386 1470 543 1555 capitulo
580 1477 819 1533 concernente
847 1469 1032 1534 materiam
1067 1493 1239 1536 novarum
1267 1475 1454 1539 haeresum

172 1577 285 1641 Nobis
308 1599 374 1660 per
397 1576 499 1641 Sacri
521 1577 678 1642 Romani
702 1577 845 1659 Imperii
870 1578 1060 1659 deputatos
1089 1580 1211 1643 ultimo
1244 1582 1323 1653 loco
1357 1581 1453 1645 exhi-

174 1685 248 1748 bito
271 1706 323 1766 ac,
336 1696 375 1749 ut
383 1696 621 1765 asseruerunt,
632 1704 699 1767 per
715 1705 777 1748 eos
792 1685 971 1766 concluso,
985 1684 1133 1749 dicimus
1146 1695 1183 1749 et
1196 1689 1454 1770 respondemus

174 1801 317 1856 nostrae
346 1791 553 1856 intentionis
581 1812 660 1856 esse
694 1793 790 1855 nullo
818 1801 924 1874 pacto
957 1792 1052 1855 circa
1085 1793 1234 1857 Concilii
1267 1793 1454 1859 Generalis

175 1899 491 1981 congregationem
532 1908 567 1962 et
608 1918 827 1962 communem
864 1899 1181 1982 congregationem
1219 1899 1454 1966 Germanicae

175 2006 337 2070 Nationis
360 2008 405 2068 ad
431 2006 524 2069 diem
548 2005 631 2069 Divi
654 2005 799 2069 Martini
823 2005 986 2088 proxime
1010 2006 1118 2070 futuri
1147 2007 1183 2071 in
1208 2008 1353 2073 civitate
1377 2007 1454 2093 Spi-

175 2113 270 2177 rensi
302 2112 473 2193 fiendam,
511 2113 698 2196 quicquam
735 2112 912 2195 polliceri,
945 2113 1136 2195 assentire,
1168 2115 1226 2177 vel
1254 2116 1456 2180 consentire

176 2223 269 2283 ultra
298 2231 334 2283 et
365 2230 504 2303 praeter
539 2229 700 2283 tenorem
732 2239 868 2300 eorum,
902 2239 994 2301 quae
1022 2240 1088 2301 per
1115 2219 1190 2283 Nos
1220 2222 1324 2286 dictis
1355 2221 1457 2287 Sacri

176 2326 331 2391 Romani
357 2326 501 2409 Imperii
525 2327 705 2409 deputatis
728 2326 763 2389 in
789 2325 930 2409 scriptis
953 2326 1048 2407 data,
1073 2338 1109 2390 et
1132 2327 1293 2392 exhibita
1316 2321 1407 2393 sunt.

799 2558 920 2570 vtaewmvn

781 2815 855 2882 153.

530 2941 656 3022 Brevis
683 2940 882 3022 mittendus
910 2940 1032 3022 Garolo
1059 2941 1099 3023 V.

659 3089 743 3162 (Acta
759 3088 895 3148 Woruao.
912 3088 981 3158 222.)

632 3205 699 3277 (Sub
718 3208 769 3258 fine
788 3208 892 3273 Aprilis
915 3205 1003 3275 1524.)

268 3344 350 3408 Non
383 3342 586 3407 dubitamus
620 3363 686 3425 per
717 3344 837 3425 plures
870 3341 941 3406 iam
971 3341 1130 3407 Nuncios
1160 3345 1205 3406 ad
1235 3344 1460 3427 Majestatem

178 3453 291 3515 Tuam
315 3471 394 3514 esse
418 3452 604 3534 perlatum,
629 3459 761 3531 quanta
785 3469 902 3512 rerum
919 3449 1073 3513 omnium
1089 3449 1297 3516 confusione
1321 3452 1356 3516 in
1382 3453 1459 3517 dies

177 3560 293 3642 magis
315 3557 462 3623 fluctuet
486 3557 676 3623 Germania
699 3558 746 3620 ob
770 3556 1009 3620 Lutheranam
1034 3567 1177 3640 sectam,
1202 3559 1293 3622 adeo
1324 3570 1363 3622 ut
1393 3559 1460 3624 nisi

179 3688 285 3749 quam
310 3665 476 3728 citissime
500 3664 580 3729 huic
611 3663 705 3747 pesti
740 3664 882 3726 obviam
918 3674 1035 3745 eatur,
1071 3685 1141 3728 non
1178 3666 1223 3728 de
1255 3666 1461 3730 obedientia

180 3775 286 3837 modo
311 3771 489 3855 Majestati
512 3772 611 3834 Tuae
635 3771 775 3851 debita,
800 3772 864 3834 sed
888 3770 933 3833 de
957 3770 1132 3852 religione
1156 3771 1235 3855 ipsa
1259 3772 1461 3837 Christiana

179 3880 213 3944 in
240 3901 285 3943 ea
308 3878 493 3962 provincia
517 3888 633 3943 actum
667 3897 745 3941 esse
775 3876 891 3941 videri
920 3877 1043 3960 possit.
1094 3878 1277 3943 Nollemus
1308 3880 1462 3962 quidem,

180 3989 244 4052 sed
269 3996 388 4050 tamen
412 3986 495 4068 quia
519 4006 577 4049 res
601 3986 652 4049 sic
675 3985 849 4067 postulat,
882 3984 1017 4048 referre
1048 3985 1224 4068 cogimur,
1259 4006 1302 4049 eo
1331 3988 1460 4069 passim

180 4096 216 4158 in
240 4094 435 4159 Germania
458 4094 648 4157 deventum
679 4090 874 4174 impietatis
906 4100 942 4155 et
971 4092 1148 4173 insaniae,
1181 4102 1219 4156 ut
1248 4114 1353 4157 nemo
1386 4094 1462 4157 sere

182 4202 252 4266 illic
290 4201 351 4281 sit,
388 4200 447 4282 qui
477 4220 549 4263 non
582 4202 647 4263 sub
672 4198 913 4280 Evangelicae
941 4199 1117 4263 libertatis
1142 4200 1299 4282 nomine,
1335 4203 1398 4264 sed
1422 4222 1462 4265 re

183 4330 269 4373 vera
293 4308 492 4372 diabolicae
517 4307 682 4371 licentiae
710 4305 857 4386 insidiis,
885 4327 950 4370 suo
974 4327 1080 4370 sensu
1097 4308 1212 4383 rivat3
1237 4308 1342 4371 Adeo
1366 4309 1463 4372 nulla

181 4417 305 4480 habita
334 4414 553 4495 divinarum,
586 4415 863 4477 humanarumve
890 4414 1011 4495 legum
1041 4413 1194 4495 ratione,
1230 4415 1327 4478 nulla
1360 4416 1463 4479 huius

186 4521 340 4587 Sanctae
365 4519 470 4585 Sedis
492 4520 714 4601 reverentia,
745 4520 851 4602 (unde
880 4520 1090 4603 religionem
1115 4520 1350 4585 Christianam
1374 4524 1462 4585 haec

185 4630 280 4694 natio
304 4628 441 4708 habuit)
466 4629 563 4691 nullo
587 4637 669 4691 tuae
693 4626 889 4708 Majestatis
918 4636 954 4690 et
976 4627 1174 4708 Imperialis
1206 4627 1322 4691 Edicti
1357 4639 1463 4711 metu,

185 4736 418 4801 Sacramenta
433 4734 685 4799 Ecclesiastica
709 4742 949 4815 contemnunt,
974 4733 1130 4797 divinum
1154 4736 1285 4798 cultum
1309 4744 1380 4799 tam
1404 4737 1463 4818 pie

185 4846 356 4909 hactenus
393 4846 620 4907 observatum
654 4845 849 4924 abrogant,
893 4850 1094 4906 sanctorum
1129 4841 1321 4926 imagines,
1356 4853 1463 4927 atque
