<?xml version="1.0" encoding="UTF-8"?>
<!DOCTYPE html PUBLIC "-//W3C//DTD XHTML 1.0 Transitional//EN"
    "http://www.w3.org/TR/xhtml1/DTD/xhtml1-transitional.dtd">
<html xmlns="http://www.w3.org/1999/xhtml" xml:lang="en" lang="en">
 <head>
  <title>
</title>
<meta http-equiv="Content-Type" content="text/html;charset=utf-8" />
  <meta name='ocr-system' content='tesseract 3.04.00' />
  <meta name='ocr-capabilities' content='ocr_page ocr_carea ocr_par ocr_line ocrx_word'/>
</head>
<body>
  <div class='ocr_page' id='page_1' title='image "./monumentareform01vatigoog/monumentareform01vatigoog_0114.png"; bbox 0 0 3559 5734; ppageno 0'>
   <div class='ocr_carea' id='block_1_1' title="bbox 832 540 1062 595">
    <p class='ocr_par' dir='ltr' id='par_1_1' title="bbox 832 540 1062 595">
     <span class='ocr_line' id='line_1_1' title="bbox 832 540 1062 595; baseline -0.009 0"><span class='ocrx_word' id='word_1_1' title='bbox 832 542 889 595; x_wconf 57' lang='lat'>‘1-{3</span> <span class='ocrx_word' id='word_1_2' title='bbox 929 542 964 595; x_wconf 68' lang='lat'>86</span> <span class='ocrx_word' id='word_1_3' title='bbox 1004 540 1062 593; x_wconf 36' lang='grc' dir='ltr'>ἐκ)</span> 
     </span>
    </p>
   </div>
   <div class='ocr_carea' id='block_1_2' title="bbox 303 686 1595 4949">
    <p class='ocr_par' dir='ltr' id='par_1_2' title="bbox 303 686 1595 4408">
     <span class='ocr_line' id='line_1_2' title="bbox 305 686 1591 767; baseline -0.002 -16"><span class='ocrx_word' id='word_1_4' title='bbox 305 711 384 751; x_wconf 86' lang='lat' dir='ltr'>nem</span> <span class='ocrx_word' id='word_1_5' title='bbox 418 698 543 751; x_wconf 89' lang='lat' dir='ltr'>contra</span> <span class='ocrx_word' id='word_1_6' title='bbox 566 687 776 767; x_wconf 91' lang='lat' dir='ltr'>Martinum,</span> <span class='ocrx_word' id='word_1_7' title='bbox 811 707 939 750; x_wconf 87' lang='lat' dir='ltr'>cavere</span> <span class='ocrx_word' id='word_1_8' title='bbox 973 688 1082 749; x_wconf 91' lang='lat' dir='ltr'>debet</span> <span class='ocrx_word' id='word_1_9' title='bbox 1106 686 1276 750; x_wconf 80' lang='lat' dir='ltr'>Maiestas</span> <span class='ocrx_word' id='word_1_10' title='bbox 1305 709 1367 750; x_wconf 90' lang='lat' dir='ltr'>sua</span> <span class='ocrx_word' id='word_1_11' title='bbox 1392 686 1591 751; x_wconf 87' lang='lat' dir='ltr'>huiusmodi</span> 
     </span>
     <span class='ocr_line' id='line_1_3' title="bbox 305 793 1591 877; baseline -0.002 -18"><span class='ocrx_word' id='word_1_12' title='bbox 305 799 526 860; x_wconf 80' lang='lat' dir='ltr'>consultores</span> <span class='ocrx_word' id='word_1_13' title='bbox 550 806 719 876; x_wconf 78' lang='lat' dir='ltr'><strong>tanquam</strong></span> <span class='ocrx_word' id='word_1_14' title='bbox 743 795 869 857; x_wconf 89' lang='lat' dir='ltr'>honori</span> <span class='ocrx_word' id='word_1_15' title='bbox 896 804 931 857; x_wconf 91' lang='lat' dir='ltr'>et</span> <span class='ocrx_word' id='word_1_16' title='bbox 955 796 1140 857; x_wconf 93' lang='lat' dir='ltr'>commodo</span> <span class='ocrx_word' id='word_1_17' title='bbox 1166 794 1240 856; x_wconf 89' lang='lat' dir='ltr'>eius</span> <span class='ocrx_word' id='word_1_18' title='bbox 1256 793 1482 877; x_wconf 89' lang='lat' dir='ltr'>pernitiosos,</span> <span class='ocrx_word' id='word_1_19' title='bbox 1507 795 1591 877; x_wconf 90' lang='lat' dir='ltr'>quin</span> 
     </span>
     <span class='ocr_line' id='line_1_4' title="bbox 304 900 1591 985; baseline -0.001 -19"><span class='ocrx_word' id='word_1_20' title='bbox 304 904 374 966; x_wconf 90' lang='lat' dir='ltr'>imo</span> <span class='ocrx_word' id='word_1_21' title='bbox 405 903 536 985; x_wconf 90' lang='lat' dir='ltr'>poterit</span> <span class='ocrx_word' id='word_1_22' title='bbox 559 900 730 965; x_wconf 87' lang='lat' dir='ltr'>Maiestas</span> <span class='ocrx_word' id='word_1_23' title='bbox 761 924 825 965; x_wconf 89' lang='lat' dir='ltr'>sua</span> <span class='ocrx_word' id='word_1_24' title='bbox 849 901 1040 964; x_wconf 91' lang='lat' dir='ltr'>conventui</span> <span class='ocrx_word' id='word_1_25' title='bbox 1063 903 1281 982; x_wconf 89' lang='lat' dir='ltr'>persuadere</span> <span class='ocrx_word' id='word_1_26' title='bbox 1306 901 1497 964; x_wconf 90' lang='lat' dir='ltr'>Martinum</span> <span class='ocrx_word' id='word_1_27' title='bbox 1522 923 1591 965; x_wconf 90' lang='lat' dir='ltr'>non</span> 
     </span>
     <span class='ocr_line' id='line_1_5' title="bbox 305 1008 1592 1092; baseline -0.002 -18"><span class='ocrx_word' id='word_1_28' title='bbox 305 1032 383 1074; x_wconf 91' lang='lat' dir='ltr'>esse</span> <span class='ocrx_word' id='word_1_29' title='bbox 417 1010 558 1092; x_wconf 92' lang='lat' dir='ltr'>publice</span> <span class='ocrx_word' id='word_1_30' title='bbox 591 1009 806 1072; x_wconf 89' lang='lat' dir='ltr'>audiendum</span> <span class='ocrx_word' id='word_1_31' title='bbox 837 1017 986 1091; x_wconf 93' lang='lat' dir='ltr'>propter</span> <span class='ocrx_word' id='word_1_32' title='bbox 1016 1008 1211 1071; x_wconf 80' lang='lat' dir='ltr'><strong>simultates</strong></span> <span class='ocrx_word' id='word_1_33' title='bbox 1246 1018 1281 1070; x_wconf 91' lang='lat' dir='ltr'>et</span> <span class='ocrx_word' id='word_1_34' title='bbox 1305 1008 1470 1072; x_wconf 90' lang='lat' dir='ltr'>incendia</span> <span class='ocrx_word' id='word_1_35' title='bbox 1500 1031 1592 1090; x_wconf 89' lang='lat' dir='ltr'>quae</span> 
     </span>
     <span class='ocr_line' id='line_1_6' title="bbox 304 1115 1593 1199; baseline 0 -21"><span class='ocrx_word' id='word_1_36' title='bbox 304 1117 397 1180; x_wconf 91' lang='lat' dir='ltr'>inter</span> <span class='ocrx_word' id='word_1_37' title='bbox 420 1116 599 1199; x_wconf 86' lang='lat' dir='ltr'><strong>principes</strong></span> <span class='ocrx_word' id='word_1_38' title='bbox 625 1117 835 1179; x_wconf 85' lang='lat' dir='ltr'>Alemaniae</span> <span class='ocrx_word' id='word_1_39' title='bbox 860 1115 1026 1178; x_wconf 89' lang='lat' dir='ltr'>videntur</span> <span class='ocrx_word' id='word_1_40' title='bbox 1051 1115 1145 1193; x_wconf 91' lang='lat' dir='ltr'>oriri,</span> <span class='ocrx_word' id='word_1_41' title='bbox 1173 1135 1251 1178; x_wconf 87' lang='lat' dir='ltr'>curn</span> <span class='ocrx_word' id='word_1_42' title='bbox 1276 1115 1429 1180; x_wconf 83' lang='lat' dir='ltr'>maxime</span> <span class='ocrx_word' id='word_1_43' title='bbox 1454 1117 1593 1180; x_wconf 91' lang='lat' dir='ltr'>intersit</span> 
     </span>
     <span class='ocr_line' id='line_1_7' title="bbox 304 1221 1592 1306; baseline -0.001 -20"><span class='ocrx_word' id='word_1_44' title='bbox 304 1224 528 1306; x_wconf 90' lang='lat' dir='ltr'>imperatoris</span> <span class='ocrx_word' id='word_1_45' title='bbox 543 1232 579 1285; x_wconf 95' lang='lat' dir='ltr'>et</span> <span class='ocrx_word' id='word_1_46' title='bbox 594 1221 815 1285; x_wconf 89' lang='lat' dir='ltr'>subditorum</span> <span class='ocrx_word' id='word_1_47' title='bbox 832 1224 966 1305; x_wconf 87' lang='lat' dir='ltr'>habere</span> <span class='ocrx_word' id='word_1_48' title='bbox 982 1232 1147 1304; x_wconf 89' lang='lat' dir='ltr'>pacatum</span> <span class='ocrx_word' id='word_1_49' title='bbox 1164 1221 1365 1304; x_wconf 83' lang='lat' dir='ltr'>Imperium,</span> <span class='ocrx_word' id='word_1_50' title='bbox 1391 1221 1592 1306; x_wconf 86' lang='lat' dir='ltr'>offerreque</span> 
     </span>
     <span class='ocr_line' id='line_1_8' title="bbox 305 1316 1591 1412; baseline 0 -19"><span class='ocrx_word' id='word_1_51' title='bbox 305 1353 342 1394; x_wconf 93' lang='lat' dir='ltr'>se</span> <span class='ocrx_word' id='word_1_52' title='bbox 371 1316 563 1394; x_wconf 91' lang='lat' dir='ltr'>Martinum</span> <span class='ocrx_word' id='word_1_53' title='bbox 596 1330 796 1393; x_wconf 89' lang='lat' dir='ltr'>auditurum</span> <span class='ocrx_word' id='word_1_54' title='bbox 828 1350 907 1392; x_wconf 90' lang='lat' dir='ltr'>esse</span> <span class='ocrx_word' id='word_1_55' title='bbox 940 1329 1083 1392; x_wconf 86' lang='lat' dir='ltr'>semotis</span> <span class='ocrx_word' id='word_1_56' title='bbox 1118 1328 1260 1391; x_wconf 90' lang='lat' dir='ltr'>arbitris</span> <span class='ocrx_word' id='word_1_57' title='bbox 1291 1341 1439 1412; x_wconf 90' lang='lat' dir='ltr'>propter</span> <span class='ocrx_word' id='word_1_58' title='bbox 1470 1352 1591 1393; x_wconf 89' lang='lat' dir='ltr'>eorum</span> 
     </span>
     <span class='ocr_line' id='line_1_9' title="bbox 304 1436 1578 1520; baseline -0.001 -20"><span class='ocrx_word' id='word_1_59' title='bbox 304 1459 429 1520; x_wconf 83' lang='lat' dir='ltr'>pacem</span> <span class='ocrx_word' id='word_1_60' title='bbox 448 1447 483 1499; x_wconf 89' lang='lat' dir='ltr'>et</span> <span class='ocrx_word' id='word_1_61' title='bbox 503 1437 669 1520; x_wconf 88' lang='lat' dir='ltr'>quietem,</span> <span class='ocrx_word' id='word_1_62' title='bbox 694 1448 730 1499; x_wconf 92' lang='lat' dir='ltr'>et</span> <span class='ocrx_word' id='word_1_63' title='bbox 748 1437 776 1498; x_wconf 90' lang='lat' dir='ltr'>si</span> <span class='ocrx_word' id='word_1_64' title='bbox 801 1436 887 1499; x_wconf 90' lang='lat' dir='ltr'>velit</span> <span class='ocrx_word' id='word_1_65' title='bbox 912 1454 1172 1515; x_wconf 84' lang='lat' dir='ltr'>recognoscere</span> <span class='ocrx_word' id='word_1_66' title='bbox 1197 1456 1337 1499; x_wconf 87' lang='lat' dir='ltr'>errores</span> <span class='ocrx_word' id='word_1_67' title='bbox 1361 1457 1444 1500; x_wconf 90' lang='lat' dir='ltr'>suos</span> <span class='ocrx_word' id='word_1_68' title='bbox 1467 1459 1578 1520; x_wconf 91' lang='lat' dir='ltr'>procu</span> 
     </span>
     <span class='ocr_line' id='line_1_10' title="bbox 304 1541 1591 1626; baseline 0.001 -19"><span class='ocrx_word' id='word_1_69' title='bbox 304 1554 458 1608; x_wconf 90' lang='lat' dir='ltr'>raturam</span> <span class='ocrx_word' id='word_1_70' title='bbox 484 1544 709 1606; x_wconf 84' lang='lat' dir='ltr'>Maiestatem</span> <span class='ocrx_word' id='word_1_71' title='bbox 742 1564 841 1605; x_wconf 89' lang='lat' dir='ltr'>suam</span> <span class='ocrx_word' id='word_1_72' title='bbox 874 1552 911 1605; x_wconf 89' lang='lat' dir='ltr'>ut</span> <span class='ocrx_word' id='word_1_73' title='bbox 936 1541 972 1605; x_wconf 87' lang='lat' dir='ltr'>S.</span> <span class='ocrx_word' id='word_1_74' title='bbox 997 1543 1041 1604; x_wconf 88' lang='lat' dir='ltr'>D.</span> <span class='ocrx_word' id='word_1_75' title='bbox 1067 1542 1108 1605; x_wconf 92' lang='lat' dir='ltr'>N.</span> <span class='ocrx_word' id='word_1_76' title='bbox 1142 1563 1219 1604; x_wconf 87' lang='lat' dir='ltr'>eum</span> <span class='ocrx_word' id='word_1_77' title='bbox 1255 1543 1404 1626; x_wconf 89' lang='lat' dir='ltr'>recipiat</span> <span class='ocrx_word' id='word_1_78' title='bbox 1437 1545 1482 1606; x_wconf 88' lang='lat' dir='ltr'>ad</span> <span class='ocrx_word' id='word_1_79' title='bbox 1512 1566 1591 1608; x_wconf 90' lang='lat' dir='ltr'>eum</span> 
     </span>
     <span class='ocr_line' id='line_1_11' title="bbox 305 1649 1591 1735; baseline -0.001 -21"><span class='ocrx_word' id='word_1_80' title='bbox 305 1661 432 1715; x_wconf 90' lang='lat' dir='ltr'>statum</span> <span class='ocrx_word' id='word_1_81' title='bbox 463 1652 497 1713; x_wconf 92' lang='lat' dir='ltr'>in</span> <span class='ocrx_word' id='word_1_82' title='bbox 533 1672 603 1732; x_wconf 92' lang='lat' dir='ltr'>quo</span> <span class='ocrx_word' id='word_1_83' title='bbox 631 1661 714 1713; x_wconf 90' lang='lat' dir='ltr'>ante</span> <span class='ocrx_word' id='word_1_84' title='bbox 739 1649 939 1712; x_wconf 90' lang='lat' dir='ltr'>huiusmodi</span> <span class='ocrx_word' id='word_1_85' title='bbox 964 1669 1104 1735; x_wconf 81' lang='lat' dir='ltr'>errores</span> <span class='ocrx_word' id='word_1_86' title='bbox 1129 1658 1218 1721; x_wconf 92' lang='lat' dir='ltr'>erat;</span> <span class='ocrx_word' id='word_1_87' title='bbox 1254 1652 1350 1731; x_wconf 94' lang='lat' dir='ltr'>quod</span> <span class='ocrx_word' id='word_1_88' title='bbox 1375 1651 1403 1712; x_wconf 90' lang='lat' dir='ltr'>si</span> <span class='ocrx_word' id='word_1_89' title='bbox 1428 1652 1591 1731; x_wconf 85' lang='lat' dir='ltr'>voluerit,</span> 
     </span>
     <span class='ocr_line' id='line_1_12' title="bbox 306 1757 1592 1840; baseline 0.002 -20"><span class='ocrx_word' id='word_1_90' title='bbox 306 1760 467 1821; x_wconf 90' lang='lat' dir='ltr'>daturam</span> <span class='ocrx_word' id='word_1_91' title='bbox 492 1757 560 1820; x_wconf 89' lang='lat' dir='ltr'>sibi</span> <span class='ocrx_word' id='word_1_92' title='bbox 577 1757 802 1820; x_wconf 87' lang='lat' dir='ltr'>Maiestatem</span> <span class='ocrx_word' id='word_1_93' title='bbox 820 1777 918 1819; x_wconf 89' lang='lat' dir='ltr'>suam</span> <span class='ocrx_word' id='word_1_94' title='bbox 936 1758 1071 1818; x_wconf 90' lang='lat' dir='ltr'>salvum</span> <span class='ocrx_word' id='word_1_95' title='bbox 1089 1757 1302 1819; x_wconf 91' lang='lat' dir='ltr'>conductum</span> <span class='ocrx_word' id='word_1_96' title='bbox 1319 1757 1514 1840; x_wconf 89' lang='lat' dir='ltr'>imperiale,</span> <span class='ocrx_word' id='word_1_97' title='bbox 1538 1781 1592 1822; x_wconf 91' lang='lat' dir='ltr'>ac·</span> 
     </span>
     <span class='ocr_line' id='line_1_13' title="bbox 305 1863 1591 1948; baseline 0.001 -20"><span class='ocrx_word' id='word_1_98' title='bbox 305 1876 411 1948; x_wconf 87' lang='lat' dir='ltr'>cepta</span> <span class='ocrx_word' id='word_1_99' title='bbox 434 1864 505 1928; x_wconf 90' lang='lat' dir='ltr'>fide</span> <span class='ocrx_word' id='word_1_100' title='bbox 522 1885 543 1926; x_wconf 89' lang='lat' dir='ltr'>a</span> <span class='ocrx_word' id='word_1_101' title='bbox 559 1885 694 1927; x_wconf 90' lang='lat' dir='ltr'>summo</span> <span class='ocrx_word' id='word_1_102' title='bbox 712 1863 886 1927; x_wconf 89' lang='lat' dir='ltr'>Pontifice</span> <span class='ocrx_word' id='word_1_103' title='bbox 911 1872 949 1924; x_wconf 91' lang='lat' dir='ltr'>ut</span> <span class='ocrx_word' id='word_1_104' title='bbox 964 1864 1118 1927; x_wconf 88' lang='lat' dir='ltr'>Romam</span> <span class='ocrx_word' id='word_1_105' title='bbox 1144 1873 1313 1944; x_wconf 91' lang='lat' dir='ltr'>quantum</span> <span class='ocrx_word' id='word_1_106' title='bbox 1338 1866 1492 1928; x_wconf 91' lang='lat' dir='ltr'>voluerit</span> <span class='ocrx_word' id='word_1_107' title='bbox 1515 1867 1591 1928; x_wconf 89' lang='lat' dir='ltr'>sine</span> 
     </span>
     <span class='ocr_line' id='line_1_14' title="bbox 304 1970 1592 2055; baseline 0.002 -20"><span class='ocrx_word' id='word_1_108' title='bbox 304 1973 430 2055; x_wconf 89' lang='lat' dir='ltr'>quavis</span> <span class='ocrx_word' id='word_1_109' title='bbox 453 1972 610 2035; x_wconf 89' lang='lat' dir='ltr'>laesione</span> <span class='ocrx_word' id='word_1_110' title='bbox 635 1993 698 2035; x_wconf 90' lang='lat' dir='ltr'>sua</span> <span class='ocrx_word' id='word_1_111' title='bbox 723 1982 783 2034; x_wconf 92' lang='lat' dir='ltr'>aut</span> <span class='ocrx_word' id='word_1_112' title='bbox 807 1992 950 2034; x_wconf 92' lang='lat' dir='ltr'>suorum</span> <span class='ocrx_word' id='word_1_113' title='bbox 974 1970 1151 2043; x_wconf 85' lang='lat' dir='ltr'>audiatur;</span> <span class='ocrx_word' id='word_1_114' title='bbox 1178 1971 1273 2051; x_wconf 92' lang='lat' dir='ltr'>quod</span> <span class='ocrx_word' id='word_1_115' title='bbox 1298 1970 1326 2033; x_wconf 92' lang='lat' dir='ltr'>si</span> <span class='ocrx_word' id='word_1_116' title='bbox 1352 1971 1456 2035; x_wconf 88' lang='lat' dir='ltr'>etiam</span> <span class='ocrx_word' id='word_1_117' title='bbox 1474 1975 1592 2037; x_wconf 91' lang='lat' dir='ltr'>nolue-</span> 
     </span>
     <span class='ocr_line' id='line_1_15' title="bbox 305 2077 1593 2162; baseline 0.001 -19"><span class='ocrx_word' id='word_1_118' title='bbox 305 2082 350 2143; x_wconf 86' lang='lat' dir='ltr'>rit</span> <span class='ocrx_word' id='word_1_119' title='bbox 375 2100 576 2162; x_wconf 89' lang='lat' dir='ltr'>quanquam</span> <span class='ocrx_word' id='word_1_120' title='bbox 602 2078 826 2142; x_wconf 87' lang='lat' dir='ltr'>manifestum</span> <span class='ocrx_word' id='word_1_121' title='bbox 850 2079 990 2160; x_wconf 86' lang='lat' dir='ltr'>signum</span> <span class='ocrx_word' id='word_1_122' title='bbox 1013 2077 1058 2140; x_wconf 91' lang='lat' dir='ltr'>sit</span> <span class='ocrx_word' id='word_1_123' title='bbox 1074 2078 1283 2157; x_wconf 89' lang='lat' dir='ltr'>calumniae,</span> <span class='ocrx_word' id='word_1_124' title='bbox 1308 2079 1420 2159; x_wconf 91' lang='lat' dir='ltr'>utqui</span> <span class='ocrx_word' id='word_1_125' title='bbox 1438 2101 1507 2142; x_wconf 91' lang='lat' dir='ltr'>non</span> <span class='ocrx_word' id='word_1_126' title='bbox 1527 2081 1593 2144; x_wconf 91' lang='lat' dir='ltr'>nisi</span> 
     </span>
     <span class='ocr_line' id='line_1_16' title="bbox 303 2185 1593 2268; baseline 0.002 -20"><span class='ocrx_word' id='word_1_127' title='bbox 303 2188 340 2250; x_wconf 93' lang='lat' dir='ltr'>in</span> <span class='ocrx_word' id='word_1_128' title='bbox 365 2186 505 2268; x_wconf 84' lang='lat' dir='ltr'>angulis</span> <span class='ocrx_word' id='word_1_129' title='bbox 529 2185 626 2267; x_wconf 92' lang='lat' dir='ltr'>loqui</span> <span class='ocrx_word' id='word_1_130' title='bbox 649 2186 747 2265; x_wconf 88' lang='lat' dir='ltr'>velit,</span> <span class='ocrx_word' id='word_1_131' title='bbox 772 2198 844 2247; x_wconf 92' lang='lat' dir='ltr'>tum</span> <span class='ocrx_word' id='word_1_132' title='bbox 868 2185 1094 2248; x_wconf 89' lang='lat' dir='ltr'>Maiestatem</span> <span class='ocrx_word' id='word_1_133' title='bbox 1119 2205 1218 2247; x_wconf 89' lang='lat' dir='ltr'>suam</span> <span class='ocrx_word' id='word_1_134' title='bbox 1243 2186 1289 2247; x_wconf 91' lang='lat' dir='ltr'>ad</span> <span class='ocrx_word' id='word_1_135' title='bbox 1313 2186 1593 2251; x_wconf 86' lang='lat' dir='ltr'>convincendam</span> 
     </span>
     <span class='ocr_line' id='line_1_17' title="bbox 304 2291 1592 2373; baseline 0.002 -17"><span class='ocrx_word' id='word_1_136' title='bbox 304 2293 455 2356; x_wconf 89' lang='lat' dir='ltr'>hominis</span> <span class='ocrx_word' id='word_1_137' title='bbox 481 2293 649 2355; x_wconf 89' lang='lat' dir='ltr'>malitiam</span> <span class='ocrx_word' id='word_1_138' title='bbox 674 2313 753 2355; x_wconf 90' lang='lat' dir='ltr'>eum</span> <span class='ocrx_word' id='word_1_139' title='bbox 778 2291 1062 2355; x_wconf 88' lang='lat' dir='ltr'>transmissuram</span> <span class='ocrx_word' id='word_1_140' title='bbox 1087 2312 1166 2355; x_wconf 91' lang='lat' dir='ltr'>esse</span> <span class='ocrx_word' id='word_1_141' title='bbox 1190 2293 1235 2354; x_wconf 90' lang='lat' dir='ltr'>ad</span> <span class='ocrx_word' id='word_1_142' title='bbox 1254 2292 1457 2373; x_wconf 80' lang='lat' dir='ltr'>Hispanias,</span> <span class='ocrx_word' id='word_1_143' title='bbox 1481 2296 1526 2356; x_wconf 89' lang='lat' dir='ltr'>ad</span> <span class='ocrx_word' id='word_1_144' title='bbox 1543 2297 1592 2358; x_wconf 88' lang='lat' dir='ltr'>in·</span> 
     </span>
     <span class='ocr_line' id='line_1_18' title="bbox 304 2399 1593 2483; baseline -0.002 -21"><span class='ocrx_word' id='word_1_145' title='bbox 304 2400 495 2483; x_wconf 90' lang='lat' dir='ltr'>quisitores</span> <span class='ocrx_word' id='word_1_146' title='bbox 519 2400 568 2462; x_wconf 93' lang='lat' dir='ltr'>ibi</span> <span class='ocrx_word' id='word_1_147' title='bbox 593 2399 788 2462; x_wconf 82' lang='lat' dir='ltr'>existentes</span> <span class='ocrx_word' id='word_1_148' title='bbox 812 2414 851 2461; x_wconf 89' lang='lat' dir='ltr'>ut</span> <span class='ocrx_word' id='word_1_149' title='bbox 874 2408 952 2462; x_wconf 91' lang='lat' dir='ltr'>tuto</span> <span class='ocrx_word' id='word_1_150' title='bbox 976 2400 1027 2462; x_wconf 90' lang='lat' dir='ltr'>ibi</span> <span class='ocrx_word' id='word_1_151' title='bbox 1050 2421 1192 2462; x_wconf 86' lang='lat' dir='ltr'>causam</span> <span class='ocrx_word' id='word_1_152' title='bbox 1215 2420 1313 2462; x_wconf 90' lang='lat' dir='ltr'>suam</span> <span class='ocrx_word' id='word_1_153' title='bbox 1329 2400 1449 2463; x_wconf 90' lang='lat' dir='ltr'>dicere</span> <span class='ocrx_word' id='word_1_154' title='bbox 1464 2403 1593 2482; x_wconf 79' lang='lat' dir='ltr'>possit:</span> 
     </span>
     <span class='ocr_line' id='line_1_19' title="bbox 305 2505 1594 2591; baseline 0.002 -20"><span class='ocrx_word' id='word_1_155' title='bbox 305 2510 400 2591; x_wconf 93' lang='lat' dir='ltr'>quod</span> <span class='ocrx_word' id='word_1_156' title='bbox 420 2508 449 2571; x_wconf 91' lang='lat' dir='ltr'>si</span> <span class='ocrx_word' id='word_1_157' title='bbox 462 2528 526 2570; x_wconf 90' lang='lat' dir='ltr'>nec</span> <span class='ocrx_word' id='word_1_158' title='bbox 552 2509 618 2570; x_wconf 91' lang='lat' dir='ltr'>hoc</span> <span class='ocrx_word' id='word_1_159' title='bbox 643 2507 895 2589; x_wconf 84' lang='lat' dir='ltr'>acceptaverit,</span> <span class='ocrx_word' id='word_1_160' title='bbox 917 2505 1005 2569; x_wconf 90' lang='lat' dir='ltr'>nihil</span> <span class='ocrx_word' id='word_1_161' title='bbox 1022 2506 1118 2569; x_wconf 90' lang='lat' dir='ltr'>aliud</span> <span class='ocrx_word' id='word_1_162' title='bbox 1135 2526 1322 2588; x_wconf 88' lang='lat' dir='ltr'>superesse</span> <span class='ocrx_word' id='word_1_163' title='bbox 1339 2527 1445 2588; x_wconf 91' lang='lat' dir='ltr'>quam</span> <span class='ocrx_word' id='word_1_164' title='bbox 1462 2507 1490 2569; x_wconf 93' lang='lat' dir='ltr'>si</span> <span class='ocrx_word' id='word_1_165' title='bbox 1514 2530 1594 2572; x_wconf 92' lang='lat' dir='ltr'>cum</span> 
     </span>
     <span class='ocr_line' id='line_1_20' title="bbox 305 2614 1594 2694; baseline 0 -16"><span class='ocrx_word' id='word_1_166' title='bbox 305 2620 405 2680; x_wconf 90' lang='lat' dir='ltr'>salvo</span> <span class='ocrx_word' id='word_1_167' title='bbox 437 2618 613 2678; x_wconf 90' lang='lat' dir='ltr'>conductu</span> <span class='ocrx_word' id='word_1_168' title='bbox 644 2618 690 2678; x_wconf 88' lang='lat' dir='ltr'>ad</span> <span class='ocrx_word' id='word_1_169' title='bbox 724 2615 799 2678; x_wconf 91' lang='lat' dir='ltr'>eius</span> <span class='ocrx_word' id='word_1_170' title='bbox 822 2615 1047 2678; x_wconf 89' lang='lat' dir='ltr'>Maiestatem</span> <span class='ocrx_word' id='word_1_171' title='bbox 1072 2614 1228 2694; x_wconf 93' lang='lat' dir='ltr'>venerit,</span> <span class='ocrx_word' id='word_1_172' title='bbox 1262 2636 1342 2678; x_wconf 92' lang='lat' dir='ltr'>eum</span> <span class='ocrx_word' id='word_1_173' title='bbox 1366 2616 1465 2681; x_wconf 85' lang='lat' dir='ltr'>iuxta</span> <span class='ocrx_word' id='word_1_174' title='bbox 1488 2616 1594 2679; x_wconf 90' lang='lat' dir='ltr'>fidem</span> 
     </span>
     <span class='ocr_line' id='line_1_21' title="bbox 306 2719 1595 2803; baseline 0.001 -18"><span class='ocrx_word' id='word_1_175' title='bbox 306 2724 424 2786; x_wconf 89' lang='lat' dir='ltr'>datam</span> <span class='ocrx_word' id='word_1_176' title='bbox 460 2723 639 2785; x_wconf 90' lang='lat' dir='ltr'>remittere</span> <span class='ocrx_word' id='word_1_177' title='bbox 677 2732 711 2784; x_wconf 89' lang='lat' dir='ltr'>et</span> <span class='ocrx_word' id='word_1_178' title='bbox 744 2722 871 2785; x_wconf 90' lang='lat' dir='ltr'>ceteris</span> <span class='ocrx_word' id='word_1_179' title='bbox 905 2719 1127 2803; x_wconf 90' lang='lat' dir='ltr'>principibus</span> <span class='ocrx_word' id='word_1_180' title='bbox 1160 2719 1375 2786; x_wconf 87' lang='lat' dir='ltr'>Germaniae</span> <span class='ocrx_word' id='word_1_181' title='bbox 1409 2725 1595 2787; x_wconf 91' lang='lat' dir='ltr'>declarare</span> 
     </span>
     <span class='ocr_line' id='line_1_22' title="bbox 304 2827 1579 2914; baseline 0.001 -21"><span class='ocrx_word' id='word_1_182' title='bbox 304 2831 461 2894; x_wconf 88' lang='lat' dir='ltr'>futurum</span> <span class='ocrx_word' id='word_1_183' title='bbox 485 2831 622 2893; x_wconf 89' lang='lat' dir='ltr'>hostem</span> <span class='ocrx_word' id='word_1_184' title='bbox 637 2830 792 2893; x_wconf 88' lang='lat' dir='ltr'>Romani</span> <span class='ocrx_word' id='word_1_185' title='bbox 805 2829 948 2911; x_wconf 92' lang='lat' dir='ltr'>Imperii</span> <span class='ocrx_word' id='word_1_186' title='bbox 974 2827 1186 2910; x_wconf 88' lang='lat' dir='ltr'>quicumque</span> <span class='ocrx_word' id='word_1_187' title='bbox 1210 2828 1327 2910; x_wconf 90' lang='lat' dir='ltr'>ipsum</span> <span class='ocrx_word' id='word_1_188' title='bbox 1352 2833 1444 2894; x_wconf 89' lang='lat' dir='ltr'>ultra</span> <span class='ocrx_word' id='word_1_189' title='bbox 1468 2851 1579 2914; x_wconf 85' lang='lat' dir='ltr'>accep</span> 
     </span>
     <span class='ocr_line' id='line_1_23' title="bbox 306 2937 1593 3019; baseline 0.003 -20"><span class='ocrx_word' id='word_1_190' title='bbox 306 2937 446 3001; x_wconf 89' lang='lat' dir='ltr'>taverit.</span> <span class='ocrx_word' id='word_1_191' title='bbox 480 2937 644 3000; x_wconf 89' lang='lat' dir='ltr'>Laudare</span> <span class='ocrx_word' id='word_1_192' title='bbox 670 2947 786 2999; x_wconf 88' lang='lat' dir='ltr'>tamen</span> <span class='ocrx_word' id='word_1_193' title='bbox 811 2938 1064 3018; x_wconf 89' lang='lat' dir='ltr'>imperatorem</span> <span class='ocrx_word' id='word_1_194' title='bbox 1095 2945 1238 3018; x_wconf 91' lang='lat' dir='ltr'>oportet</span> <span class='ocrx_word' id='word_1_195' title='bbox 1262 2940 1357 3019; x_wconf 93' lang='lat' dir='ltr'>quod</span> <span class='ocrx_word' id='word_1_196' title='bbox 1382 2959 1457 3003; x_wconf 91' lang='lat' dir='ltr'>rem</span> <span class='ocrx_word' id='word_1_197' title='bbox 1474 2941 1593 3003; x_wconf 90' lang='lat' dir='ltr'>Eccle-</span> 
     </span>
     <span class='ocr_line' id='line_1_24' title="bbox 304 3044 1593 3129; baseline 0.004 -21"><span class='ocrx_word' id='word_1_198' title='bbox 304 3046 379 3108; x_wconf 90' lang='lat' dir='ltr'>siae</span> <span class='ocrx_word' id='word_1_199' title='bbox 402 3047 585 3125; x_wconf 86' lang='lat' dir='ltr'>hucusque</span> <span class='ocrx_word' id='word_1_200' title='bbox 610 3044 740 3107; x_wconf 85' lang='lat' dir='ltr'>acriter</span> <span class='ocrx_word' id='word_1_201' title='bbox 768 3052 903 3107; x_wconf 89' lang='lat' dir='ltr'>tutatus</span> <span class='ocrx_word' id='word_1_202' title='bbox 928 3045 983 3124; x_wconf 91' lang='lat' dir='ltr'>sit,</span> <span class='ocrx_word' id='word_1_203' title='bbox 1008 3044 1092 3107; x_wconf 90' lang='lat' dir='ltr'>licet</span> <span class='ocrx_word' id='word_1_204' title='bbox 1119 3046 1275 3107; x_wconf 85' lang='lat' dir='ltr'>nondum</span> <span class='ocrx_word' id='word_1_205' title='bbox 1300 3047 1345 3108; x_wconf 87' lang='lat' dir='ltr'>ad</span> <span class='ocrx_word' id='word_1_206' title='bbox 1371 3057 1532 3129; x_wconf 90' lang='lat' dir='ltr'>optatum</span> <span class='ocrx_word' id='word_1_207' title='bbox 1556 3059 1593 3113; x_wconf 92' lang='lat' dir='ltr'>et</span> 
     </span>
     <span class='ocr_line' id='line_1_25' title="bbox 304 3149 1592 3218; baseline 0.003 -4"><span class='ocrx_word' id='word_1_208' title='bbox 304 3153 431 3214; x_wconf 89' lang='lat' dir='ltr'>iustum</span> <span class='ocrx_word' id='word_1_209' title='bbox 447 3149 552 3214; x_wconf 84' lang='lat' dir='ltr'>finem</span> <span class='ocrx_word' id='word_1_210' title='bbox 568 3150 758 3214; x_wconf 80' lang='lat' dir='ltr'>deduxerit</span> <span class='ocrx_word' id='word_1_211' title='bbox 778 3162 813 3214; x_wconf 89' lang='lat' dir='ltr'>et</span> <span class='ocrx_word' id='word_1_212' title='bbox 837 3151 1079 3214; x_wconf 89' lang='lat' dir='ltr'>reducendum</span> <span class='ocrx_word' id='word_1_213' title='bbox 1103 3151 1149 3213; x_wconf 88' lang='lat' dir='ltr'>ad</span> <span class='ocrx_word' id='word_1_214' title='bbox 1174 3151 1378 3216; x_wconf 88' lang='lat' dir='ltr'>memoriam</span> <span class='ocrx_word' id='word_1_215' title='bbox 1392 3154 1592 3218; x_wconf 88' lang='lat' dir='ltr'>Caesareae</span> 
     </span>
     <span class='ocr_line' id='line_1_26' title="bbox 304 3257 1590 3344; baseline 0.003 -23"><span class='ocrx_word' id='word_1_216' title='bbox 304 3258 502 3321; x_wconf 89' lang='lat' dir='ltr'>Maiestatis</span> <span class='ocrx_word' id='word_1_217' title='bbox 518 3259 613 3339; x_wconf 92' lang='lat' dir='ltr'>quod</span> <span class='ocrx_word' id='word_1_218' title='bbox 630 3279 701 3321; x_wconf 91' lang='lat' dir='ltr'>non</span> <span class='ocrx_word' id='word_1_219' title='bbox 719 3258 777 3340; x_wconf 90' lang='lat' dir='ltr'>qui</span> <span class='ocrx_word' id='word_1_220' title='bbox 802 3257 976 3341; x_wconf 88' lang='lat' dir='ltr'>inceperit</span> <span class='ocrx_word' id='word_1_221' title='bbox 1000 3259 1064 3320; x_wconf 88' lang='lat' dir='ltr'>sed</span> <span class='ocrx_word' id='word_1_222' title='bbox 1088 3257 1147 3339; x_wconf 92' lang='lat' dir='ltr'>qui</span> <span class='ocrx_word' id='word_1_223' title='bbox 1171 3278 1282 3340; x_wconf 85' lang='lat' dir='ltr'>usque</span> <span class='ocrx_word' id='word_1_224' title='bbox 1306 3261 1351 3322; x_wconf 90' lang='lat' dir='ltr'>ad</span> <span class='ocrx_word' id='word_1_225' title='bbox 1375 3260 1482 3325; x_wconf 92' lang='lat' dir='ltr'>finem</span> <span class='ocrx_word' id='word_1_226' title='bbox 1513 3283 1590 3344; x_wconf 91' lang='lat' dir='ltr'>per·</span> 
     </span>
     <span class='ocr_line' id='line_1_27' title="bbox 304 3365 1589 3452; baseline 0.002 -23"><span class='ocrx_word' id='word_1_227' title='bbox 304 3366 523 3429; x_wconf 89' lang='lat' dir='ltr'>severaverit</span> <span class='ocrx_word' id='word_1_228' title='bbox 556 3365 614 3428; x_wconf 87' lang='lat' dir='ltr'>hic</span> <span class='ocrx_word' id='word_1_229' title='bbox 644 3368 764 3429; x_wconf 89' lang='lat' dir='ltr'>salvus</span> <span class='ocrx_word' id='word_1_230' title='bbox 797 3365 864 3428; x_wconf 91' lang='lat' dir='ltr'>erit</span> <span class='ocrx_word' id='word_1_231' title='bbox 873 3415 897 3452; x_wconf 28' lang='grc' dir='ltr'>,θ</span> <span class='ocrx_word' id='word_1_232' title='bbox 916 3375 951 3428; x_wconf 93' lang='lat' dir='ltr'>et</span> <span class='ocrx_word' id='word_1_233' title='bbox 982 3366 1078 3447; x_wconf 92' lang='lat' dir='ltr'>quod</span> <span class='ocrx_word' id='word_1_234' title='bbox 1109 3365 1233 3428; x_wconf 90' lang='lat' dir='ltr'>melius</span> <span class='ocrx_word' id='word_1_235' title='bbox 1258 3376 1312 3429; x_wconf 93' lang='lat' dir='ltr'>est</span> <span class='ocrx_word' id='word_1_236' title='bbox 1336 3388 1407 3430; x_wconf 92' lang='lat' dir='ltr'>non</span> <span class='ocrx_word' id='word_1_237' title='bbox 1431 3368 1589 3451; x_wconf 89' lang='lat' dir='ltr'>incipere</span> 
     </span>
     <span class='ocr_line' id='line_1_28' title="bbox 305 3472 1588 3556; baseline 0.003 -21"><span class='ocrx_word' id='word_1_238' title='bbox 305 3494 409 3555; x_wconf 91' lang='lat' dir='ltr'>quam</span> <span class='ocrx_word' id='word_1_239' title='bbox 435 3475 480 3534; x_wconf 90' lang='lat' dir='ltr'>ab</span> <span class='ocrx_word' id='word_1_240' title='bbox 505 3472 656 3556; x_wconf 88' lang='lat' dir='ltr'>inceptis</span> <span class='ocrx_word' id='word_1_241' title='bbox 684 3473 837 3555; x_wconf 91' lang='lat' dir='ltr'>turpiter</span> <span class='ocrx_word' id='word_1_242' title='bbox 860 3474 1044 3536; x_wconf 88' lang='lat' dir='ltr'>desistere.</span> <span class='ocrx_word' id='word_1_243' title='bbox 1092 3473 1229 3553; x_wconf 88' lang='lat' dir='ltr'>Itaque,</span> <span class='ocrx_word' id='word_1_244' title='bbox 1257 3483 1445 3556; x_wconf 87' lang='lat' dir='ltr'>postquam</span> <span class='ocrx_word' id='word_1_245' title='bbox 1471 3476 1588 3538; x_wconf 86' lang='lat' dir='ltr'>Eccle-</span> 
     </span>
     <span class='ocr_line' id='line_1_29' title="bbox 304 3577 1589 3646; baseline 0.002 -3"><span class='ocrx_word' id='word_1_246' title='bbox 304 3581 391 3643; x_wconf 87' lang='lat' dir='ltr'>siam</span> <span class='ocrx_word' id='word_1_247' title='bbox 417 3591 454 3641; x_wconf 93' lang='lat' dir='ltr'>ut</span> <span class='ocrx_word' id='word_1_248' title='bbox 478 3578 596 3641; x_wconf 86' lang='lat' dir='ltr'>decuit</span> <span class='ocrx_word' id='word_1_249' title='bbox 620 3577 884 3641; x_wconf 86' lang='lat' dir='ltr'>defendendam</span> <span class='ocrx_word' id='word_1_250' title='bbox 909 3591 944 3642; x_wconf 93' lang='lat' dir='ltr'>et</span> <span class='ocrx_word' id='word_1_251' title='bbox 968 3579 1108 3641; x_wconf 89' lang='lat' dir='ltr'>Bullam</span> <span class='ocrx_word' id='word_1_252' title='bbox 1126 3579 1282 3642; x_wconf 89' lang='lat' dir='ltr'>Romani</span> <span class='ocrx_word' id='word_1_253' title='bbox 1299 3579 1484 3646; x_wconf 88' lang='lat' dir='ltr'>Pontificis</span> <span class='ocrx_word' id='word_1_254' title='bbox 1508 3604 1589 3646; x_wconf 85' lang='lat' dir='ltr'>exe-</span> 
     </span>
     <span class='ocr_line' id='line_1_30' title="bbox 305 3684 1591 3767; baseline 0.002 -18"><span class='ocrx_word' id='word_1_255' title='bbox 305 3687 482 3767; x_wconf 91' lang='lat' dir='ltr'>quendam</span> <span class='ocrx_word' id='word_1_256' title='bbox 506 3684 679 3767; x_wconf 81' lang='lat' dir='ltr'>suscepit,</span> <span class='ocrx_word' id='word_1_257' title='bbox 708 3705 780 3748; x_wconf 93' lang='lat' dir='ltr'>non</span> <span class='ocrx_word' id='word_1_258' title='bbox 804 3694 924 3767; x_wconf 90' lang='lat' dir='ltr'>potest</span> <span class='ocrx_word' id='word_1_259' title='bbox 948 3685 1023 3748; x_wconf 89' lang='lat' dir='ltr'>sine</span> <span class='ocrx_word' id='word_1_260' title='bbox 1048 3684 1124 3748; x_wconf 90' lang='lat' dir='ltr'>eius</span> <span class='ocrx_word' id='word_1_261' title='bbox 1149 3705 1278 3767; x_wconf 85' lang='lat' dir='ltr'>magna</span> <span class='ocrx_word' id='word_1_262' title='bbox 1303 3697 1389 3750; x_wconf 92' lang='lat' dir='ltr'>nota</span> <span class='ocrx_word' id='word_1_263' title='bbox 1412 3688 1447 3751; x_wconf 92' lang='lat' dir='ltr'>in</span> <span class='ocrx_word' id='word_1_264' title='bbox 1473 3688 1591 3752; x_wconf 89' lang='lat' dir='ltr'>medio</span> 
     </span>
     <span class='ocr_line' id='line_1_31' title="bbox 307 3791 1591 3874; baseline 0.003 -20"><span class='ocrx_word' id='word_1_265' title='bbox 307 3813 409 3855; x_wconf 88' lang='lat' dir='ltr'>cursu</span> <span class='ocrx_word' id='word_1_266' title='bbox 435 3792 602 3864; x_wconf 82' lang='lat' dir='ltr'>deficere3</span> <span class='ocrx_word' id='word_1_267' title='bbox 629 3793 723 3873; x_wconf 91' lang='lat' dir='ltr'>quod</span> <span class='ocrx_word' id='word_1_268' title='bbox 748 3791 776 3854; x_wconf 92' lang='lat' dir='ltr'>si</span> <span class='ocrx_word' id='word_1_269' title='bbox 801 3813 858 3855; x_wconf 91' lang='lat' dir='ltr'>res</span> <span class='ocrx_word' id='word_1_270' title='bbox 875 3792 910 3854; x_wconf 93' lang='lat' dir='ltr'>in</span> <span class='ocrx_word' id='word_1_271' title='bbox 927 3793 1084 3874; x_wconf 86' lang='lat' dir='ltr'>longum,</span> <span class='ocrx_word' id='word_1_272' title='bbox 1109 3801 1146 3854; x_wconf 92' lang='lat' dir='ltr'>ut</span> <span class='ocrx_word' id='word_1_273' title='bbox 1163 3792 1326 3856; x_wconf 85' lang='lat' dir='ltr'>fortassis</span> <span class='ocrx_word' id='word_1_274' title='bbox 1341 3795 1470 3857; x_wconf 87' lang='lat' dir='ltr'>aemuli</span> <span class='ocrx_word' id='word_1_275' title='bbox 1486 3795 1591 3859; x_wconf 79' lang='lat' dir='ltr'>Sedis</span> 
     </span>
     <span class='ocr_line' id='line_1_32' title="bbox 306 3898 1589 3983; baseline 0.002 -22"><span class='ocrx_word' id='word_1_276' title='bbox 306 3899 538 3981; x_wconf 78' lang='lat' dir='ltr'>Apostolicae</span> <span class='ocrx_word' id='word_1_277' title='bbox 564 3908 598 3961; x_wconf 89' lang='lat' dir='ltr'>et</span> <span class='ocrx_word' id='word_1_278' title='bbox 622 3898 755 3960; x_wconf 91' lang='lat' dir='ltr'>inimici</span> <span class='ocrx_word' id='word_1_279' title='bbox 778 3898 977 3963; x_wconf 89' lang='lat' dir='ltr'>Maiestatis</span> <span class='ocrx_word' id='word_1_280' title='bbox 1001 3919 1085 3961; x_wconf 90' lang='lat' dir='ltr'>suae</span> <span class='ocrx_word' id='word_1_281' title='bbox 1111 3910 1273 3980; x_wconf 89' lang='lat' dir='ltr'>querunt,</span> <span class='ocrx_word' id='word_1_282' title='bbox 1299 3900 1518 3983; x_wconf 87' lang='lat' dir='ltr'>differantur,</span> <span class='ocrx_word' id='word_1_283' title='bbox 1543 3903 1589 3964; x_wconf 91' lang='lat' dir='ltr'>vi·</span> 
     </span>
     <span class='ocr_line' id='line_1_33' title="bbox 306 4005 1591 4090; baseline 0.005 -23"><span class='ocrx_word' id='word_1_284' title='bbox 306 4008 389 4068; x_wconf 90' lang='lat' dir='ltr'>deat</span> <span class='ocrx_word' id='word_1_285' title='bbox 411 4005 582 4067; x_wconf 87' lang='lat' dir='ltr'>Maiestas</span> <span class='ocrx_word' id='word_1_286' title='bbox 610 4005 733 4067; x_wconf 92' lang='lat' dir='ltr'>suain</span> <span class='ocrx_word' id='word_1_287' title='bbox 758 4005 878 4086; x_wconf 88' lang='lat' dir='ltr'>primis</span> <span class='ocrx_word' id='word_1_288' title='bbox 904 4006 1071 4088; x_wconf 88' lang='lat' dir='ltr'>auspiciis</span> <span class='ocrx_word' id='word_1_289' title='bbox 1095 4016 1215 4068; x_wconf 88' lang='lat' dir='ltr'>tantae</span> <span class='ocrx_word' id='word_1_290' title='bbox 1240 4008 1481 4090; x_wconf 89' lang='lat' dir='ltr'>amplitudinis</span> <span class='ocrx_word' id='word_1_291' title='bbox 1505 4030 1591 4073; x_wconf 89' lang='lat' dir='ltr'>suae</span> 
     </span>
     <span class='ocr_line' id='line_1_34' title="bbox 307 4113 1592 4197; baseline 0.005 -23"><span class='ocrx_word' id='word_1_292' title='bbox 307 4134 411 4195; x_wconf 90' lang='lat' dir='ltr'>quam</span> <span class='ocrx_word' id='word_1_293' title='bbox 444 4113 489 4175; x_wconf 91' lang='lat' dir='ltr'>de</span> <span class='ocrx_word' id='word_1_294' title='bbox 522 4135 559 4175; x_wconf 90' lang='lat' dir='ltr'>se</span> <span class='ocrx_word' id='word_1_295' title='bbox 591 4113 880 4195; x_wconf 82' lang='lat' dir='ltr'>expectationem</span> <span class='ocrx_word' id='word_1_296' title='bbox 911 4114 1100 4176; x_wconf 90' lang='lat' dir='ltr'>universae</span> <span class='ocrx_word' id='word_1_297' title='bbox 1131 4113 1345 4177; x_wconf 88' lang='lat' dir='ltr'>christianae</span> <span class='ocrx_word' id='word_1_298' title='bbox 1372 4115 1592 4197; x_wconf 87' lang='lat' dir='ltr'>reipublicae</span> 
     </span>
     <span class='ocr_line' id='line_1_35' title="bbox 305 4219 1590 4302; baseline 0.004 -20"><span class='ocrx_word' id='word_1_299' title='bbox 305 4219 521 4302; x_wconf 85' lang='lat' dir='ltr'>praebuerit,</span> <span class='ocrx_word' id='word_1_300' title='bbox 546 4231 671 4282; x_wconf 85' lang='lat' dir='ltr'>contra</span> <span class='ocrx_word' id='word_1_301' title='bbox 688 4229 854 4301; x_wconf 87' lang='lat' dir='ltr'>coeptam</span> <span class='ocrx_word' id='word_1_302' title='bbox 870 4220 1116 4284; x_wconf 88' lang='lat' dir='ltr'>defensionem</span> <span class='ocrx_word' id='word_1_303' title='bbox 1133 4222 1328 4283; x_wconf 89' lang='lat' dir='ltr'>communis</span> <span class='ocrx_word' id='word_1_304' title='bbox 1343 4222 1496 4286; x_wconf 89' lang='lat' dir='ltr'>omnium</span> <span class='ocrx_word' id='word_1_305' title='bbox 1512 4245 1590 4287; x_wconf 90' lang='lat' dir='ltr'>cau·</span> 
     </span>
     <span class='ocr_line' id='line_1_36' title="bbox 306 4326 1234 4408; baseline 0.001 -19"><span class='ocrx_word' id='word_1_306' title='bbox 306 4349 367 4390; x_wconf 88' lang='lat' dir='ltr'>sae</span> <span class='ocrx_word' id='word_1_307' title='bbox 392 4337 427 4389; x_wconf 89' lang='lat' dir='ltr'>et</span> <span class='ocrx_word' id='word_1_308' title='bbox 451 4326 574 4389; x_wconf 90' lang='lat' dir='ltr'>salutis</span> <span class='ocrx_word' id='word_1_309' title='bbox 598 4347 690 4408; x_wconf 89' lang='lat' dir='ltr'>quae</span> <span class='ocrx_word' id='word_1_310' title='bbox 714 4327 749 4389; x_wconf 90' lang='lat' dir='ltr'>in</span> <span class='ocrx_word' id='word_1_311' title='bbox 774 4347 879 4389; x_wconf 89' lang='lat' dir='ltr'>manu</span> <span class='ocrx_word' id='word_1_312' title='bbox 905 4348 968 4390; x_wconf 92' lang='lat' dir='ltr'>sua</span> <span class='ocrx_word' id='word_1_313' title='bbox 992 4336 1055 4407; x_wconf 89' lang='lat' dir='ltr'>est,</span> <span class='ocrx_word' id='word_1_314' title='bbox 1081 4329 1234 4391; x_wconf 90' lang='lat' dir='ltr'>deserat.</span> 
     </span>
    </p>

    <p class='ocr_par' dir='ltr' id='par_1_3' title="bbox 307 4428 1593 4949">
     <span class='ocr_line' id='line_1_37' title="bbox 395 4428 1591 4519; baseline 0.006 -24"><span class='ocrx_word' id='word_1_315' title='bbox 395 4434 475 4514; x_wconf 81' lang='lat' dir='ltr'>Quo</span> <span class='ocrx_word' id='word_1_316' title='bbox 500 4453 585 4496; x_wconf 88' lang='lat' dir='ltr'>vero</span> <span class='ocrx_word' id='word_1_317' title='bbox 611 4434 656 4496; x_wconf 91' lang='lat' dir='ltr'>ad</span> <span class='ocrx_word' id='word_1_318' title='bbox 680 4433 821 4496; x_wconf 90' lang='lat' dir='ltr'>libellos</span> <span class='ocrx_word' id='word_1_319' title='bbox 835 4428 980 4496; x_wconf 83' lang='lat' dir='ltr'>Martini</span> <span class='ocrx_word' id='word_1_320' title='bbox 1004 4434 1127 4498; x_wconf 91' lang='lat' dir='ltr'>mirum</span> <span class='ocrx_word' id='word_1_321' title='bbox 1152 4447 1217 4515; x_wconf 91' lang='lat' dir='ltr'>est,</span> <span class='ocrx_word' id='word_1_322' title='bbox 1242 4456 1349 4517; x_wconf 87' lang='lat' dir='ltr'>quum</span> <span class='ocrx_word' id='word_1_323' title='bbox 1374 4448 1445 4499; x_wconf 90' lang='lat' dir='ltr'>tam</span> <span class='ocrx_word' id='word_1_324' title='bbox 1469 4447 1591 4519; x_wconf 89' lang='lat' dir='ltr'>paten-</span> 
     </span>
     <span class='ocr_line' id='line_1_38' title="bbox 307 4541 1593 4622; baseline 0.005 -20"><span class='ocrx_word' id='word_1_325' title='bbox 307 4552 361 4603; x_wconf 89' lang='lat' dir='ltr'>tes</span> <span class='ocrx_word' id='word_1_326' title='bbox 378 4561 518 4603; x_wconf 90' lang='lat' dir='ltr'>errores</span> <span class='ocrx_word' id='word_1_327' title='bbox 539 4541 756 4622; x_wconf 89' lang='lat' dir='ltr'>contineant,</span> <span class='ocrx_word' id='word_1_328' title='bbox 783 4563 853 4604; x_wconf 94' lang='lat' dir='ltr'>non</span> <span class='ocrx_word' id='word_1_329' title='bbox 878 4554 1091 4607; x_wconf 91' lang='lat' dir='ltr'>concurrant</span> <span class='ocrx_word' id='word_1_330' title='bbox 1114 4544 1231 4607; x_wconf 91' lang='lat' dir='ltr'>statim</span> <span class='ocrx_word' id='word_1_331' title='bbox 1248 4543 1417 4608; x_wconf 89' lang='lat' dir='ltr'>Germani</span> <span class='ocrx_word' id='word_1_332' title='bbox 1442 4546 1486 4607; x_wconf 92' lang='lat' dir='ltr'>ad</span> <span class='ocrx_word' id='word_1_333' title='bbox 1511 4545 1593 4608; x_wconf 92' lang='lat' dir='ltr'>illos</span> 
     </span>
     <span class='ocr_line' id='line_1_39' title="bbox 307 4647 1592 4733; baseline 0.004 -25"><span class='ocrx_word' id='word_1_334' title='bbox 307 4649 567 4710; x_wconf 90' lang='lat' dir='ltr'>comburendos</span> <span class='ocrx_word' id='word_1_335' title='bbox 591 4659 628 4710; x_wconf 92' lang='lat' dir='ltr'>ut</span> <span class='ocrx_word' id='word_1_336' title='bbox 654 4647 877 4711; x_wconf 90' lang='lat' dir='ltr'>continentes</span> <span class='ocrx_word' id='word_1_337' title='bbox 898 4650 1109 4732; x_wconf 86' lang='lat' dir='ltr'>religionem</span> <span class='ocrx_word' id='word_1_338' title='bbox 1129 4670 1250 4714; x_wconf 89' lang='lat' dir='ltr'>eorum</span> <span class='ocrx_word' id='word_1_339' title='bbox 1267 4651 1428 4733; x_wconf 89' lang='lat' dir='ltr'>patribus</span> <span class='ocrx_word' id='word_1_340' title='bbox 1452 4651 1592 4713; x_wconf 91' lang='lat' dir='ltr'>omnino</span> 
     </span>
     <span class='ocr_line' id='line_1_40' title="bbox 307 4754 1593 4840; baseline 0.006 -27"><span class='ocrx_word' id='word_1_341' title='bbox 307 4754 464 4835; x_wconf 86' lang='lat' dir='ltr'>ignotam</span> <span class='ocrx_word' id='word_1_342' title='bbox 497 4765 532 4817; x_wconf 90' lang='lat' dir='ltr'>et</span> <span class='ocrx_word' id='word_1_343' title='bbox 563 4754 702 4817; x_wconf 87' lang='lat' dir='ltr'>Christo</span> <span class='ocrx_word' id='word_1_344' title='bbox 734 4754 930 4837; x_wconf 89' lang='lat' dir='ltr'>inimicam,</span> <span class='ocrx_word' id='word_1_345' title='bbox 961 4767 1193 4820; x_wconf 88' lang='lat' dir='ltr'>veruntamen</span> <span class='ocrx_word' id='word_1_346' title='bbox 1218 4758 1301 4838; x_wconf 93' lang='lat' dir='ltr'>quia</span> <span class='ocrx_word' id='word_1_347' title='bbox 1324 4759 1450 4820; x_wconf 91' lang='lat' dir='ltr'>nolunt</span> <span class='ocrx_word' id='word_1_348' title='bbox 1473 4758 1593 4840; x_wconf 91' lang='lat' dir='ltr'>aliquo</span> 
     </span>
     <span class='ocr_line' id='line_1_41' title="bbox 307 4862 1592 4949; baseline 0.005 -27"><span class='ocrx_word' id='word_1_349' title='bbox 307 4862 412 4924; x_wconf 91' lang='lat' dir='ltr'>modo</span> <span class='ocrx_word' id='word_1_350' title='bbox 437 4872 631 4944; x_wconf 80' lang='lat' dir='ltr'>expectare</span> <span class='ocrx_word' id='word_1_351' title='bbox 655 4862 684 4924; x_wconf 89' lang='lat' dir='ltr'>si</span> <span class='ocrx_word' id='word_1_352' title='bbox 701 4862 875 4926; x_wconf 87' lang='lat' dir='ltr'>Martinus</span> <span class='ocrx_word' id='word_1_353' title='bbox 900 4865 987 4927; x_wconf 92' lang='lat' dir='ltr'>velit</span> <span class='ocrx_word' id='word_1_354' title='bbox 1011 4886 1073 4928; x_wconf 91' lang='lat' dir='ltr'>eos</span> <span class='ocrx_word' id='word_1_355' title='bbox 1096 4885 1268 4927; x_wconf 89' lang='lat' dir='ltr'>revocare</span> <span class='ocrx_word' id='word_1_356' title='bbox 1288 4875 1323 4927; x_wconf 89' lang='lat' dir='ltr'>et</span> <span class='ocrx_word' id='word_1_357' title='bbox 1339 4865 1374 4927; x_wconf 92' lang='lat' dir='ltr'>in</span> <span class='ocrx_word' id='word_1_358' title='bbox 1392 4885 1462 4947; x_wconf 89' lang='lat' dir='ltr'>qua</span> <span class='ocrx_word' id='word_1_359' title='bbox 1478 4875 1592 4949; x_wconf 89' lang='lat' dir='ltr'>parte,</span> 
     </span>
    </p>
   </div>
   <div class='ocr_carea' id='block_1_3' title="bbox 0 0 1787 5734">
    <p class='ocr_par' dir='ltr' id='par_1_4' title="bbox 0 0 1787 5734">
     <span class='ocr_line' id='line_1_42' title="bbox 0 0 1787 5734; baseline 0 0"><span class='ocrx_word' id='word_1_360' title='bbox 0 0 1787 5734; x_wconf 95' lang='lat' dir='ltr'> </span> 
     </span>
    </p>
   </div>
  </div>
 </body>
</html>
