3559 5734
679 539 926 597 &with-0

162 708 224 771 per
248 688 306 752 un’
331 689 441 769 altra,
476 688 532 750 chi
559 698 683 770 aperte
709 695 745 748 et
768 686 824 748 chi
849 688 916 748 sub
940 693 1108 767 pretextu
1133 682 1228 747 boni.
1276 680 1350 746 Sed
1374 702 1445 746 non

162 814 306 877 possum
323 807 399 858 tute
423 795 541 858 omnia
564 793 732 859 scribere.
769 793 872 857 Felix
898 791 995 855 vivat
1010 800 1046 854 et
1062 793 1182 853 valeat
1196 787 1447 852 Sanctissimus

163 902 204 969 D.
231 901 272 964 N.
298 912 336 965 et
358 901 655 965 reverendissima
679 899 871 966 dominatio
896 908 1034 981 vestra,
1064 917 1213 979 quorum
1237 897 1349 979 pedes
1375 916 1445 959 ma-

163 1029 299 1092 nusque
325 1009 524 1074 deosculor.
569 1008 802 1075 Wormatiae.

698 1204 768 1217 m»
777 1205 843 1215 ‹evaen
849 1204 904 1215 am

777 1471 831 1538 37.

496 1587 705 1667 Aloandor
733 1585 1105 1668 vicecancellario.

578 1735 720 1806 (Πυθία.
740 1734 831 1795 Gom.
848 1735 879 1793 11.
897 1733 942 1792 iol.
960 1732 1030 1806 100.)

661 1857 696 1921 (4.
716 1852 839 1924 Martii(?)
862 1852 949 1923 1521.)

252 1979 290 2041 lo
323 1979 369 2040 ho
401 1979 493 2041 lecto
525 1981 559 2042 al
591 1979 717 2042 doctor
741 1978 915 2063 Capitone
940 1981 974 2042 el
998 1979 1155 2060 capitulo
1180 1980 1225 2040 de
1249 1980 1376 2040 lettere
1401 1978 1445 2041 de

165 2085 205 2146 V.
229 2084 266 2147 S.
289 2085 386 2148 Rma
409 2096 445 2148 et
468 2086 504 2149 la
527 2088 621 2149 bona
644 2106 818 2168 speranza
845 2089 912 2149 che
928 2086 952 2149 li
970 2087 1079 2159 dona;
1104 2085 1266 2167 supplico
1282 2082 1311 2146 si
1326 2083 1445 2148 mandi

163 2192 207 2254 ad
238 2186 450 2256 executione
481 2194 612 2274 perche
644 2193 784 2276 questui
813 2193 831 2256 ἐ
865 2212 935 2256 uno
967 2194 1012 2256 de
1036 2192 1164 2274 grandi
1190 2189 1375 2274 Capitanei
1400 2191 1445 2253 de

162 2297 184 2361 li
201 2298 408 2363 Academici
433 2299 545 2362 nostri
569 2300 696 2363 nemici
721 2320 832 2363 ancor
856 2301 922 2363 che
947 2300 1085 2362 occulto
1111 2319 1176 2382 per
1199 2307 1362 2380 respecto
1387 2297 1445 2360 del

162 2405 373 2487 Maguntino
397 2425 463 2468 con
489 2408 522 2469 el
546 2408 630 2487 qual
653 2406 701 2469 lui
725 2417 794 2470 sta:
820 2417 856 2471 et
880 2416 1006 2490 questo
1031 2409 1149 2469 buono
1174 2408 1280 2469 homo
1298 2404 1347 2467 dil
1362 2404 1443 2467 Car·

163 2512 280 2575 dinale
311 2532 382 2575 non
414 2514 448 2575 lo
482 2513 563 2575 vole
597 2515 745 2578 credere
772 2514 850 2577 anci
874 2534 940 2597 per
964 2516 1116 2577 lassarse
1140 2515 1303 2595 aggabar
1327 2513 1373 2574 da
1396 2511 1444 2573 lui

163 2628 349 2683 commette
375 2620 409 2682 di
434 2619 534 2683 molti
558 2620 679 2702 errori,
704 2641 748 2684 ne
773 2622 818 2684 mi
842 2622 952 2705 giova
976 2624 1040 2685 che
1064 2621 1099 2685 io
1123 2641 1169 2703 ge
1194 2621 1215 2683 l'
1231 2619 1328 2683 habii
1345 2620 1444 2681 detto

163 2737 199 2790 et
220 2735 435 2808 monstrato,
467 2729 533 2790 che
564 2748 634 2791 non
664 2731 699 2792 lo
730 2730 789 2791 vol
820 2730 960 2793 credet:
1008 2729 1137 2791 Donde
1165 2728 1276 2791 siamo
1300 2725 1444 2790 sforzati

162 2832 291 2916 pigliar
316 2834 414 2897 detto
439 2832 614 2914 Capitano
638 2855 773 2916 perun
798 2838 888 2899 altro
913 2857 1030 2917 verso,
1055 2846 1091 2898 et
1107 2837 1226 2918 quello
1244 2836 1309 2897 che
1325 2833 1442 2897 vorrei

162 2940 257 3004 fusse
281 2952 337 3004 sta
360 2950 462 3003 usato
488 2943 534 3004 da
557 2942 733 3024 principio
757 2941 838 3030 (che
862 2946 952 3007 hora
975 2964 1046 3007 non
1071 2944 1089 3007 ἐ
1113 2944 1248 3025 tempo)
1272 2941 1383 3004 veder
1408 2940 1442 3003 di

162 3048 376 3130 acquistarlo
401 3053 468 3110 con
492 3050 642 3130 qualche
666 3050 783 3131 gratia
807 3051 853 3114 da
868 3052 988 3115 Roma
1012 3062 1048 3115 et
1070 3049 1257 3133 presertim
1277 3070 1344 3114 con
1361 3069 1441 3130 que·

163 3165 216 3218 sta
246 3155 493 3238 prepositura,
525 3157 561 3219 di
592 3159 627 3221 la
658 3159 740 3240 qual
765 3160 930 3222 havendo
954 3162 990 3224 la
1013 3160 1130 3240 gratia
1154 3179 1224 3222 non
1247 3156 1294 3221 mi
1319 3155 1442 3219 dubito

163 3283 230 3326 non
247 3264 281 3327 lo
298 3263 409 3327 siamo
426 3283 491 3346 per
515 3266 637 3345 haver,
661 3285 700 3328 se
721 3285 791 3328 non
813 3267 872 3328 del
887 3275 980 3329 tutto
995 3287 1060 3348 per
1074 3266 1145 3347 noi,
1161 3267 1301 3328 almeno
1317 3283 1442 3327 manco

164 3369 287 3433 nocivo
313 3372 383 3434 alla
407 3391 515 3433 causa
538 3371 724 3451 catholica,
749 3392 788 3436 se
812 3392 883 3437 non
907 3373 1004 3437 fusse
1028 3394 1093 3456 per
1109 3375 1200 3436 altro
1216 3373 1282 3435 che
1298 3391 1364 3453 per
1378 3390 1442 3434 suo

163 3476 332 3542 interesse
356 3498 421 3559 per
445 3498 677 3543 conservarse
701 3482 801 3543 detta
824 3479 1062 3562 prepositura,
1089 3480 1240 3543 essendo
1265 3479 1289 3540 li
1314 3478 1440 3540 Luthe·

164 3584 237 3647 rani
268 3584 475 3648 destruttori
506 3586 550 3648 de
582 3585 668 3668 ogni
697 3596 794 3649 sorta
826 3586 862 3648 di
892 3586 1050 3649 benefitii
1075 3585 1316 3650 ecclesiastici.
1359 3584 1440 3667 Ipse

164 3693 268 3755 multa
291 3702 411 3774 potest
434 3712 499 3774 per
523 3694 635 3755 haver
659 3693 717 3776 gia
743 3698 814 3756 cosi
839 3692 1081 3756 infenochiato
1097 3692 1310 3776 Moguntino
1327 3702 1363 3754 et
1376 3711 1441 3773 per

165 3819 278 3861 essere
307 3797 532 3880 predicatore
563 3799 744 3862 ordinario
776 3801 820 3864 de
844 3801 879 3862 la
903 3800 1025 3863 chiesa
1049 3799 1271 3882 Moguntina,
1302 3810 1338 3862 et
1361 3818 1438 3880 pre·

166 3916 304 3986 ceptore
329 3907 374 3969 de
398 3905 500 3987 quasi
523 3904 604 3968 tutti
629 3906 674 3969 de
698 3906 814 3988 questi
831 3907 1117 3990 Theologopoeti
1141 3905 1358 3990 predicatori
1375 3906 1440 3967 che

165 4030 319 4091 regnano
343 4012 377 4074 al
402 4022 570 4093 presente
594 4013 629 4076 in
654 4014 688 4075 le
711 4013 901 4096 principali
927 4014 1052 4079 chiese,
1070 4013 1105 4076 di
1130 4011 1332 4077 Germania.

248 4117 360 4181 Molto
385 4120 432 4181 ha
455 4119 602 4200 giovato
626 4122 692 4183 che
716 4120 850 4183 Vestra
874 4118 1042 4203 Signoria
1065 4119 1381 4184 Reverendissima
1404 4117 1438 4180 in

167 4242 225 4286 sue
247 4224 367 4288 ultime
390 4227 495 4289 lettre
519 4227 603 4291 habi
627 4227 717 4290 fatto
742 4229 811 4290 due
836 4247 856 4290 o
880 4236 935 4291 tre
958 4228 1042 4291 fiate
1067 4227 1244 4291 mentione
1270 4228 1325 4289 del
1351 4226 1440 4289 Con·

166 4327 284 4410 sessor,
302 4333 335 4395 el
352 4334 433 4412 qual
452 4353 518 4414 per
534 4333 632 4396 molti
648 4334 764 4415 giorni
781 4333 895 4415 primo
911 4355 1022 4415 parea
1042 4334 1215 4398 refredito
1239 4332 1273 4396 in
1298 4335 1333 4396 la
1356 4353 1440 4395 cosa

168 4447 289 4517 nostra,
306 4439 342 4501 la
356 4458 464 4501 causa
476 4459 546 4502 non
563 4440 680 4503 scrivo
696 4461 762 4522 per
775 4451 902 4522 questa
913 4462 979 4523 per
992 4462 1090 4504 esser
1102 4444 1270 4523 alquanto
1284 4441 1438 4522 prolixa;

166 4542 229 4603 hor
250 4547 282 4606 al
310 4553 477 4628 presente
502 4546 614 4610 lettoli
639 4546 662 4609 li
687 4546 832 4629 capitoli
856 4548 902 4610 de
926 4549 1030 4611 lettre
1055 4547 1090 4609 di
1116 4547 1248 4610 Vostra
1272 4544 1440 4628 Signoria

167 4647 474 4715 Reverendissima
497 4674 535 4715 se
559 4654 606 4716 ha
629 4663 720 4717 tutto
744 4654 1006 4718 reconfermato
1030 4675 1096 4737 per
1120 4654 1196 4733 noi,
1221 4655 1334 4735 perho
1358 4671 1437 4732 sup·

167 4755 255 4835 plico
278 4760 342 4821 che
365 4758 401 4821 in
427 4759 513 4841 ogni
536 4780 601 4822 sua
623 4761 730 4823 lettra
754 4781 797 4824 ne
821 4756 915 4824 iacci
934 4763 1085 4844 qualche
1100 4761 1279 4825 mentione
1296 4761 1360 4823 che
1377 4757 1436 4841 piu

168 4861 269 4942 giova
290 4867 384 4929 mille
409 4869 515 4947 volte,
541 4869 606 4931 che
628 4889 675 4931 un
690 4871 800 4932 breve
816 4889 1010 4952 commune,
1035 4870 1108 4933 scio
1124 4871 1220 4953 quod
1233 4867 1327 4931 dico:
1353 4865 1437 4929 novi
