3559 5734
772 519 831 573 023
868 521 923 575 410
962 517 1020 571 ΕΗ

857 735 931 802 181.

686 840 898 946 Gumpgius
924 842 1099 926 &idtio

525 967 529 974 ’
626 979 808 1050 arnolti
833 981 985 1041 flumen
1012 982 1088 1041 Lm
1107 984 1160 1052 bd)

754 1088 808 1159 (22.
828 1095 931 1158 Janunr
953 1091 1041 1160 1525.)

346 1201 466 1264 Prima
489 1203 543 1265 ch'
559 1203 595 1266 io
618 1204 790 1287 risponda
813 1208 884 1271 alle
908 1208 944 1271 di
959 1209 1091 1273 Vestra
1107 1209 1275 1290 Signoria
1299 1208 1335 1272 di
1351 1208 1416 1272 XI.
1442 1208 1540 1291 quali

259 1307 396 1370 dubitai
421 1330 519 1372 esser
546 1331 651 1392 perse
681 1321 717 1375 et
750 1334 818 1395 pur
849 1315 1034 1397 capitaron
1066 1315 1126 1379 alli
1150 1316 1236 1378 VIII
1271 1316 1328 1379 del
1359 1325 1541 1397 presente,

259 1423 294 1475 et
318 1416 456 1479 allaltre
481 1418 526 1479 de
552 1417 689 1482 XXIX
713 1403 772 1484 del
795 1432 940 1503 passato
963 1425 997 1486 le
1022 1422 1118 1505 quali
1142 1443 1369 1505 comparsero
1393 1422 1453 1505 qui
1477 1422 1540 1485 alli

260 1520 370 1584 XVII
394 1523 451 1584 del
475 1534 661 1606 presente,
694 1528 727 1589 le
756 1527 834 1590 diro
865 1547 965 1592 come
995 1539 1122 1592 stanno
1155 1532 1189 1593 le
1218 1550 1301 1593 cose
1332 1529 1367 1591 di
1391 1529 1543 1593 Boemia

259 1648 359 1691 come
385 1630 419 1690 di
448 1633 565 1712 quelle
590 1633 655 1696 che
681 1633 716 1696 io
740 1634 844 1697 stimo
873 1635 1006 1700 Nostro
1035 1634 1188 1717 Signore
1213 1644 1249 1699 et
1271 1636 1353 1698 tutti
1377 1636 1436 1700 voi
1459 1634 1543 1699 altri

262 1744 382 1798 statne
406 1735 440 1798 in
466 1740 653 1822 maggiore
678 1742 940 1824 expettacioue,
966 1755 1000 1806 et
1024 1745 1058 1806 la
1082 1763 1217 1808 summa
1241 1741 1261 1805 ὲ
1285 1744 1351 1807 che
1376 1743 1410 1805 la
1433 1742 1543 1805 Dieta

260 1864 281 1903 a
305 1842 425 1925 Praga
449 1866 487 1908 se
511 1846 636 1910 risolse
659 1869 767 1911 senza
790 1852 878 1912 total
903 1850 1132 1914 conclusione
1162 1869 1228 1933 per
1257 1860 1361 1931 poter
1386 1850 1543 1912 ritrover

260 1950 293 2011 le
318 1954 533 2016 concordate
557 1954 616 2035 gii
641 1956 731 2019 altre
755 1957 852 2019 volte
876 1955 965 2020 fatte
990 1967 1025 2020 et
1048 1957 1138 2020 farle
1161 1958 1324 2020 tradurre
1356 1955 1392 2019 in
1417 1956 1544 2037 lingua

260 2056 441 2140 Boemica,
466 2070 501 2122 et
525 2062 638 2123 anche
670 2063 802 2144 perch&
827 2065 1066 2127 mancharano
1092 2063 1208 2127 alcuni
1232 2063 1382 2144 Bateni,
1407 2071 1443 2125 et
1475 2082 1543 2145 per

259 2161 336 2226 fare
361 2185 431 2229 una
456 2167 562 2230 Diete
585 2168 620 2231 in
646 2166 772 2248 Slesia,
798 2170 1044 2251 Wratislavie‚
1069 2179 1105 2233 et
1128 2170 1324 2234 rimesseno
1347 2171 1381 2232 el
1405 2167 1482 2231 fare
1506 2171 1545 2231 la

261 2272 348 2333 total
393 2272 602 2338 risolutione
647 2275 742 2339 circa
787 2278 822 2339 la
864 2276 995 2340 unione
1040 2280 1086 2340 ad
1126 2277 1256 2340 festum
1297 2274 1544 2344 conversionis

261 2378 376 2458 Pauli,
401 2399 468 2460 pur
492 2381 526 2444 in
541 2382 662 2464 Praga
685 2383 778 2445 dove
803 2404 891 2446 sono
915 2384 1037 2447 restati
1062 2384 1144 2446 tutti
1159 2384 1184 2446 li
1199 2383 1280 2446 stati
1296 2392 1332 2446 et
1346 2390 1546 2465 expettano

262 2485 295 2545 al
320 2485 419 2549 detto
443 2496 562 2569 tempo
598 2490 633 2550 la
664 2489 879 2553 resolutione
915 2492 962 2554 da
986 2488 1124 2571 stanti,
1161 2500 1197 2553 et
1231 2492 1297 2554 che
1332 2489 1439 2572 quelli
1474 2490 1549 2553 che

263 2595 519 2675 manchavano,
543 2595 572 2658 si
596 2596 769 2659 ritrovino
798 2598 832 2659 al
868 2598 967 2661 detto
997 2608 1117 2679 tempo
1149 2597 1184 2660 in
1218 2598 1347 2680 Praga.
1402 2596 1448 2658 Di
1476 2596 1546 2659 che

263 2699 396 2762 vedere
427 2701 559 2766 Vostra
591 2703 760 2784 Signoria
798 2704 904 2786 copia
937 2706 981 2766 de
1013 2705 1046 2766 le
1079 2706 1183 2766 lettre
1215 2705 1280 2766 che
1311 2702 1474 2765 scriveno
1506 2703 1545 2764 al

263 2806 322 2867 Re
347 2815 382 2869 et
405 2806 430 2871 il
454 2810 609 2890 capitolo
633 2811 678 2872 de
703 2815 737 2873 la
761 2811 993 2893 deputatione
1017 2831 1082 2892 per
1105 2811 1140 2873 la
1164 2809 1312 2894 unione,
1339 2817 1376 2872 et
1398 2808 1541 2872 bench&

264 2933 285 2974 a
309 2914 446 2995 legerlo
470 2936 558 2997 pare
583 2937 667 2981 cosa
692 2921 801 2982 molto
833 2919 870 2981 in
904 2917 979 2981 aria
1010 2928 1046 2981 et
1075 2939 1181 2981 senza
1214 2926 1372 2980 certezza
1403 2916 1545 2993 alcuna,

264 3020 385 3084 niente
409 3021 550 3087 dimeno
575 3045 640 3106 per
663 3025 744 3087 tutti
768 3025 792 3088 li
817 3025 906 3087 avisi
931 3027 998 3088 che
1022 3024 1050 3087 si
1075 3027 1193 3087 hanno
1218 3025 1265 3086 da
1277 3021 1410 3085 diversi
1433 3021 1547 3085 inten-

264 3125 339 3188 desi
363 3129 397 3188 la
421 3149 505 3192 cosa
529 3150 648 3195 essere
672 3152 737 3214 per
760 3135 944 3213 conclusa,
974 3141 1010 3193 et
1043 3132 1108 3194 che
1132 3129 1275 3193 omnino
1299 3131 1424 3192 volunt
1448 3127 1547 3191 uniri

266 3232 331 3295 Sl⁸⁰
352 3235 435 3297 R¹¹⁸⁰
467 3237 652 3301 Ecclesiae
675 3239 775 3301 iuxta
799 3238 886 3301 alias
911 3238 1138 3302 concordata.

356 3343 383 3404 Il
408 3343 510 3405 Duce
534 3343 639 3408 Carlo
665 3346 711 3407 ha
734 3346 903 3408 mandato
927 3365 998 3407 uno
1032 3346 1139 3407 homo
1167 3364 1188 3405 a
1219 3350 1324 3425 posta
1356 3342 1390 3405 al
1419 3338 1479 3403 Re
1510 3350 1550 3403 et

267 3468 288 3509 a
311 3469 387 3529 me,
413 3450 446 3513 el
472 3454 575 3532 quale
600 3461 694 3515 sotto
719 3453 823 3516 lettre
856 3452 890 3513 di
922 3452 1096 3513 credenza
1122 3450 1170 3513 mi
1200 3447 1348 3511 afferma
1378 3447 1443 3509 che
1474 3464 1549 3507 non

268 3557 393 3636 dubiti,
418 3558 484 3621 che
508 3559 543 3621 la
567 3579 652 3621 cosa
675 3559 809 3621 havere
833 3560 958 3621 ottimo
993 3556 1074 3636 fine,
1110 3565 1146 3619 et
1180 3554 1289 3638 quelli
1325 3555 1361 3616 di
1396 3554 1549 3618 Presten

268 3664 312 3725 de
337 3664 360 3724 li
385 3663 480 3744 quali
503 3664 563 3746 piu
588 3665 618 3728 si
642 3666 813 3728 dubitava
837 3686 925 3729 sono
950 3663 1140 3727 caldissimi
1165 3683 1186 3724 a
1209 3663 1281 3725 tale
1311 3663 1480 3743 impresa‚
1510 3669 1551 3723 et

269 3769 453 3833 caminano
477 3774 570 3835 bene
595 3784 727 3855 quanto
753 3774 781 3835 si
806 3793 915 3854 possa
938 3771 1153 3834 desiderare.

359 3877 467 3959 Dipoi
492 3879 510 3941 ἐ
535 3879 661 3962 gionto
686 3883 730 3942 de
754 3882 789 3942 ln
813 3881 912 3943 detta
937 3879 1042 3942 Dicta
1073 3877 1108 3940 di
1138 3877 1259 3957 Praga
1290 3879 1323 3939 el
1356 3871 1551 3937 secretario

273 3983 308 4043 di
335 3995 462 4064 questa
484 3986 623 4049 Maesti
648 3988 714 4049 che
738 3987 830 4049 andd
855 4006 923 4049 con
953 3986 978 4049 li
1011 3984 1159 4065 oratori,
1187 3980 1283 4064 quali
1310 4001 1399 4044 sono
1427 3979 1553 4043 restati

270 4092 305 4153 la
329 4111 394 4173 per
417 4091 587 4155 risolvere
612 4093 636 4156 il
660 4102 751 4155 tutto
775 4092 811 4155 in
835 4095 870 4155 la
895 4093 1012 4155 futura
1037 4091 1150 4170 dieta,
1182 4099 1219 4152 et
1242 4089 1260 4151 ἐ
1286 4097 1379 4151 stato
1403 4106 1470 4150 con
1495 4107 1553 4149 me

271 4198 316 4258 ad
342 4200 498 4280 longum,
523 4215 558 4262 et
583 4201 814 4280 variamente,
846 4209 881 4261 et
912 4198 1020 4261 molte
1050 4197 1147 4260 volte
1172 4198 1217 4258 da
1241 4216 1297 4257 me
1319 4194 1554 4276 interrogate,

272 4314 372 4367 tanto
396 4308 633 4387 amplamente
656 4306 703 4368 mi
728 4305 889 4384 afferma,
922 4306 988 4367 che
1012 4306 1046 4366 la
1070 4323 1154 4366 cosa
1177 4300 1310 4365 havere
1334 4299 1458 4363 ottimo
1480 4297 1554 4362 fine

274 4421 309 4476 et
332 4412 539 4476 risolutione
564 4414 644 4476 chio
669 4433 713 4475 ne
738 4432 844 4494 spero
868 4412 990 4474 votivo
1015 4410 1138 4473 effetto
1163 4419 1305 4472 excetto
1339 4428 1377 4471 se
1402 4427 1471 4469 non
1495 4425 1552 4468 oc-

274 4540 434 4583 corresse
458 4521 609 4602 qualche
633 4519 817 4601 inopinato
842 4540 926 4582 caso
951 4518 1016 4580 che
1045 4537 1111 4598 per
1140 4516 1271 4578 human
1296 4513 1455 4576 discorso
1481 4530 1554 4573 non

274 4628 304 4691 si
328 4648 434 4710 possa
458 4627 773 4709 comprehendere.

364 4735 416 4797 La
450 4735 599 4817 regione
636 4735 731 4798 della
765 4743 898 4796 venuta
937 4732 971 4793 di
1006 4732 1104 4793 detto
1142 4726 1334 4793 secretario
1368 4727 1386 4789 ὲ
1422 4724 1555 4808 perche

277 4841 392 4925 questi
416 4840 545 4926 grandi
570 4841 606 4903 di
630 4841 779 4904 Boemia
808 4860 847 4903 se
870 4838 1041 4922 vogliono
1065 4836 1262 4900 assicurare
1293 4834 1359 4897 che
1390 4831 1414 4895 li
1445 4828 1557 4895 officii
