3559 5734
817 533 1047 589 0436ss&

291 681 358 742 che
381 700 554 761 appresso
567 680 636 744 Dio
661 679 775 762 prima
799 692 833 744 et
857 680 918 763 poi
935 681 1066 745 Nostro
1084 678 1238 763 Signore
1263 691 1298 745 et
1322 691 1413 745 tutto
1437 683 1458 743 l'
1472 701 1573 744 sacro

292 785 479 869 Colleggio
497 798 677 850 trovarete
701 787 878 869 condegni
903 788 1029 870 premii
1053 799 1089 853 et
1113 789 1239 869 gratie,
1265 798 1300 851 et
1324 789 1382 852 noi
1405 808 1471 869 per
1495 808 1573 870 pro·

291 893 369 976 pria
394 903 515 958 nostra
538 895 683 959 volunta
706 915 811 957 senza
835 894 1067 976 requisitione
1092 897 1136 958 de
1161 895 1257 976 altri,
1282 916 1303 956 a
1327 905 1447 977 tempo
1473 916 1517 957 ve
1541 898 1573 957 le

291 1021 542 1083 procureremo
568 1013 603 1064 et
627 1003 877 1084 impetraremo
902 1023 972 1065 non
996 1011 1088 1065 tutto
1112 1003 1136 1065 il
1160 1013 1287 1083 potere
1304 1011 1436 1066 nostro.
1473 1001 1574 1065 State

291 1110 458 1189 adunque
491 1107 527 1169 di
559 1110 654 1171 bono
688 1107 805 1171 animo
838 1120 874 1171 et
905 1119 1135 1190 perseverate
1164 1129 1264 1173 come
1289 1107 1335 1171 fin
1361 1109 1419 1191 qui
1445 1110 1573 1172 bavete

291 1213 387 1277 facto
418 1215 831 1278 constantissimamente.
880 1216 950 1278 Per
983 1217 1074 1279 altro
1107 1236 1280 1297 appresso
1304 1216 1339 1277 vi
1363 1216 1394 1277 si
1417 1216 1574 1278 scrivere

290 1321 350 1403 piu
374 1323 519 1404 allongo
549 1330 585 1385 et
608 1322 883 1403 provvederassi
912 1323 948 1385 di
974 1324 1034 1405 qui
1062 1324 1219 1386 secundo
1248 1322 1328 1385 sera
1356 1334 1573 1404 opportuno.

292 1429 392 1491 Bene
416 1431 544 1494 valete.

379 1535 583 1600 Florentiae
608 1536 742 1600 XXVI
765 1537 951 1601 Februarii
975 1537 1159 1601 MDXXI.

1199 1661 1244 1723 llll
1262 1662 1308 1731 n..
1332 1662 1538 1713 vicecanceun.

908 2082 960 2147 29.

657 2190 984 2272 vicecancellarius
1012 2189 1202 2271 lllccudrc.

727 2337 870 2407 (llmclat
890 2336 1018 2396 (lemen.
1036 2335 1067 2394 Ξ..
1087 2335 1139 2404 lb)

513 2455 564 2523 (Ex
584 2457 721 2506 Florentia
740 2469 782 2520 27.
801 2458 880 2509 Febr.
902 2484 936 2493 -
955 2458 1085 2505 Wormat
1107 2467 1131 2506 2.
1152 2455 1241 2503 Martii
1264 2452 1350 2522 1521.)

382 2582 430 2644 Se
464 2581 499 2645 io
523 2602 594 2644 non
618 2581 716 2644 fusse
741 2582 911 2644 talmente
936 2599 1108 2662 oppresso
1133 2579 1168 2640 di
1192 2578 1344 2641 facende
1369 2588 1405 2640 et
1429 2580 1576 2661 negotii,

293 2710 393 2752 come
427 2710 467 2750 sa
491 2688 535 2753 V.
560 2689 596 2753 S.
626 2698 662 2751 et
692 2708 762 2751 non
787 2708 935 2768 sapesse
960 2689 1026 2750 che
1050 2689 1169 2768 quella
1192 2706 1262 2748 non
1287 2686 1359 2767 pub
1387 2686 1576 2768 respirare,

293 2796 453 2860 crederei
477 2798 512 2859 la
535 2795 604 2859 mia
620 2815 640 2858 o
658 2797 693 2858 la
707 2816 772 2858 sua
788 2803 884 2857 sorte
901 2814 1019 2857 essere
1036 2793 1223 2875 megliore;
1250 2814 1306 2855 ma
1323 2796 1576 2875 cognoscendo

291 2913 384 2966 tutto
408 2904 428 2966 l'
447 2904 628 2986 opposit0,
652 2924 721 2966 non
746 2923 865 2985 veggo
890 2901 1024 2984 perche
1047 2902 1071 2964 li
1096 2903 1216 2964 debba
1239 2901 1395 2965 scrivere
1419 2903 1575 2964 secondo

293 3012 338 3074 mi
363 3011 497 3077 ricerca
521 3031 586 3093 per
610 3014 644 3073 la
668 3030 732 3073 sua
756 3009 792 3072 di
808 3009 896 3083 XII;
921 3009 1057 3091 impero
1075 3010 1154 3071 chel
1171 3008 1324 3090 bisogno
1341 3009 1424 3072 delli
1440 3008 1576 3090 negotii

293 3118 321 3180 si
339 3128 528 3183 commette
545 3121 591 3181 da
607 3119 728 3182 Roma
745 3127 781 3180 et
797 3117 821 3179 li
837 3116 940 3180 affari
965 3114 1024 3198 qui
1049 3135 1136 3179 sono
1161 3117 1270 3177 molto
1295 3115 1475 3180 differenti
1492 3116 1576 3178 delli

292 3225 373 3288 altri
397 3223 496 3307 costi,
521 3235 557 3288 et
581 3225 616 3287 di
640 3244 804 3288 recreare
830 3224 873 3286 V.
892 3222 927 3287 S.
953 3243 1020 3286 con
1044 3225 1077 3285 le
1102 3222 1171 3285 mie
1195 3224 1322 3284 lettere
1348 3222 1368 3283 e
1392 3231 1491 3284 tanto
1516 3222 1575 3284 im·

291 3333 492 3414 pertinente
527 3333 584 3396 all'
605 3331 834 3395 insufitientia
870 3340 906 3394 et
941 3329 1202 3411 occuppatione
1238 3330 1308 3391 mia
1343 3340 1477 3410 quanto
1514 3328 1575 3411 piu

292 3448 413 3521 presto
447 3440 481 3502 io
514 3450 625 3522 teugo
656 3438 809 3521 bisogno
843 3437 879 3500 di
913 3437 1026 3500 simile
1059 3436 1244 3502 medicina.
1299 3435 1473 3499 Existimo
1498 3438 1577 3498 chel

292 3546 449 3610 remedio
481 3546 565 3610 delli
598 3545 773 3609 communi
803 3544 937 3608 affanni
961 3544 1115 3608 consista
1137 3544 1172 3608 in
1196 3544 1413 3628 supportarli
1437 3545 1576 3626 pacien-

293 3662 448 3716 temente
473 3668 509 3716 et
530 3653 567 3716 in
590 3651 708 3721 fructu
731 3673 849 3715 rerum
872 3655 965 3715 bene
989 3662 1186 3734 gestarum,
1217 3655 1251 3716 el
1275 3654 1380 3735 quale
1404 3662 1576 3734 quantun·

293 3781 362 3842 que
386 3780 455 3822 non
480 3759 510 3822 si
533 3778 653 3840 vegga
677 3757 751 3822 cosi
774 3761 846 3821 alla
869 3760 1003 3840 palese,
1028 3758 1047 3821 e
1068 3760 1156 3840 pero
1173 3769 1258 3822 noto
1273 3761 1345 3822 alla
1359 3757 1577 3841 gratitudine

294 3868 348 3930 de’
366 3867 523 3946 Patroni,
548 3867 571 3929 li
596 3852 691 3949 quali
717 3876 865 3929 sentano
885 3866 931 3928 de
948 3865 992 3929 V.
1009 3863 1046 3929 S.
1064 3868 1182 3948 quello
1198 3869 1265 3929 che
1281 3876 1317 3928 et
1332 3866 1576 3929 meritamente

294 3977 460 4037 debbono
494 3984 529 4037 et
561 3976 594 4037 le
625 3974 717 4037 virtu
748 3984 783 4037 et
815 3976 909 4036 bone
940 3973 1074 4054 qualite
1103 3993 1165 4035 sue
1189 3974 1383 4036 ricercano.
1432 3972 1496 4035 Cui
1522 3993 1576 4034 me

293 4083 480 4163 plurimum
505 4083 724 4146 commendo,
771 4080 974 4144 Florentiae
999 4081 1149 4143 XXVII
1167 4079 1353 4142 Februarii
1369 4079 1553 4142 MDXXI.

1344 4221 1406 4284 scr.
1425 4221 1469 4281 lt.

1245 4372 1249 4377 ᾖ
1269 4311 1541 4361 vice-Cancellarius.
