3559 5734
673 558 920 618 &aanor

761 842 824 906 180

384 967 544 1048 clemens
572 968 651 1048 VII.
679 968 824 1047 liberto
853 967 951 1049 Gard.
980 968 1203 1072 Mogontino.

437 1106 532 1177 (011111.
550 1105 612 1163 m
630 1104 733 1164 Brevia
750 1107 821 1164 Anu.
837 1106 860 1164 1.
879 1122 922 1180 ep.
940 1106 998 1166 tta
1016 1105 1061 1166 lul
1078 1106 1161 1175 itta)

672 1215 725 1285 (20.
744 1219 813 1267 Nor.
837 1220 922 1282 1524.)

162 1388 172 1396 ·
245 1361 302 1423 Ex
327 1359 395 1424 tuis
418 1359 545 1422 litteris
581 1380 621 1422 ac
653 1380 815 1423 sermone
848 1359 968 1423 dilecti
1000 1359 1062 1422 filii
1094 1360 1234 1423 Alberti
1264 1363 1436 1443 patruelis

153 1469 207 1532 tui
230 1468 472 1550 percepimus,
507 1488 583 1530 non
610 1467 685 1531 sine
711 1487 871 1530 maerore
896 1468 1037 1549 quidem
1061 1487 1103 1530 ac
1128 1469 1266 1548 dolore,
1298 1470 1436 1550 lapsum

154 1588 239 1638 tuae
275 1574 428 1638 civitatis
462 1575 785 1657 Magdeburgensis
815 1576 849 1637 in
881 1575 1057 1639 haeresim
1090 1576 1330 1648 lutheranam;
1369 1596 1435 1639 nec

153 1683 292 1746 minore
327 1682 378 1745 tui
413 1682 719 1745 commendatione
755 1703 797 1745 ac
834 1682 1004 1747 solamine
1040 1692 1161 1746 nostro
1195 1682 1435 1746 intelleximus

154 1789 305 1852 consilia
335 1798 371 1852 et
401 1789 480 1871 pios
511 1798 656 1871 paratus
691 1799 786 1870 tuos,
822 1789 950 1871 quibus
984 1808 1049 1871 pro
1086 1787 1136 1852 tui
1171 1788 1280 1852 officii
1312 1790 1434 1853 debito

155 1905 344 1976 utrumque
377 1895 534 1977 gladium
567 1906 603 1958 et
633 1879 852 1978 spiritualem
869 1877 919 1958 ¹et
949 1899 1180 1978 temporalem
1212 1895 1366 1959 intendis
1398 1896 1433 1958 in

155 2002 254 2065 cives
277 2002 370 2066 illius
394 2022 532 2066 acuere.
579 2003 670 2065 Nam
693 2014 732 2065 ut
755 2003 850 2066 illam
874 2002 1044 2086 inclytam
1068 2002 1249 2067 civitatem
1274 2005 1434 2067 dolemus

154 2130 178 2171 a
201 2112 297 2173 cultu
321 2130 429 2173 verae
452 2109 536 2173 fidei
564 2121 696 2192 tuaque
720 2111 925 2174 obedientia
953 2131 992 2173 se
1019 2111 1258 2191 subtraxisse,
1290 2110 1339 2173 ita
1369 2131 1434 2174 nos

155 2226 295 2279 recreat
318 2236 397 2279 cum
422 2217 533 2280 virtus
556 2228 629 2280 tum
653 2217 846 2280 auctoritas
870 2229 931 2280 tua
961 2228 1171 2300 tuorumque
1199 2227 1235 2281 et
1266 2217 1301 2280 in
1334 2239 1435 2300 spem

154 2323 291 2386 firmam
314 2324 460 2386 adducit
488 2336 524 2386 te
548 2327 697 2387 eandem
722 2324 900 2388 civitatem
925 2345 1032 2407 quam
1055 2326 1227 2389 hactenus
1250 2335 1311 2388 tua
1334 2345 1433 2406 prae·

156 2431 272 2493 sentia
295 2431 506 2495 incolumem
532 2442 567 2494 et
582 2432 824 2513 incorruptam
841 2452 1060 2513 servaveras,
1086 2432 1122 2494 in
1144 2443 1279 2494 rectum
1297 2432 1433 2514 Religi-

156 2537 234 2600 onis
258 2538 434 2601 tramitem
458 2548 604 2602 auctore
628 2538 781 2601 Domino
805 2539 1043 2605 reducturum.
1091 2539 1151 2630 Ad
1183 2541 1277 2621 quod
1311 2561 1375 2603 nos
1400 2550 1435 2602 et

155 2646 339 2708 hortamur
360 2656 511 2728 paterne
536 2645 896 2729 Circumspectionem
925 2655 1039 2725 tuam,
1070 2657 1105 2709 et
1133 2649 1227 2729 quod
1261 2648 1436 2710 hortanda

158 2755 260 2816 nobis
285 2773 355 2816 non
379 2753 446 2816 fuit
470 2755 574 2817 valde
599 2753 634 2816 in
659 2754 813 2816 Domino
846 2757 1142 2820 commendamus,
1190 2752 1318 2817 Sumus
1343 2754 1434 2816 enim

158 2859 374 2940 quotidianis
402 2860 477 2924 fere
511 2860 637 2924 litteris
672 2870 708 2923 et
742 2861 952 2925 testimoniis
988 2861 1107 2924 dilecti
1141 2861 1204 2925 filil
1238 2861 1435 2924 Cardinalis

157 2965 342 3049 Campegii
368 2968 494 3048 Legati
520 2968 638 3031 nostri=
654 2968 699 3029 do
728 2979 809 3031 tuae
834 2967 1168 3051 Circumspectionis
1198 2968 1233 3031 in
1267 2968 1435 3031 Sanctam

157 3072 262 3137 fidem
295 3085 331 3136 et
364 3074 572 3157 dignitatem
608 3075 709 3137 huius
747 3072 850 3137 Sedis
885 3078 1052 3139 tuendam
1088 3076 1267 3139 indelessa
1301 3076 1434 3158 pietate

157 3179 242 3242 facti
267 3181 447 3245 certiores
504 3184 558 3245 De
590 3202 659 3263 quo
683 3184 826 3244 multam
852 3205 873 3245 a
896 3184 998 3245 nobis
1022 3183 1327 3265 circumspectioni
1352 3192 1434 3245 tuae

158 3288 299 3352 laudem
324 3300 360 3352 et
382 3287 634 3372 gratitudinem
659 3289 783 3353 deberi
807 3291 1038 3370 agnoscimus,
1087 3289 1191 3370 Quod
1216 3300 1333 3352 autem
1357 3310 1434 3352 nos·

157 3403 235 3457 trae
270 3396 491 3459 auctoritatis
523 3397 706 3478 spirituale
738 3396 976 3458 adiumentum
1006 3396 1176 3476 requiris,
1210 3396 1245 3458 id
1282 3396 1434 3461 Circum-

158 3502 335 3585 spectioni
350 3512 432 3566 tuae
449 3515 651 3586 promptum
667 3524 709 3565 ac
725 3512 888 3584 paratum
913 3523 1053 3584 semper
1077 3504 1144 3566 erit
1167 3507 1213 3566 ab
1231 3507 1355 3567 eodem
1373 3504 1436 3568 Le·

157 3619 243 3690 gato
276 3620 397 3674 nostro
406 3659 415 3690 ,
451 3612 507 3673 cui
541 3620 824 3692 quantacumque
849 3607 883 3670 in
909 3608 963 3671 his
986 3612 1093 3671 rebus
1116 3609 1318 3672 necessaria
1342 3622 1436 3675 esset

157 3715 311 3780 facultas
334 3738 356 3779 a
380 3718 483 3781 nobis
506 3718 639 3780 tributa
661 3726 725 3797 est,
750 3736 853 3798 quam
878 3725 995 3779 tamen
1020 3717 1066 3778 ad
1090 3717 1182 3781 illius
1207 3728 1242 3780 et
1266 3728 1360 3780 tuam
1386 3739 1436 3781 re-

160 3823 383 3904 quisitionem
409 3824 438 3887 si
469 3845 559 3907 opus
589 3823 650 3905 sit,
681 3824 747 3886 hac
778 3823 987 3905 praesertim
1019 3822 1055 3885 in
1088 3843 1127 3886 re
1156 3844 1289 3905 augere
1320 3825 1450 3908 parati

160 3951 295 4004 sumus;
319 3953 387 3995 nec
411 3932 463 3995 rei
485 3932 555 4014 ipsi
579 3933 623 3995 de
648 3931 818 4013 pastorali
842 3929 961 3993 officio
978 3949 1044 3993 nec
1060 3940 1121 3993 tuo
1137 3931 1264 3994 honori
1287 3943 1323 3994 et
1346 3952 1436 3995 com·

161 4040 264 4102 modo
289 4039 335 4102 de
359 4039 636 4121 promptitudine
661 4049 833 4120 paternae
863 4038 1136 4102 benevolentiae
1165 4039 1200 4101 in
1231 4048 1266 4101 te
1294 4050 1436 4101 nostrae

161 4167 314 4228 unquam
338 4146 526 4209 deerimus.
574 4145 901 4227 Quaemadmodum
918 4145 1006 4207 haec
1024 4146 1069 4205 ad
1085 4144 1437 4226 circumspectionem

160 4263 256 4317 tuam
280 4254 419 4335 plenius
443 4253 599 4316 scribere
622 4253 785 4315 iussimus
808 4252 905 4314 illine
930 4252 1115 4333 Legatum,
1138 4252 1218 4315 hinc
1239 4252 1436 4331 Johannem

163 4361 348 4423 Albertum
372 4360 585 4442 praedict-s,
612 4381 756 4442 quorum
783 4379 890 4441 super
915 4361 983 4422 hoc
1006 4360 1134 4423 litteris
1153 4359 1259 4423 fidem
1275 4359 1437 4422 habebis.

162 4468 242 4531 Dat.
267 4468 408 4531 Romae
433 4468 491 4531 die
516 4467 595 4530 XX
618 4467 830 4531 Novembris
859 4487 952 4547 1524.
1000 4467 1106 4529 Anno
1131 4479 1179 4549 p⁰.

696 4738 703 4746 t
720 4734 901 4747 «mnarum
