3559 5734
788 558 1035 615 0-43172ΕΉ

272 728 362 770 anae
394 707 579 789 religionis
610 706 738 770 iniuria
762 705 834 769 fiat.
889 707 930 768 Id
962 715 1148 788 utrumque
1179 717 1430 788 praeterquam
1455 705 1551 787 quod

271 815 315 876 ad
348 814 623 878 illustrissimam
654 813 944 877 Dominationem
967 814 1079 877 Tuam
1111 834 1157 876 ex
1181 813 1301 876 officio
1330 812 1453 895 optimi
1485 812 1552 874 viri

270 923 454 987 christiani
477 923 629 987 hominis
663 933 698 986 et
730 921 969 1004 intergerrimi
1001 922 1205 985 cancellarii
1235 920 1406 1002 imprimis
1429 940 1553 983 curare

271 1040 421 1112 spectat,
445 1040 482 1093 ut
506 1041 624 1094 tamen
650 1030 756 1092 etiam
789 1030 923 1111 aliquid
952 1051 1031 1092 mea
1062 1049 1168 1092 causa
1199 1029 1356 1110 meisque
1386 1027 1555 1109 precibus

270 1137 400 1218 faciat,
432 1138 537 1201 etiam
572 1146 678 1218 atque
710 1136 816 1199 etiam
852 1157 916 1199 oro
949 1145 985 1198 et
1021 1139 1170 1198 obsecro
1207 1144 1242 1197 et
1277 1156 1333 1197 me
1365 1134 1553 1216 plurimum

272 1247 492 1309 commendo.

886 1674 940 1739 66.

513 1792 692 1873 lleauder
721 1789 888 1893 illapioni
919 1813 942 1873 u
969 1789 1120 1872 Consus.
1150 1788 1320 1871 [laesuris.

697 1921 987 1994 (dissidemus
1013 1920 1044 1978 L.
1064 1920 1132 1990 204.)

768 2021 822 2092 (17.
844 2023 949 2088 Aprilis
972 2020 1058 2089 1521.)

361 2149 492 2212 Revde
517 2149 625 2212 Pater
650 2158 685 2211 et
708 2146 862 2211 Domine
886 2149 1107 2230 Praeceptor
1130 2146 1367 2211 observande.
1415 2145 1555 2207 Rumor

273 2266 326 2319 est
357 2257 414 2319 hic
446 2255 614 2339 frequens
646 2256 839 2319 Martinum
868 2257 937 2318 huc
969 2255 1037 2318 iam
1076 2256 1283 2338 appulsum;
1322 2255 1417 2315 unde
1448 2252 1488 2315 fit
1518 2260 1555 2313 ut

273 2364 427 2426 maxime
442 2384 570 2427 verear
584 2384 629 2426 ne
647 2366 693 2425 ob
709 2364 802 2426 hanc
818 2384 960 2425 causam
984 2363 1069 2425 Dux
1092 2361 1190 2425 Saxo
1214 2360 1389 2424 hodierna
1413 2359 1556 2423 comitia

273 2470 444 2533 indixerit
474 2470 569 2533 utin
595 2470 650 2533 his
674 2470 849 2533 Martinus
874 2491 974 2533 suurn
1003 2470 1101 2532 virus
1133 2469 1302 2534 effundat.
1354 2468 1556 2550 Eapropter

273 2576 441 2659 dignetur
465 2577 667 2640 Paternitas
684 2587 805 2640 vestra
820 2577 914 2640 Rev.
938 2576 994 2639 his
1011 2576 1153 2639 casibus
1169 2576 1228 2659 qui
1253 2577 1382 2638 obesse
1405 2583 1555 2656 possunt

273 2703 470 2748 occurrere.
518 2684 598 2747 Non
624 2683 717 2747 enim
743 2686 787 2746 de
811 2705 851 2747 re
874 2705 988 2766 parva
1012 2684 1142 2766 agitur,
1166 2684 1230 2747 sed
1254 2704 1346 2765 quae
1372 2683 1417 2745 ad
1434 2681 1553 2744 Eccle-

273 2790 362 2853 siam
386 2790 454 2854 Dei
489 2800 524 2854 et
549 2790 733 2854 Pontificis
757 2791 1003 2855 auctoritatem
1028 2801 1064 2853 et
1087 2790 1250 2854 Caesaris
1274 2790 1340 2852 Tui
1366 2792 1474 2852 decus
1498 2789 1554 2850 de-

274 2898 428 2960 decusve
453 2898 649 2979 contingat.
697 2898 827 2961 Valeat
850 2897 1048 2979 paternitas
1071 2906 1192 2960 vestra
1215 2897 1309 2959 Rev.
1334 2897 1389 2957 cui
1411 2917 1466 2959 me
1481 2895 1556 2977 plu·

275 3003 400 3067 rimum
425 3005 645 3067 commendo.

815 3201 956 3212 »nvn-nxwm.
963 3205 967 3210 -
985 3201 1004 3210 υ.
1013 3202 1019 3211 a

885 3431 938 3494 67.

607 3546 817 3627 Aleander
844 3546 1218 3629 vicecancellario.

725 3695 867 3767 (liuntur.
887 3695 978 3753 Germ.
995 3693 1026 3753 Ε
1044 3694 1115 3767 204)

773 3807 827 3870 (18.
847 3807 951 3870 Aprilis
975 3804 1062 3876 1521.)

363 3930 499 4012 Questa
529 3951 632 3994 mane
663 3931 714 3993 fui
748 3951 813 3993 con
847 3932 880 3993 el
909 3932 1094 3995 confessor
1121 3934 1191 3994 ben
1222 3931 1370 3994 mattino
1401 3951 1467 4014 per
1495 3930 1560 3993 dar

275 4039 392 4120 quelle
417 4037 633 4101 instruttioni
666 4059 778 4120 parea
809 4037 954 4101 fusseno
986 4040 1019 4102 al
1044 4039 1230 4121 proposito
1254 4049 1387 4102 nostro.
1435 4039 1500 4101 Poi
1523 4038 1558 4102 iu

275 4146 410 4228 palatio
436 4146 529 4208 dove
554 4145 640 4227 ogni
664 4165 748 4208 cosa
773 4166 834 4209 era
858 4146 1028 4228 ambigua
1052 4146 1217 4227 procurai
1248 4150 1275 4208 sl
1309 4148 1375 4209 che
1406 4145 1444 4207 fu
1468 4165 1559 4208 com-

276 4254 444 4316 mandato
470 4252 535 4314 che
560 4273 581 4314 a
605 4253 674 4314 due
698 4253 785 4314 hore
809 4251 868 4333 po'
883 4252 1029 4334 meggio
1055 4254 1088 4314 dl
1114 4252 1138 4315 li
1163 4252 1304 4316 elettori
1329 4252 1467 4315 fussero
1493 4272 1560 4315 con

279 4357 389 4422 Cesar
413 4368 449 4422 et
473 4379 494 4421 a
519 4368 662 4441 quattro
687 4359 711 4421 li
737 4358 818 4422 altri
851 4358 1004 4441 principi
1039 4368 1074 4421 et
1104 4360 1187 4422 tutti
1215 4358 1308 4422 Stati
1340 4369 1375 4422 et
1406 4359 1561 4422 Martino

281 4485 506 4548 comparesse
539 4487 560 4528 a
593 4468 791 4547 respondes
814 4466 927 4528 solum
953 4466 1053 4529 iuxta
1069 4466 1291 4547 interrogata
1315 4476 1350 4529 et
1375 4486 1445 4529 non
1470 4469 1561 4529 altre

281 4574 415 4654 parole.
462 4573 502 4635 lo
525 4574 572 4634 ho
597 4582 781 4654 composto
815 4572 839 4634 li
873 4572 1012 4636 articoli
1037 4594 1169 4636 ancora
1198 4575 1264 4637 che
1297 4574 1456 4655 produtti
1490 4593 1561 4636 non

279 4690 400 4742 nostro
418 4678 571 4761 nomine,
595 4680 726 4763 perche
753 4682 787 4742 la
806 4681 958 4762 petition
977 4690 1098 4745 nostra
1114 4681 1150 4744 in
1169 4679 1311 4762 scriptis
1328 4701 1389 4743 era
1404 4682 1562 4743 secundo

276 4788 311 4849 la
336 4786 450 4849 forma
474 4787 570 4849 della
599 4788 698 4849 bulla
721 4789 852 4867 perch}
878 4788 1090 4851 altrameute
1115 4809 1185 4851 non
1210 4788 1403 4851 habbiamo
1436 4809 1457 4850 a
1490 4788 1561 4856 sar:

278 4894 607 4975 quomodocumque
632 4895 715 4975 qual
739 4894 798 4956 via
822 4894 858 4955 di
884 4895 943 4958 doi
969 4896 997 4958 si
1022 4897 1138 4959 faccia
1163 4897 1180 4958 ἐ
1205 4896 1411 4960 bonissima.
