3559 5734
836 509 986 587 043453
1025 531 1082 585 eo

318 664 539 748 Moguntiam
571 687 764 754 compotes.
819 677 874 738 De
909 677 1118 757 Wormatia,
1150 700 1242 760 quae
1270 679 1451 761 antiquum
1481 679 1600 742 odium

318 773 354 834 in
379 775 518 838 Clerum
544 779 704 860 retinuit,
729 782 813 845 nihil
839 784 967 847 attinet
990 787 1093 867 plura
1117 786 1283 867 scribere,
1308 807 1386 848 cum
1412 788 1518 849 rebus
1542 788 1600 848 ad·

320 881 388 942 huc
427 885 730 966 tranquillioribus
770 892 1060 956 lutherissaverit.
1127 893 1332 975 Pervagata
1373 903 1427 956 est
1471 892 1601 956 deinde

320 987 410 1051 haec
434 991 546 1072 pestis
570 992 605 1055 in
630 994 810 1078 Hassiam,
844 999 905 1062 ubi
937 999 1119 1063 Coenobio
1143 999 1313 1063 Fuldensi
1343 1001 1498 1063 maxime
1520 999 1600 1062 insi·

319 1094 381 1174 gni
406 1110 592 1179 occupatu,
617 1105 724 1165 rebus
749 1105 907 1169 eiusdem
932 1106 1115 1171 Ecclesiae
1143 1106 1301 1170 funditus
1325 1107 1460 1170 eversis
1469 1155 1477 1186 ,
1510 1127 1601 1189 quae

320 1200 463 1282 imperii
498 1206 700 1291 Principem
736 1231 828 1275 nunc
865 1234 976 1295 usque
1011 1218 1245 1286 sustentabat:
1284 1234 1350 1277 nec
1389 1235 1454 1296 per
1488 1214 1601 1296 ipsam

320 1307 484 1372 Hassiam
510 1315 682 1393 parcitum
713 1326 768 1380 est
791 1319 919 1381 ceteris
942 1319 1121 1403 religiosis
1145 1321 1243 1401 locis,
1268 1323 1359 1385 adeo
1375 1322 1471 1403 quod
1488 1321 1601 1383 Land-

319 1414 464 1496 gravius
485 1419 657 1503 Princeps
682 1432 717 1485 et
742 1423 888 1488 Nobiles
912 1426 965 1490 sui
991 1428 1137 1491 urbibus
1161 1429 1373 1511 oppidisque
1398 1428 1517 1507 exuti,
1543 1428 1601 1489 da-

321 1533 443 1586 rentur
467 1528 572 1590 modo
597 1530 820 1595 conditiones
844 1543 1022 1615 utcunque
1050 1534 1181 1618 inique,
1210 1538 1302 1600 ultro
1336 1537 1406 1599 iam
1439 1536 1518 1598 illas
1549 1556 1602 1597 ac-

321 1640 519 1712 ceptarent.
565 1634 652 1699 Inde
677 1638 841 1718 proxima
864 1641 1033 1724 Turinga,
1056 1643 1111 1705 cui
1129 1641 1306 1725 Georgius
1323 1645 1404 1706 Dux
1420 1641 1602 1706 Saxoniae

322 1735 401 1819 pius
425 1738 484 1802 ille
509 1740 681 1824 Princeps
705 1744 875 1810 innocens
900 1749 1090 1830 praesidet,
1114 1751 1182 1812 hoc
1206 1770 1348 1831 quoque
1372 1752 1501 1812 malum
1525 1770 1601 1812 sen-

323 1843 378 1923 sit,
403 1867 473 1908 nou
498 1848 642 1913 dubium
667 1852 750 1933 quin
777 1864 812 1916 et
835 1854 870 1917 in
902 1855 1071 1919 ulteriora
1095 1853 1277 1920 Saxoniae
1306 1859 1385 1920 loca
1415 1856 1461 1918 sit
1491 1855 1601 1939 irrup-

322 1960 456 2034 turum,
481 1956 668 2038 presertim
694 1958 762 2022 iam
786 1960 988 2026 Franconia
1014 1984 1155 2046 quoque
1179 1964 1229 2028 sic
1263 1965 1388 2027 misere
1421 1964 1602 2028 divexata.

323 2059 424 2140 Quae
448 2062 720 2146 Herbipolensis
745 2071 908 2150 populus,
934 2091 1025 2152 quae
1043 2071 1266 2153 Eystetensis
1290 2071 1486 2150 Ecclesiae,
1513 2091 1604 2154 quae

323 2166 406 2230 item
430 2169 710 2253 Bambergensis
742 2176 922 2239 Anstititis
954 2178 1087 2241 subditi
1119 2178 1154 2240 in
1187 2199 1270 2242 suos
1297 2179 1497 2260 Episcopos
1528 2177 1604 2241 Cle·

323 2294 470 2357 rumque
504 2281 697 2344 eorundem
728 2293 936 2365 patrarunt,
969 2306 1061 2366 quae
1094 2284 1255 2348 Marchio
1291 2285 1494 2367 Casymirus
1526 2306 1606 2348 cum

324 2380 505 2466 fratribus,
531 2395 566 2449 et
589 2388 754 2454 universa
780 2390 1001 2456 Franconiae
1033 2392 1208 2456 Nobilitas
1237 2413 1412 2476 perpessa
1442 2404 1496 2457 est
1532 2394 1605 2456 lon·

321 2489 503 2572 gissimum
528 2503 564 2556 et
586 2494 689 2559 simul
723 2498 856 2562 fastidii
880 2501 987 2581 plena
1011 2521 1068 2563 res
1092 2510 1202 2580 esset,
1236 2520 1434 2563 recensere.
1476 2499 1607 2563 Herbi·

324 2597 433 2678 polim
463 2599 589 2664 insana
619 2602 674 2666 vis
711 2606 867 2687 obsedit,
902 2617 938 2671 et
971 2628 1037 2690 per
1071 2607 1252 2671 cuniculos
1290 2605 1453 2670 demoliri
1487 2627 1608 2669 arcem

324 2705 590 2771 munitissimam
627 2729 801 2792 aggressa
838 2725 902 2777 est.
970 2713 1244 2796 Argentinensis
1288 2713 1508 2795 EpiscopuS,
1546 2714 1609 2794 qui

324 2809 553 2879 Gubernator
577 2827 653 2880 erat
676 2816 911 2901 Moguntinae
936 2821 1154 2904 provinciae,
1179 2821 1399 2903 interceptus
1423 2841 1502 2883 esse
1520 2840 1608 2884 nun·

330 2920 447 3000 tiatur,
473 2933 508 2986 et
533 2924 607 2988 eius
631 2928 825 2991 residentia
850 2928 1024 2992 Zabernia
1047 2929 1216 3011 oppidum
1241 2930 1335 2991 haud
1362 2928 1542 2991 incelebre
1572 2928 1608 2991 in

326 3048 467 3092 manum
493 3051 633 3114 quoque
656 3037 941 3100 tumultuantium
965 3036 1174 3099 rusticorum
1199 3036 1357 3099 cessisse.
1405 3035 1607 3117 Augusten-

326 3136 374 3199 sis
398 3147 543 3220 praeter
565 3159 672 3204 unum
696 3143 812 3206 locum
837 3153 873 3207 et
897 3145 1046 3207 alterum
1082 3143 1254 3224 spoliatus
1283 3155 1337 3206 est
1366 3141 1500 3206 ditione
1532 3162 1608 3205 sua

325 3243 451 3325 Neque
476 3245 714 3330 Frisingensis
737 3250 899 3313 Ecclesia
923 3249 1036 3313 evasit
1059 3251 1151 3312 hanc
1167 3251 1373 3334 procellam.
1421 3247 1605 3330 Campido·

326 3352 446 3415 nensis
463 3353 588 3418 Abbas
605 3355 696 3418 inter
710 3357 853 3439 Imperii
877 3357 1062 3440 Principes
1082 3366 1355 3421 connumeratus
1378 3366 1527 3420 exactus
1543 3366 1610 3437 est,

326 3481 454 3540 resque
478 3460 554 3524 eius
577 3462 785 3528 Monasterii
809 3466 906 3548 quod
930 3465 1082 3528 dirutum
1107 3474 1161 3527 est
1184 3464 1360 3543 funditus,
1391 3484 1434 3526 eo
1450 3462 1609 3544 devenit,

326 3580 365 3632 ut
389 3590 458 3632 non
482 3569 633 3652 amplius
656 3572 770 3652 possit
793 3573 957 3655 privatae
981 3572 1085 3635 sortis
1110 3572 1286 3635 hominem
1311 3572 1425 3649 alere,
1451 3571 1548 3651 quod
1573 3583 1611 3633 et

327 3677 508 3759 plerisque
544 3676 622 3741 aliis
650 3677 877 3743 Monasteriis
901 3680 1177 3760 eorumdemque
1202 3675 1441 3741 munitissimis
1465 3676 1611 3739 arcibus

328 3785 468 3865 evenit,
501 3805 571 3848 non
602 3787 708 3848 modo
741 3805 806 3868 per
833 3785 997 3850 dioceses
1025 3786 1264 3868 predictorum
1300 3783 1507 3863 antistitum,
1544 3784 1610 3846 sed

328 3891 435 3955 etiam
457 3913 523 3975 per
547 3893 831 3976 Lotharingiam,
865 3893 926 3955 ubi
961 3892 1091 3956 finibus
1115 3891 1328 3957 Germaniae
1353 3898 1408 3954 est
1431 3888 1609 3971 exposita.

329 4000 547 4065 Alsaciensis
577 4002 751 4083 populus,
783 3999 841 4083 qui
872 4001 1080 4063 abundabat
1104 3997 1269 4077 omnium,
1294 3997 1447 4060 maxime
1472 4017 1608 4060 monas·

328 4107 427 4173 teriis
451 4117 487 4170 et
510 4107 599 4171 locis
622 4107 799 4190 religiosis
823 4127 971 4191 quorum
995 4106 1106 4170 maior
1129 4105 1246 4190 portio
1270 4105 1316 4166 ad
1342 4125 1396 4167 me
1420 4106 1609 4185 spectabat

328 4216 404 4279 iure
420 4215 642 4297 advocatiae,
666 4214 769 4279 simili
784 4215 903 4278 lurore
929 4215 1054 4277 eadem
1082 4213 1268 4292 destruxit,
1293 4211 1489 4290 nobilitate,
1517 4231 1608 4293 quae

330 4333 409 4388 erat
431 4344 559 4407 magna
585 4335 621 4386 et
653 4332 797 4386 strenua
826 4323 871 4385 ad
896 4343 994 4384 suam
1024 4330 1240 4403 potestatem
1272 4322 1434 4398 subacta,
1468 4319 1609 4381 arcibus

331 4434 524 4496 eorundem
549 4431 737 4509 demolitis,
762 4439 798 4493 et
821 4429 924 4493 bonis
949 4428 1087 4492 ablatis.
1125 4427 1295 4510 Magnam
1310 4446 1451 4509 quoque
1471 4437 1607 4508 partem

332 4541 511 4619 nobilium,
536 4548 574 4601 ut
598 4537 824 4600 coniurarent
847 4556 925 4599 cum
950 4536 1000 4598 eis
1024 4544 1221 4616 coegerunt
1244 4533 1393 4598 saevitia
1410 4553 1484 4595 sua.
1532 4532 1607 4594 Hos

331 4647 443 4713 secuti
466 4656 548 4710 sunt
572 4642 807 4727 Sundgaudii,
832 4642 892 4725 qui
918 4641 1094 4705 Basileam
1118 4640 1339 4723 protingunt,
1364 4649 1401 4702 et
1418 4638 1608 4722 Brisgavii,

332 4769 368 4821 et
392 4755 452 4838 qui
476 4755 600 4838 nigrae
624 4753 737 4817 silvae
760 4752 899 4815 incolae
923 4759 1005 4813 sunt
1032 4749 1102 4812 illis
1126 4748 1252 4828 vicini,
1286 4767 1409 4810 omnes
1433 4745 1501 4808 mei
1525 4765 1608 4828 gen-

331 4861 431 4928 tilicii
454 4862 549 4926 iuris.
596 4861 670 4924 Nec
693 4858 991 4942 praetereundum
1016 4876 1095 4919 esse
1119 4876 1266 4934 cense0,
1298 4853 1513 4937 Episcopum
1538 4851 1609 4915 Tri·
