3559 5734
719 552 869 607 ο«3413
908 548 967 606 &⁴

202 694 298 760 ionia
321 694 373 778 gii
396 694 449 759 sia
473 706 659 776 occupato,
684 714 720 760 et
753 675 782 759 si
813 697 831 760 ὲ
863 698 987 761 doluto
1022 699 1088 762 cho
1112 698 1280 763 instando
1304 701 1329 764 il
1352 699 1401 765 fin
1426 702 1485 765 del

202 821 466 883 compromesso
491 815 618 884 questa
642 804 739 867 dieta
763 805 799 866 di
831 805 1006 868 Possonio
1036 808 1132 870 vada
1166 806 1201 870 in
1232 807 1329 870 fumo
1354 808 1484 872 diman-

203 909 322 976 dando
346 930 368 974 a
391 910 464 973 casi
489 910 565 974 suoi
590 924 766 992 oportuno
790 911 954 980 rimedio,
988 923 1025 975 et
1057 914 1123 976 che
1153 914 1178 976 li
1203 913 1336 995 arbitri,
1361 936 1382 978 0
1406 916 1484 980 loro

203 1015 383 1079 substituti
407 1017 642 1081 determinino
668 1031 794 1100 questa
822 1021 899 1082 lora
927 1019 1140 1083 defferentia
1157 1020 1372 1084 offerendosi
1389 1033 1484 1087 stare

202 1143 226 1185 a
249 1123 335 1205 ogni
360 1124 436 1190 loto
461 1125 771 1200 determinatione;
795 1125 833 1188 fu
857 1126 1023 1208 risposto‚
1048 1128 1113 1189 che
1138 1129 1283 1191 dessero
1306 1130 1341 1191 in
1361 1131 1483 1193 scritto

203 1230 237 1293 le
262 1230 440 1310 dimande,
465 1251 530 1313 per
553 1233 682 1313 poterii
707 1234 1025 1296 consultatamente
1049 1233 1270 1315 rispondere.

295 1337 334 1399 In
360 1349 486 1418 questa
510 1358 618 1403 eausa
640 1358 711 1402 non
736 1342 927 1402 manchard
953 1342 1012 1403 dal
1036 1341 1158 1404 debito
1182 1343 1252 1405 mio
1277 1342 1438 1407 mirando
1463 1366 1485 1408 a

204 1443 339 1520 seryire
363 1446 462 1508 detto
486 1464 575 1526 gran
590 1446 757 1526 Maestr0‚
783 1468 840 1510 ma
863 1447 899 1509 di
923 1447 1083 1511 maniera
1107 1449 1174 1512 che
1198 1452 1279 1532 quel
1305 1450 1363 1513 Re
1389 1451 1483 1515 Chri·

204 1551 417 1620 stianissinro
442 1565 477 1614 et
502 1555 632 1617 devoto
657 1557 701 1616 de
730 1556 766 1617 ia
800 1553 896 1618 Sede
926 1556 1138 1637 Apostolica
1171 1578 1242 1621 non
1276 1559 1328 1621 sia
1360 1559 1484 1641 offes0,

204 1660 238 1722 el
262 1661 368 1740 quale
391 1679 456 1741 per
481 1661 609 1723 essersi
633 1663 742 1725 molto
767 1663 974 1725 alontanato
999 1663 1035 1725 di
1059 1683 1130 1745 qua
1154 1675 1190 1727 et
1212 1684 1278 1746 per
1295 1686 1392 1728 esser
1411 1664 1484 1729 cosi

204 1764 343 1828 innanzi
367 1766 391 1829 il
410 1766 481 1829 fine
503 1768 547 1829 de
566 1770 600 1831 le
624 1779 751 1849 tregue
767 1768 889 1831 dubito
916 1770 981 1831 che
998 1770 1028 1832 si
1049 1770 1148 1852 possi
1162 1769 1240 1834 fare
1257 1791 1340 1834 cosa
1355 1775 1483 1854 buono,

205 1884 241 1936 et
262 1874 377 1954 parmi
401 1876 545 1955 vedere,
569 1878 636 1939 che
660 1877 750 1939 ditto
764 1877 823 1941 Re
848 1878 1000 1940 essendo
1024 1887 1117 1941 stato
1142 1880 1251 1941 molte
1267 1882 1364 1941 volte
1384 1900 1484 1943 corne

205 1977 320 2044 diluso
345 1982 391 2044 da
414 1983 515 2045 detto
538 2003 629 2065 gran
649 1983 807 2047 Maestro
833 1995 868 2048 et
893 1984 1120 2065 dannificatO,
1145 1985 1279 2065 habbia
1302 1986 1419 2048 animo
1449 1987 1485 2050 di

205 2087 378 2151 cacciarlo
402 2090 437 2151 in
462 2099 554 2153 tutto
579 2101 615 2153 et
638 2093 799 2171 segondo
824 2091 890 2154 che
921 2092 968 2154 mi
992 2092 1072 2154 dice
1096 2092 1121 2154 il
1137 2091 1280 2156 Barone
1297 2093 1344 2155 ha
1368 2094 1484 2157 animo

207 2195 251 2257 de
276 2194 440 2260 riformer
464 2197 524 2279 poi
549 2208 640 2260 tutto
664 2201 785 2280 quello
811 2198 934 2262 ordine
964 2208 999 2262 et
1029 2198 1212 2262 restituirli
1246 2199 1271 2261 il
1306 2210 1413 2278 tutt0,
1450 2209 1487 2264 et

204 2299 292 2364 forsi
317 2323 387 2366 non
412 2307 492 2367 sarssa
516 2306 627 2386 male,
656 2305 787 2386 perche
821 2306 866 2367 da
898 2316 1023 2388 questo
1054 2306 1213 2370 Maestro
1242 2327 1311 2369 non
1336 2309 1431 2370 vedo
1456 2308 1485 2371 si

204 2429 313 2490 possa
336 2430 481 2502 sperare
506 2433 590 2475 cosa
614 2390 734 2476 buona
756 2424 950 2495 propterea
973 2415 1039 2476 che
1064 2415 1082 2475 d
1107 2413 1321 2479 Lutherano

295 2518 405 2582 Detto
429 2538 518 2600 gran
544 2520 702 2583 Maestro
726 2521 773 2583 ha
796 2522 966 2583 conducto
992 2521 1052 2602 qui
1075 2530 1111 2584 et
1133 2521 1229 2584 tiene
1253 2521 1287 2584 in
1313 2542 1377 2584 suo
1402 2543 1483 2585 con·

204 2623 310 2706 siglio
335 2646 406 2689 uno
430 2628 496 2689 che
520 2626 557 2689 iu
582 2627 753 2691 canonico
770 2628 1023 2710 herbipolense
1047 2628 1083 2691 in
1108 2627 1229 2707 sacris,
1255 2628 1314 2709 qui
1344 2640 1483 2712 aposta·

203 2731 294 2794 tavit
317 2744 353 2795 et
376 2733 478 2796 duxit
494 2754 653 2813 uxorem,
678 2737 710 2797 el
735 2738 839 2816 quale
857 2755 919 2798 era
939 2737 1054 2798 ancho
1070 2734 1105 2798 in
1118 2735 1366 2817 Nuremberga
1390 2757 1484 2819 seco,

203 2839 358 2919 promise
382 2840 460 2904 sino
484 2843 608 2904 alhora
631 2844 815 2905 mandatio
840 2843 908 2922 via,
934 2851 969 2906 et
992 2843 1030 2905 fu
1053 2842 1212 2905 cacciato
1236 2843 1294 2904 del
1310 2843 1484 2924 consiglio

203 2944 387 3026 imperiale
408 2947 444 3009 di
457 2948 704 3030 Nuremherga
728 2952 820 3012 dove
836 2970 907 3012 non
928 2951 1070 3013 volsero
1094 2951 1160 3012 che
1177 2969 1402 3030 comparesse
1419 2970 1485 3031 per

204 3053 266 3118 lui:
291 3052 338 3116 Di
361 3054 519 3119 inaniora
543 3057 608 3118 che
631 3056 729 3120 forse
749 3056 818 3119 Dio
841 3056 876 3119 in
902 3065 1029 3138 questo
1053 3058 1159 3119 modo
1183 3057 1266 3119 vuol
1290 3056 1483 3139 casffigarli,

205 3171 240 3222 et
263 3160 409 3224 intendo
434 3163 512 3224 chel
529 3161 588 3225 Re
613 3163 648 3225 di
666 3163 816 3226 Polonia
839 3183 911 3244 puo
934 3163 1026 3226 farlo
1042 3162 1077 3226 in
1093 3184 1140 3226 un
1158 3174 1335 3226 momento
1361 3173 1396 3226 et
1412 3184 1483 3226 non

201 3267 336 3332 havere
359 3268 508 3332 timedio
532 3271 670 3332 alcun0.
695 3268 743 3332 Se
760 3270 806 3333 mi
821 3270 951 3353 parere
974 3280 1151 3351 oportuno
1175 3290 1276 3332 come
1300 3272 1412 3332 anche
1437 3272 1483 3334 ho

202 3375 325 3438 scritto
353 3376 524 3439 mandare
548 3397 593 3438 un
618 3377 688 3440 mio
712 3378 790 3440 sino
814 3398 835 3440 a
859 3378 977 3458 quella
995 3376 1132 3439 Maesti
1148 3396 1212 3458 per
1227 3386 1484 3458 ponertregua

201 3502 224 3543 ο
246 3501 337 3563 pace
361 3493 416 3545 tra
433 3483 519 3562 lor0,
545 3493 581 3545 et
603 3482 699 3547 forse
724 3486 790 3547 che
805 3482 878 3547 Sua
894 3484 1032 3547 Maest‘a
1051 3485 1250 3545 essendone
1269 3483 1404 3545 chiesta
1419 3503 1484 3565 per

202 3599 304 3671 parte
329 3589 365 3652 di
388 3589 520 3653 Nostro
537 3588 691 3672 Signore
715 3592 749 3653 lo
773 3590 860 3655 fari.
902 3590 1004 3654 Circa
1027 3592 1062 3652 lo
1077 3589 1257 3672 Episcopo
1273 3587 1483 3654 Sambiense

201 3717 274 3761 non
299 3697 345 3760 mi
361 3698 408 3759 ha
431 3699 544 3760 ancho
561 3698 729 3778 risposto;
754 3718 793 3761 se
810 3695 930 3760 avanti
945 3698 980 3759 lo
997 3695 1168 3778 expedire
1186 3696 1221 3757 di
1239 3706 1363 3777 questa
1380 3706 1484 3780 posta

201 3825 247 3866 ne
271 3803 456 3867 intendero
480 3806 571 3868 altro
595 3806 630 3867 lo
654 3805 794 3868 avisaro
819 3824 885 3867 con
910 3817 1045 3885 queste,
1070 3824 1109 3866 se
1132 3823 1203 3865 non
1229 3803 1264 3865 di
1287 3803 1357 3885 poi.

291 3911 349 3975 Ho
373 3911 496 3975 scritto
519 3913 553 3974 al
577 3912 764 3975 Marchese
788 3910 949 3991 Joachim
973 3911 1156 3991 seguendo
1190 3918 1324 3992 quanto
1349 3909 1482 3974 Vostra

200 4017 370 4100 Signoria
392 4019 441 4081 mi
464 4019 620 4098 ricorde,
650 4029 684 4081 et
715 4019 761 4081 ho
793 4020 907 4081 anche
941 4019 1025 4080 dato
1050 4016 1180 4080 feculti
1205 4018 1276 4080 allo
1300 4017 1481 4099 Episcopo

201 4124 425 4207 Lubucense‚
449 4146 604 4208 persona
619 4126 728 4189 molto
746 4127 792 4188 da
808 4129 902 4189 bene
926 4136 961 4189 et
985 4127 1053 4188 che
1069 4125 1115 4187 mi
1139 4125 1270 4205 enota,
1295 4123 1332 4186 di
1356 4133 1482 4205 potere

199 4233 398 4314 procedere
423 4241 547 4295 contra
571 4242 755 4314 apostatas
779 4242 815 4294 et
838 4232 1025 4296 hereticos.

291 4339 348 4403 Ho
382 4342 540 4403 anchora
572 4360 594 4402 a
621 4360 686 4402 soa
722 4340 953 4421 requisitione
988 4339 1079 4401 fatto
1112 4359 1183 4401 una
1214 4335 1480 4420 dispensatione

199 4447 457 4511 matrimoniale
481 4446 574 4510 inter
596 4446 707 4529 ipsius
729 4446 838 4510 filiam
867 4455 904 4510 et
926 4466 1034 4509 unum
1058 4467 1104 4507 ex
1129 4445 1288 4508 Ducibus
1312 4446 1480 4508 Brunsvi·

200 4553 367 4617 censibus
392 4553 451 4637 qui
476 4566 558 4617 sunt
581 4553 759 4617 coniuncti
782 4553 817 4617 in
842 4565 886 4632 3⁰.
914 4563 950 4617 et
974 4564 1019 4631 4⁰.
1028 4601 1037 4634 ,
1063 4562 1099 4615 et
1122 4552 1234 4634 gratis
1258 4572 1324 4635 per
1349 4562 1478 4615 mante-

199 4662 300 4725 nerio
333 4661 370 4725 in
404 4663 439 4725 le
473 4663 593 4725 buone
625 4681 735 4745 opere
771 4662 849 4724 chel
879 4661 917 4723 fa
940 4679 1005 4742 per
1028 4663 1063 4722 la
1091 4659 1174 4722 fede
1203 4668 1327 4721 contra
1351 4660 1479 4721 Luthe·

198 4769 278 4833 rani
301 4770 372 4832 alla
392 4769 477 4851 qual
500 4788 585 4832 cosa
608 4768 630 4830 1’
655 4769 701 4831 ho
725 4770 834 4831 molto
859 4767 1127 4830 efficacemente
1152 4767 1367 4829 exhortato.
1415 4813 1422 4828 .
1470 4811 1478 4829 .
