3559 5734
682 529 928 590 ο-<3463ῑ>-θ

166 693 201 747 et
225 683 402 765 omagium
426 681 530 747 michi
555 694 591 746 et
614 703 727 764 regno
745 703 823 745 meo
839 682 1008 762 debitum,
1033 681 1200 746 velillum
1226 705 1267 746 ac
1284 684 1443 748 ordinem

167 811 212 854 ex
236 790 340 854 terris
363 790 432 853 illis
457 792 729 854 exturbandum.
778 790 915 853 Videns
939 800 1056 853 autem
1080 810 1149 870 ego
1174 802 1342 871 quantam
1366 813 1441 872 perv

167 898 291 960 niciem
322 897 466 961 afferret
497 917 567 960 non
599 897 654 959 his
678 895 884 978 regionibus
915 900 1026 960 solum
1056 898 1119 959 sed
1144 897 1249 959 etiam
1282 898 1445 961 universe

167 1005 218 1069 rei
243 1006 432 1068 christiane
457 1007 588 1067 bellum
610 1004 869 1084 resuscitatum,
894 1027 915 1067 a
940 1026 1009 1087 quo
1027 1025 1082 1067 me
1098 1025 1239 1086 semper
1264 1020 1299 1068 et
1318 1007 1446 1069 Vestra

168 1110 346 1175 Sanctitas
379 1121 414 1175 et
444 1111 556 1174 ferme
588 1132 710 1174 omnes
740 1112 922 1175 christiani
946 1112 1124 1194 principes
1155 1114 1446 1194 dehortabantur,

168 1219 262 1302 elegi
284 1221 408 1301 pocius
439 1240 517 1283 eam
542 1239 667 1302 pacem
697 1239 766 1301 que
790 1239 856 1301 pro
880 1220 1019 1282 ratione
1043 1222 1214 1301 temporis
1238 1222 1447 1303 contingere

168 1326 283 1408 potuit
307 1338 343 1390 et
366 1326 443 1389 visa
468 1337 522 1389 est
545 1325 711 1405 solidior,
736 1345 840 1407 quam
865 1325 1008 1389 omnino
1033 1328 1244 1390 necessitate
1269 1339 1304 1390 et
1328 1327 1447 1392 furore

169 1433 298 1497 bellico
323 1445 435 1497 terras
467 1443 503 1497 et
533 1433 768 1496 hereditatem
792 1453 907 1496 meam
938 1442 973 1496 et
997 1432 1120 1514 Regni
1153 1434 1220 1497 mei
1252 1437 1448 1518 repetendo

171 1540 287 1603 omnia
317 1551 459 1605 vastare
492 1549 527 1602 et
559 1540 752 1603 destruere.
807 1539 1046 1603 Considerans
1077 1539 1210 1621 alioqui
1241 1541 1449 1625 iampridem

171 1647 203 1711 in
220 1647 365 1710 Prussia
390 1669 460 1711 non
485 1649 530 1711 de
554 1647 680 1710 ordine
705 1650 827 1726 solum,
852 1647 916 1709 sed
941 1649 986 1709 de
1009 1656 1086 1710 tota
1106 1668 1252 1729 prorsus
1275 1649 1450 1730 religione

172 1766 287 1818 actum
312 1776 400 1837 esse,
425 1755 481 1818 cui
506 1754 617 1818 errori
641 1756 773 1817 nullam
796 1753 939 1837 penitus
962 1756 1185 1817 occasionem
1203 1776 1357 1837 unquam
1372 1776 1449 1837 pre·

170 1863 247 1941 bui,
282 1872 322 1926 ut
345 1862 452 1926 etiam
481 1861 517 1925 in
548 1864 615 1925 hac
640 1882 730 1943 pace
754 1860 977 1923 conficienda
1008 1860 1114 1924 nichil
1145 1883 1214 1924 non
1239 1864 1450 1925 tentaverim

172 1990 241 2051 quo
267 1969 385 2032 omnia
404 1979 483 2033 acta
507 1969 655 2032 luissent
678 1970 779 2032 iuxta
802 1966 1089 2031 observationem
1106 1980 1251 2032 sanctae
1268 1970 1451 2052 religionis

172 2078 388 2157 catholicae,
414 2086 519 2159 prout
543 2096 665 2139 omnes
689 2087 789 2138 actus
813 2086 849 2138 et
872 2084 1043 2138 tractatus
1067 2076 1178 2139 nostri
1206 2077 1329 2139 testari
1354 2089 1452 2160 pote·

172 2195 263 2264 runt,
288 2184 380 2248 inter
404 2204 493 2266 quos
518 2193 637 2246 tamen
661 2185 770 2245 multa
796 2182 900 2245 effeci
924 2202 1002 2245 cum
1026 2182 1236 2246 consiliariis
1260 2185 1346 2245 meis
1361 2204 1451 2246 com·
1492 2243 1497 2258 ,

172 2293 278 2354 moda
310 2312 376 2374 pro
408 2290 652 2354 iurisdictione
685 2290 926 2354 ecclesiastica
960 2299 994 2352 et
1027 2289 1248 2353 restitutione
1280 2294 1451 2353 bonorum

173 2398 492 2461 ecclesiasticorum
516 2397 643 2460 inillis
668 2397 791 2475 terriS,
815 2417 884 2479 que
909 2405 989 2459 acta
1014 2409 1049 2459 et
1073 2398 1258 2479 deplorata
1283 2397 1447 2461 videban-

172 2516 238 2586 tur,
264 2514 299 2568 et
323 2526 428 2587 spero
453 2505 614 2580 subinde,
638 2505 717 2567 Deo
741 2504 898 2587 propitio
923 2515 958 2567 et
980 2504 1024 2567 V.
1050 2501 1099 2566 8⁸⁰
1122 2504 1227 2566 michi
1252 2504 1451 2581 assistente,

174 2612 249 2675 sine
273 2631 405 2694 magno
437 2610 586 2692 strepitu
618 2612 662 2674 ad
695 2632 852 2674 normam
885 2612 1086 2674 atmodum
1119 2611 1276 2673 debitum
1309 2632 1374 2693 per
1398 2633 1453 2675 me

175 2718 296 2782 reduci
320 2739 437 2800 posse,
462 2719 521 2799 qui
538 2719 677 2801 cupiam
703 2731 737 2780 et
754 2727 900 2800 paratus
924 2717 989 2780 sim
1009 2738 1150 2799 semper
1166 2738 1231 2799 pro
1248 2721 1343 2781 bono
1361 2728 1454 2781 statu

176 2827 226 2890 rei
260 2825 451 2888 christiane
484 2834 519 2888 et
561 2825 661 2888 istius
694 2825 823 2888 Sancte
858 2822 964 2888 Sedis
996 2824 1207 2906 Apostolice
1239 2845 1309 2887 non
1349 2827 1454 2887 modo

176 2933 329 2996 studium
361 2952 507 3014 operam
539 2943 575 2996 et
598 2933 787 2996 iacultates
810 2953 908 2995 meas
939 2953 1060 2995 omnes
1092 2934 1154 2995 sod
1187 2940 1223 2995 et
1246 2932 1454 3013 sanguinem

178 3049 212 3104 et
234 3039 344 3103 vitam
369 3060 499 3118 meam,
535 3040 564 3101 si
594 3039 644 3102 ita
668 3061 725 3103 res
749 3042 922 3121 postulet,
959 3059 1141 3121 exponere
1166 3050 1202 3103 et
1226 3039 1454 3121 profundere.

177 3146 252 3211 Nec
282 3166 436 3229 unquam
467 3143 647 3209 Sanctitas
678 3148 809 3210 Vestra
840 3146 943 3209 aliter
974 3146 1041 3209 sibi
1079 3148 1123 3209 de
1154 3167 1210 3210 me
1241 3158 1276 3209 et
1306 3146 1457 3209 subditis

178 3253 263 3317 meis
295 3253 502 3335 persuaderi
532 3254 703 3335 paciatur.
751 3253 841 3317 Nam
872 3263 908 3317 et
938 3265 1076 3336 pestem
1100 3253 1202 3317 istam
1235 3254 1456 3316 lutheranam

178 3358 578 3444 pernitiosissimumque
601 3360 801 3424 incendium
833 3359 909 3423 eius
941 3380 1010 3441 quo
1034 3359 1157 3441 Regni
1181 3361 1249 3423 mei
1274 3359 1457 3442 proximus

180 3478 215 3531 et
237 3468 349 3532 maior
374 3468 476 3531 ardet
492 3467 621 3550 paries,
646 3477 777 3549 quanto
793 3470 916 3530 labore
941 3479 977 3530 et
993 3467 1229 3530 sollicitudine
1246 3467 1458 3550 extinguere

181 3587 216 3640 et
239 3597 260 3638 a
283 3576 417 3658 Regno
442 3595 520 3638 meo
544 3595 667 3638 arcere
691 3575 802 3655 nitor,
838 3575 925 3637 satis
948 3594 1027 3637 cum
1052 3574 1168 3636 edicta
1199 3585 1235 3636 et
1258 3573 1458 3656 legationes

180 3704 274 3764 mee,
304 3690 377 3745 tum
405 3683 463 3744 vel
486 3681 619 3745 nunctii
650 3692 685 3745 et
709 3683 819 3764 legati
844 3679 1052 3743 Sanctitatis
1083 3690 1224 3743 vestrae
1255 3681 1457 3743 testimonio
1489 3763 1492 3768 ῃ

182 3812 258 3855 esse
288 3801 446 3873 possunt.
494 3787 774 3872 Significandum
797 3800 916 3852 autem
949 3788 1035 3851 duxi
1065 3790 1159 3851 hunc
1184 3809 1383 3852 successum
1407 3787 1459 3850 rei

181 3899 389 3981 prothenice
412 3906 531 3960 vestre
555 3896 744 3976 sanctitati,
767 3906 840 3960 tum
866 3895 948 3977 quia
971 3894 1079 3958 sciam
1103 3894 1199 3957 illam
1224 3894 1317 3957 omni
1342 3894 1459 3957 studio

182 4006 226 4068 ad
250 4024 470 4069 communem
489 4024 615 4086 pacem
631 4003 900 4066 christianorum
922 4002 1138 4084 incumbere,
1163 4011 1236 4064 tum
1253 4001 1359 4064 etiam
1377 4003 1460 4083 quia

183 4134 252 4177 non
282 4114 444 4195 ignorem
476 4132 546 4194 qua
570 4131 655 4174 cura
686 4119 721 4174 et
744 4109 967 4193 benignitate
992 4130 1047 4173 me
1077 4118 1112 4172 et
1135 4130 1193 4172 res
1216 4128 1314 4172 meas
1337 4129 1460 4171 omnes

183 4218 368 4301 complecti
402 4218 584 4298 dignetur;
620 4216 842 4299 proindeque
883 4236 989 4299 spero
1027 4237 1097 4280 non
1130 4215 1343 4280 mediocrem
1377 4216 1460 4279 inde

184 4326 330 4390 letitiam
362 4334 396 4389 et
427 4328 646 4407 voluptatem
678 4324 844 4388 Vestram
875 4321 1109 4387 Sanctitatem
1139 4322 1340 4386 habituram
1371 4343 1460 4404 esse,

185 4432 247 4496 Cui
277 4454 334 4498 me
364 4433 471 4496 etiam
502 4443 608 4513 atque
633 4431 737 4494 etiam
766 4430 945 4495 humiliter
976 4439 1012 4494 et
1042 4452 1088 4495 ex
1120 4432 1227 4494 corde
1252 4432 1460 4493 commendo

185 4551 220 4603 et
250 4549 335 4622 opto
366 4549 405 4602 ut
436 4539 495 4602 diu
525 4541 645 4602 valeat
673 4537 858 4602 incolumis
888 4547 925 4602 et
948 4537 1046 4601 felix.
1093 4538 1176 4600 Dat.
1202 4535 1373 4600 Cracovie
1404 4538 1461 4598 die

185 4647 281 4710 XXI
317 4647 422 4727 Maii,
463 4647 569 4709 Anno
609 4645 842 4726 Jhesuchristi
877 4645 1069 4708 MDXXV
1104 4642 1226 4725 Regni
1264 4643 1332 4705 mei
1368 4664 1461 4706 anno

186 4755 427 4820 decimonono.
