3559 5734
709 519 955 580 04323304

193 667 310 731 danno
335 667 380 731 de
404 668 544 747 lanima,
569 679 605 731 et
628 669 715 733 forsi
730 690 839 735 ancor
863 672 910 733 de
933 669 957 733 li
982 669 1064 732 beni
1081 671 1127 734 de
1142 668 1296 752 fortuna,
1321 680 1357 733 et
1370 670 1473 734 ruina

193 776 236 837 de
259 774 285 837 li
308 775 425 858 corpi,
460 796 498 837 se
530 778 580 839 tal
611 777 875 840 abominatione
907 779 951 840 de
975 777 1109 841 Luther
1133 777 1163 841 si
1186 779 1281 842 lassa
1305 798 1370 862 per
1393 780 1471 842 loro

191 880 373 964 impunita.
421 879 555 945 Omitto
579 884 736 947 dedecus
752 884 890 966 ingens,
915 885 982 948 che
997 886 1116 949 hanno
1133 886 1300 949 mandato
1316 907 1338 949 a
1353 887 1473 949 Roma

192 998 228 1052 et
250 1010 316 1072 per
339 999 430 1052 tutto
456 989 480 1053 il
503 993 635 1054 mundo
660 993 695 1054 la
718 991 953 1055 deliberation
976 994 1021 1055 de
1039 991 1148 1056 Cesar
1172 1004 1208 1055 et
1231 1013 1301 1055 non
1327 996 1362 1064 la
1378 1014 1472 1056 man-

191 1096 261 1159 dan
290 1097 336 1158 ad
361 1096 550 1159 execution
584 1099 677 1186 doye
702 1101 873 1180 besogna.
922 1099 973 1161 La
997 1118 1169 1181 speranza
1193 1110 1316 1164 nostra
1339 1101 1374 1182 d,
1410 1101 1472 1183 poi

192 1203 273 1281 Di0,
296 1203 331 1266 in
357 1224 437 1266 esso
463 1202 572 1267 Cesar
596 1205 672 1268 solo
697 1207 730 1268 el
754 1208 836 1287 qual
862 1216 961 1269 certo
986 1227 1126 1288 sempre
1148 1206 1167 1269 ὲ
1192 1216 1286 1270 stato
1310 1217 1471 1271 constan-

191 1310 337 1392 tissim0,
363 1321 399 1373 et
422 1331 555 1374 ancora
579 1312 611 1375 ci
635 1322 811 1396 prometto
835 1313 987 1387 maiora;
1012 1334 1069 1376 ma
1092 1335 1148 1376 me
1173 1314 1313 1394 dubito,
1334 1319 1412 1388 ,che
1437 1315 1472 1377 in

190 1418 305 1500 questi
339 1439 409 1481 non
434 1418 563 1500 piccoli
588 1419 721 1482 fastidii
754 1421 820 1482 che
845 1423 921 1484 loro
953 1430 1127 1501 trattano,
1159 1421 1184 1484 il
1207 1419 1371 1485 Conselio
1395 1443 1471 1504 per-

191 1526 303 1587 suada
327 1527 435 1589 molte
460 1546 554 1606 cose,
579 1527 644 1589 che
668 1529 820 1589 sarebbe
844 1528 951 1591 melio
975 1528 1042 1591 che
1061 1548 1142 1608 non,
1167 1528 1353 1610 presertim
1378 1528 1413 1591 in
1437 1531 1472 1592 la

192 1652 301 1695 causa
339 1632 553 1695 Lutherana.
608 1631 731 1713 Questi
770 1633 929 1715 Principi
964 1635 1084 1697 hanno
1121 1645 1293 1717 receputo
1332 1636 1473 1699 novelle

192 1740 298 1801 lettre
323 1738 381 1801 del
397 1739 456 1802 Re
480 1738 643 1803 lrancese
668 1741 713 1803 de
738 1741 772 1802 dl
789 1740 857 1804 XI.
881 1741 927 1804 de
944 1751 1081 1823 questo,
1105 1743 1199 1805 dove
1214 1741 1263 1804 lui
1287 1762 1325 1804 se
1340 1762 1474 1806 excusa

193 1844 318 1908 esserli
341 1846 425 1908 dato
450 1865 557 1908 causa
582 1846 627 1908 da
651 1844 770 1926 Cesar,
794 1846 900 1910 immo
923 1867 1020 1910 esser
1034 1848 1095 1931 gia
1111 1859 1166 1911 sta
1181 1847 1343 1912 diffidato
1359 1849 1473 1931 perhd

192 1952 260 2015 che
285 1953 303 2015 ὲ
327 1950 465 2015 forzato
488 1935 545 2016 far
568 1972 707 2035 guerra,
733 1973 833 2017 come
857 1953 1027 2018 defensor
1050 1965 1086 2019 et
1120 1976 1191 2022 non
1227 1955 1404 2036 offensor,
1437 1967 1473 2019 et

192 2079 264 2121 non
288 2058 350 2140 gia
373 2068 497 2122 contra
521 2060 541 2121 l’
557 2060 725 2142 Imperio,
763 2063 807 2123 de
836 2061 893 2124 chi
919 2082 1021 2125 como
1045 2062 1104 2126 Re
1129 2062 1164 2124 di
1188 2063 1325 2126 Franza
1349 2065 1366 2127 ὲ
1392 2084 1472 2127 con·
1583 2080 1587 2089 ·

192 2165 371 2245 foderato,
404 2177 440 2227 et
463 2185 564 2229 como
589 2167 691 2230 Duca
714 2169 759 2229 de
783 2167 894 2230 Milan
927 2169 1125 2250 evasa110,
1159 2182 1195 2232 et
1226 2173 1352 2233 alcune
1383 2172 1473 2234 altre

192 2293 256 2335 sue
280 2271 519 2336 iustificationi
542 2271 659 2360 (como
683 2274 708 2337 li
732 2273 914 2338 Cesariani
939 2275 1079 2358 dicono)
1104 2296 1173 2339 non
1199 2276 1290 2340 iuste
1314 2278 1357 2350 ne
1379 2277 1472 2340 suffi-

193 2379 318 2443 cienti:
351 2381 386 2442 in
419 2400 554 2444 summa
577 2380 637 2463 gia
661 2380 691 2443 si
714 2381 788 2443 tien
811 2391 906 2444 rotta
929 2384 964 2445 la
987 2402 1134 2464 guerra;
1169 2382 1193 2445 li
1218 2382 1400 2451 Cesariani
1425 2386 1472 2447 di-

193 2507 285 2550 cono
309 2489 410 2550 voler
433 2487 489 2550 far
512 2488 749 2569 grandissimo
773 2509 919 2552 numero
943 2491 988 2552 de
1002 2489 1228 2555 Lantznechi.
1271 2491 1340 2554 Dio
1366 2503 1475 2556 metta

193 2614 283 2675 pace
318 2603 373 2656 tra
404 2594 429 2657 li
460 2594 659 2676 christiani,
694 2616 715 2658 0
739 2596 878 2659 almeno
903 2617 973 2659 non
998 2597 1026 2659 si
1050 2597 1173 2660 habbii
1196 2618 1218 2661 a
1241 2598 1416 2662 meschiar
1439 2603 1474 2663 la

193 2721 302 2764 causa
325 2701 371 2763 de
395 2702 538 2782 Luther,
563 2722 641 2765 cum
666 2703 699 2765 le
723 2722 829 2766 cause
853 2702 1041 2785 temporali
1066 2705 1110 2767 de
1135 2705 1211 2768 loro
1236 2706 1329 2769 stati.

283 2805 382 2871 Sono
414 2806 474 2890 qul
498 2830 520 2871 a
552 2829 656 2872 cerco
679 2809 768 2872 forsi
794 2828 856 2889 700
880 2810 1009 2873 cavalli
1032 2812 1078 2874 de
1102 2810 1367 2876 Gentilhomeni
1391 2815 1473 2878 adu-

197 2915 269 2978 nati
306 2925 401 2978 sotto
437 2936 542 2979 nome
578 2918 623 2979 de
660 2937 707 2980 un
731 2927 830 2981 certo
855 2917 987 2998 Conte,
1012 2919 1046 2981 el
1070 2921 1152 3000 qual
1176 2920 1289 3003 perhd
1314 2920 1334 2983 ὲ
1358 2924 1470 2985 subal-

194 3032 308 3103 terno,
333 3033 369 3085 et
393 3017 625 3086 subordinato
651 3025 695 3087 de
712 3024 904 3088 Francisco
922 3023 1152 3108 Sichinghen,
1178 3028 1210 3089 el
1234 3029 1318 3109 qual
1342 3049 1388 3092 no
1413 3031 1473 3092 du-

194 3130 289 3207 bito,
314 3130 381 3192 che
405 3151 476 3193 non
501 3131 593 3193 sacci
616 3133 767 3213 qualche
791 3131 933 3214 paccia,
965 3133 1096 3215 perche
1129 3154 1217 3216 pare
1246 3137 1312 3198 che
1345 3136 1374 3198 si
1399 3137 1474 3200 curi

194 3256 287 3319 poco
312 3237 371 3299 del
395 3236 549 3320 Imperio
574 3249 610 3301 et
634 3238 691 3301 del
716 3239 924 3321 Imperator,
950 3242 1086 3303 usando
1110 3243 1236 3305 alcune
1259 3245 1397 3324 parolle
1422 3265 1474 3306 as-

194 3344 245 3407 sai
262 3342 407 3423 incivili,
432 3365 533 3407 como
557 3344 591 3407 io
615 3346 762 3409 intendo
787 3349 866 3410 chel
891 3346 980 3428 dice,
1005 3351 1070 3410 che
1095 3348 1119 3409 li
1137 3345 1228 3411 Stati
1245 3349 1355 3412 fanno
1380 3350 1413 3412 in
1440 3353 1475 3414 la

195 3452 291 3514 dieta
315 3452 348 3514 le
373 3455 543 3532 consulte,
569 3463 604 3515 et
628 3454 693 3516 che
718 3453 765 3515 lui
782 3453 860 3516 fara
874 3455 909 3516 la
926 3455 1164 3534 conclusione,
1190 3465 1225 3518 et
1242 3457 1369 3519 alcune
1385 3459 1474 3521 altre

195 3558 367 3638 temerita,
392 3559 459 3640 che,
482 3570 686 3623 monstrano
709 3581 755 3622 un
777 3562 847 3623 mal
862 3560 997 3623 animo:
1022 3559 1070 3624 Se
1101 3562 1180 3625 dice
1203 3582 1269 3643 per
1286 3574 1384 3627 certo
1409 3567 1474 3628 che

195 3669 244 3729 tal
273 3686 421 3729 numero
446 3667 491 3730 de
515 3667 643 3730 cavalli
666 3667 785 3730 avanti
811 3668 876 3730 che
900 3667 942 3729 sii
967 3668 1056 3734 XX.
1093 3667 1128 3731 dl
1164 3671 1369 3735 accrescere
1399 3672 1474 3737 fino

189 3794 217 3836 a
245 3774 340 3852 1800,
364 3793 473 3836 overo
500 3794 595 3856 2000,
621 3784 657 3837 et
679 3795 746 3854 par
769 3776 836 3838 che
861 3774 992 3838 voliino
1016 3776 1129 3838 andar
1153 3786 1277 3839 contra
1309 3778 1331 3840 l'
1346 3782 1475 3844 elettor

195 3880 355 3958 Treveri,
380 3883 412 3942 el
437 3882 520 3962 qual
545 3902 599 3943 me
623 3883 670 3943 ha
693 3882 793 3944 detto
818 3882 1009 3963 expettarli
1043 3883 1087 3944 de
1112 3885 1183 3946 bon
1208 3884 1325 3947 animo
1351 3897 1385 3947 et
1409 3890 1475 3949 che

197 4007 303 4068 spera
327 3987 373 4049 de
396 3989 594 4069 respondet
617 3989 694 4050 loro
725 3992 831 4059 bene:
869 3991 934 4051 che
960 3989 1029 4051 Dio
1054 3990 1086 4052 el
1111 3990 1303 4070 benedica,
1334 3994 1401 4054 che
1437 4015 1475 4056 se

197 4096 246 4156 tal
269 4094 388 4156 animo
412 4096 563 4159 havesse
591 4097 626 4158 lo
651 4097 780 4159 elettor
803 4093 1014 4181 Galerit01),
1050 4106 1111 4159 aut
1145 4118 1323 4179 nunquam
1349 4098 1475 4161 Luthe·

198 4201 274 4262 rani
309 4201 600 4284 insurrexissent,
636 4222 657 4265 0
681 4205 821 4266 almeno
845 4202 905 4284 gia
930 4202 1057 4286 cinque
1082 4205 1169 4266 mesi
1192 4208 1392 4268 sarebbeno
1418 4228 1475 4268 ex-

198 4307 287 4373 tinti.
334 4307 414 4371 Non
439 4309 518 4371 dico
543 4309 609 4372 che
633 4330 703 4372 non
729 4310 770 4372 sii
785 4309 917 4391 alioqui
935 4308 1068 4392 Signor
1091 4310 1197 4393 pleno
1222 4311 1257 4374 di
1274 4313 1359 4395 ogni
1375 4315 1474 4376 vertd

200 4424 236 4476 et
257 4414 423 4495 honesta,
448 4436 504 4477 ma
528 4418 562 4478 la
586 4416 771 4479 incredibil
796 4416 1047 4499 pusillanimita
1081 4439 1145 4482 sua
1171 4419 1205 4482 fa
1229 4421 1347 4483 danno
1371 4441 1393 4483 a
1417 4422 1475 4484 noi

201 4522 279 4584 altri
303 4521 396 4604 tutti,
422 4531 457 4585 et
480 4543 501 4584 a
526 4523 572 4585 lui
598 4532 759 4586 extrema
783 4523 964 4588 infelicit‘a.
1012 4526 1149 4588 Treviri
1163 4528 1210 4588 ha
1233 4528 1371 4608 grande
1395 4549 1474 4590 con-

200 4627 423 4693 federatione
447 4650 525 4692 cum
551 4634 582 4714 el
607 4632 709 4693 Duca
725 4629 870 4694 Saxone
896 4634 1034 4712 elettor,
1059 4642 1094 4695 et
1118 4634 1151 4695 el
1167 4633 1258 4696 lant
1273 4633 1406 4698 Gravio
1432 4637 1476 4697 de

231 4859 250 4928 ¹)
270 4862 496 4927 Archiepiscopus
515 4864 687 4926 Mogontinus
707 4865 788 4912 rubeo
807 4864 898 4926 galero
916 4870 1041 4927 tanquam
1061 4865 1211 4914 cardinalis
1229 4867 1376 4929 insignitus.
