3559 5734
681 511 929 573 estes&

165 661 317 745 flagrare
349 662 532 742 incendio,
568 661 781 727 stabilienda
812 663 933 726 veniat
965 682 1010 724 ne
1039 661 1204 726 concidat
1236 663 1377 726 omnino
1409 663 1445 725 in

167 782 326 852 apertum
350 770 568 853 Reipublice
593 770 793 834 Christiane
827 773 968 850 malurn,
993 788 1104 852 cogor
1137 771 1293 851 undique
1329 790 1444 833 corra-

166 879 250 940 dere
279 899 334 958 es,
370 897 440 959 quo
464 877 493 940 si
523 896 592 939 non
616 897 813 959 emergam,
839 877 934 959 quod
962 878 1107 940 tandem
1135 878 1309 939 concedat
1334 877 1445 956 DeuS,

167 985 291 1046 saltem
324 984 506 1047 sublevem
540 993 576 1046 et
600 982 809 1046 subfulciam
843 983 1044 1046 notissimas
1078 1004 1175 1046 meas
1208 981 1444 1048 difficultates.

167 1090 289 1172 Itaque
322 1090 482 1173 supplico
519 1090 735 1153 Beatitudini
769 1091 898 1153 Vestre
937 1099 975 1153 ut
1007 1110 1178 1153 summam
1209 1090 1385 1172 prefatam
1416 1090 1446 1152 si

167 1197 322 1259 nondum
359 1205 453 1259 esset
488 1197 710 1277 demandata,
747 1196 860 1260 Nobis
893 1217 957 1279 per
988 1196 1248 1259 Nummularios
1272 1195 1444 1260 Fuccarei

169 1302 280 1365 Banci
306 1304 513 1366 solvendam
537 1303 657 1367 iubeat
681 1303 757 1367 sine
781 1303 1017 1367 cunctatione.
1057 1303 1353 1384 Quandoquidem
1378 1324 1446 1366 non

170 1410 300 1473 desisto
331 1410 420 1473 inire
445 1430 702 1494 quamcumque
725 1411 917 1491 rationem,
949 1431 1019 1492 qua
1043 1410 1149 1473 liceat
1172 1411 1207 1472 in
1231 1411 1286 1473 his
1310 1411 1446 1492 pericu·

170 1517 350 1579 losissimis
386 1518 670 1599 Decumanisque
705 1518 870 1581 fluctibus
906 1519 1048 1582 cadenti
1083 1538 1289 1581 succurrere
1322 1517 1445 1582 Sacer-

170 1623 276 1704 ‹lotio,
301 1645 322 1687 a
346 1645 416 1706 quo
432 1625 470 1705 si,
488 1628 654 1707 neglecta
677 1626 822 1707 pietate,
846 1624 999 1707 iniquior
1023 1641 1102 1689 esse
1128 1626 1243 1705 velim,
1267 1628 1362 1688 haud
1388 1626 1447 1687 diu

170 1732 283 1793 aberit
316 1731 473 1795 exitium.
521 1729 593 1794 Sed
626 1732 758 1814 privati
791 1733 921 1795 oblitus
951 1733 1141 1808 commodi,
1178 1735 1349 1795 hactenus
1382 1752 1447 1813 pro

171 1839 369 1901 adserenda
384 1839 592 1922 Relligione
617 1850 652 1902 et
677 1841 924 1903 conservanda
938 1840 1188 1903 Ecclesiastica
1211 1861 1250 1902 re
1275 1839 1360 1902 nihil
1378 1860 1447 1901 non

170 1965 190 2006 a
213 1965 268 2006 me
293 1947 459 2009 collatum
485 1959 556 2026 est,
592 1949 687 2029 quod
711 1947 821 2029 potui.
868 1948 993 2029 Neque
1023 1958 1092 2010 tarn
1118 1948 1288 2029 gravibus
1312 1947 1446 2028 pericu·

171 2051 228 2127 tis,
264 2051 379 2115 donec
404 2054 560 2116 extincta
584 2066 720 2135 essent,
756 2076 931 2118 cessarem
953 2076 1012 2117 me
1037 2055 1193 2118 obiicere
1222 2054 1251 2116 si
1275 2054 1340 2117 soli
1364 2053 1448 2115 mihi

170 2160 430 2239 responderent
453 2180 559 2241 pares
583 2160 652 2223 illis
677 2172 854 2243 sumptus,
880 2181 969 2242 quos
994 2182 1101 2242 supra
1125 2161 1220 2223 vires
1242 2161 1324 2241 feci,
1359 2162 1449 2222 adeo

170 2276 208 2328 ut
238 2264 305 2328 nisi
330 2266 471 2330 aliunde
497 2268 633 2342 veniat,
670 2268 840 2332 auxilium
863 2268 1092 2351 pecuniarum
1122 2270 1266 2331 tandem
1289 2267 1447 2348 receptui

171 2393 292 2434 canam
318 2384 491 2454 oporteat,
517 2376 607 2437 sicut
631 2376 735 2438 latius
758 2396 836 2438 cum
852 2375 1050 2438 Sanctitate
1069 2376 1199 2438 Vestra
1213 2394 1292 2437 meo
1307 2373 1449 2436 nomine

171 2477 401 2542 Consiliarius
416 2502 513 2543 meus
528 2481 704 2563 Magister
719 2481 846 2544 Petrus
864 2483 909 2544 de
926 2483 1136 2544 Salamanca
1153 2490 1248 2562 aget,
1273 2480 1328 2542 cui
1344 2480 1449 2542 fidem

170 2596 331 2666 prestare
356 2587 533 2668 dignetur.
580 2588 624 2650 Et
648 2588 849 2652 felicissirne
873 2592 1001 2653 valeat.

260 2693 341 2756 Dat.
366 2694 557 2778 Insprugg.
603 2696 671 2758 Die
696 2696 883 2760 undecima
906 2696 1041 2759 Mensis
1065 2696 1158 2776 Julii,
1186 2697 1290 2758 Anno
1306 2696 1448 2758 Domini

171 2799 400 2865 MDXXVw.

330 2907 496 2970 Eiusdem
522 2904 729 2971 Sanctitatis
756 2908 906 2973 Vestrae

924 3052 1041 3101 Humilis
1060 3060 1086 3101 et
1105 3053 1255 3117 obsequens
1275 3053 1343 3102 filins

877 3141 1071 3204 ferdinandus
1090 3146 1228 3195 Archidux
1247 3148 1381 3196 Austriae.

713 3383 916 3398 mmmmm

776 3671 850 3737 231.

471 3795 631 3876 (1111111111
660 3796 738 3878 VII.
768 3795 962 3876 1111111111
989 3796 1165 3877 lustriae.

255 3952 256 3956 ’
299 3943 390 4009 (olem.
410 3943 472 4001 vn.
491 3941 580 4017 Epist.
600 3944 638 4002 ad
654 3944 791 4018 1111111111
809 3960 859 4017 per
878 3944 1041 4003 Sadoletum
1059 3945 1181 4017 scriptae
1199 3943 1244 4003 111
1262 3944 1329 4014 181.)

693 4083 747 4137 111.
766 4073 834 4137 Julii
856 4071 942 4140 1525.)

261 4213 400 4275 Dilecte
439 4211 498 4277 fili.
557 4213 772 4296 Accepimus
812 4214 1013 4295 exemplum
1054 4212 1324 4294 responsionum
1365 4234 1451 4294 quas

175 4318 350 4382 Nobilitas
374 4332 434 4382 tua
458 4320 731 4401 prudentissime
756 4340 797 4382 ac
819 4320 1141 4383 consideratissime
1161 4320 1452 4383 tumultuantibus

175 4426 246 4488 suis
270 4427 501 4509 popularibus
533 4427 704 4506 reddidit,
740 4447 831 4508 quae
857 4426 961 4489 nobis
993 4426 1221 4507 dignissimae
1245 4427 1344 4489 visae
1372 4438 1453 4490 sunt

175 4554 217 4596 ea
240 4533 370 4595 virtute
402 4533 499 4596 cuius
527 4533 563 4595 in
588 4547 623 4597 te
648 4533 850 4615 opinionem
881 4554 1052 4596 summam
1083 4553 1223 4615 semper
1246 4533 1451 4606 habuimus;

175 4660 290 4721 neque
323 4641 424 4702 nobis
456 4642 568 4702 solum
600 4641 664 4702 sed
695 4651 730 4703 et
755 4640 844 4704 Ven.
876 4640 1046 4703 fratribus
1078 4640 1206 4702 nostris
1236 4640 1271 4702 in
1304 4661 1450 4721 quorum

175 4746 384 4810 consistorio
408 4748 523 4809 lectae
547 4746 704 4809 fuerunt:
739 4747 863 4827 Itaque
888 4747 933 4808 de
957 4746 999 4808 iis
1024 4757 1059 4809 et
1083 4766 1104 4808 a
1128 4746 1230 4808 nobis
1255 4756 1290 4808 et
1313 4749 1359 4808 ab
1383 4747 1452 4809 illis

175 4853 238 4916 tibi
261 4856 437 4917 habentur
449 4852 587 4934 gratiae
610 4860 717 4935 teque
741 4854 922 4915 hortamur
946 4871 1159 4933 quamquam
1180 4864 1389 4934 currentem,
1414 4866 1452 4917 ut
