3559 5734
698 552 946 613 sueto&

184 706 365 788 invocat0,
389 707 569 789 perhanc
594 714 751 769 nostram
775 703 1003 767 diffinitivam
1027 701 1255 784 sententiam,
1285 725 1389 785 quam
1418 723 1464 768 ex

103 813 113 828 ¹
182 824 303 877 nostro
333 813 451 876 officio
488 814 534 875 ad
564 812 691 875 nullius
723 811 834 894 partis
862 809 1063 873 instantiam
1097 820 1133 873 et
1165 812 1211 872 de
1242 809 1463 892 plenitudine

180 922 369 1002 potestatis
392 922 509 1002 quoad
533 920 752 982 validitatem
776 937 965 1000 processus
998 926 1034 980 et
1065 917 1240 980 sententie
1263 919 1463 982 huiusmodi

182 1029 432 1109 procedentes,
446 1029 491 1089 de
502 1027 704 1090 eorumdem
721 1026 869 1089 fratrum
886 1037 1066 1087 nostorum
1080 1024 1227 1088 consilio
1249 1035 1285 1087 et
1309 1046 1466 1108 assensu,

181 1136 218 1197 in
242 1134 311 1197 biis
335 1134 477 1216 scriptis
493 1134 638 1196 ierimus
654 1133 923 1215 pronuntiamus
948 1133 1169 1195 decernimus
1194 1141 1230 1194 et
1245 1133 1466 1197 declaramus

185 1241 221 1303 in
245 1262 352 1304 causa
376 1251 412 1303 et
436 1239 551 1303 causis
575 1242 620 1303 de
645 1252 680 1303 et
704 1261 811 1321 super
828 1240 1005 1302 natalibus
1027 1239 1148 1301 dilecti
1172 1238 1234 1301 filii
1250 1239 1333 1318 Julii
1350 1239 1463 1304 Electi

187 1348 330 1430 prefati,
354 1351 532 1429 rebusque
556 1348 634 1410 aliis
658 1348 692 1409 in
718 1347 808 1409 actis
832 1367 939 1409 cause
963 1345 1162 1409 huiusmodi
1185 1348 1290 1410 latius
1306 1348 1468 1411 deductis

183 1454 361 1536 prefatum
385 1454 514 1533 Julium
538 1454 699 1517 Electum
723 1452 920 1536 legitimum
945 1464 980 1516 et
1005 1474 1050 1515 ex
1067 1453 1226 1535 legitimo
1243 1454 1465 1518 matrimonio

184 1572 305 1625 natum
329 1561 437 1624 fuisse
473 1571 509 1624 et
533 1582 631 1642 esse,
667 1581 818 1643 eumque
853 1581 920 1641 pro
956 1560 1116 1642 legitimo
1152 1569 1188 1622 et
1223 1581 1270 1623 ex
1304 1562 1464 1644 legitimo

182 1668 403 1731 matrimonio
428 1681 654 1750 procreatum
678 1668 714 1730 in
745 1667 907 1730 omnibus
943 1678 979 1729 et
1009 1676 1075 1748 per
1106 1668 1224 1732 omnia
1247 1671 1354 1750 pleno
1378 1670 1465 1750 iure,

183 1795 269 1839 vere
294 1785 329 1838 et
352 1796 423 1838 non
447 1774 540 1855 ficte,
555 1786 660 1858 prout
684 1775 720 1838 in
743 1775 871 1838 litteris
896 1795 1004 1856 super
1028 1776 1226 1838 huiusmodi
1252 1787 1373 1841 nostra
1389 1799 1464 1840 sen·

183 1884 295 1946 tentia
319 1883 547 1946 conficiendis
563 1883 702 1964 plenius
727 1882 956 1964 exprimetur,
980 1881 1105 1945 haberi
1121 1893 1156 1944 et
1168 1884 1326 1965 reputari
1350 1883 1465 1946 teneri

188 2002 224 2053 et
247 1990 393 2053 tractari
424 1989 590 2052 debuisse
624 2000 660 2053 et
690 1991 823 2052 debere
854 2010 896 2050 ac
930 1991 1097 2051 decetero
1125 1989 1309 2070 perpetuis
1337 1990 1464 2054 futuris

186 2098 407 2180 temporibus
441 2097 646 2160 habendum
675 2098 912 2178 reputandum
944 2097 1134 2159 tenendum
1169 2107 1204 2159 et
1242 2100 1464 2161 tractandum

184 2205 273 2285 fore,
296 2205 392 2267 fama
416 2204 812 2288 dispensationibusque
836 2204 1006 2285 predictis
1031 2204 1229 2285 ceterisque
1261 2205 1297 2267 in
1329 2216 1464 2269 contra·

183 2311 273 2373 rium
306 2311 530 2392 facientibus,
554 2322 660 2392 prout
688 2332 815 2374 revera
845 2330 917 2373 non
946 2313 1107 2391 obstant,
1140 2331 1210 2373 non
1242 2312 1465 2375 obstantibus

185 2417 475 2499 quibuscumque.
522 2417 618 2479 Nulli
643 2439 731 2500 ergo
757 2417 901 2481 omnino
925 2417 1104 2481 hominum
1127 2418 1234 2481 liceat
1250 2419 1341 2482 hanc
1366 2420 1464 2503 pagi-

184 2545 265 2588 nam
290 2534 410 2588 nostre
435 2524 705 2607 approbationis
722 2524 997 2587 confirmationis
1012 2525 1246 2606 suppletionis
1262 2528 1467 2607 pronuntia·

181 2632 289 2694 tionis
298 2631 506 2713 prolationis
523 2631 773 2694 declarationis
788 2631 922 2694 decreti
939 2631 1134 2712 infringere
1154 2634 1211 2694 vel
1222 2631 1254 2694 ei
1265 2653 1352 2695 ausu
1361 2643 1464 2697 teme-

187 2740 280 2800 rario
297 2740 484 2801 contraire.
509 2736 547 2800 Si
564 2738 642 2819 quis
659 2751 776 2800 autem
790 2741 859 2801 hoc
876 2746 1090 2820 attemptare
1107 2739 1362 2820 presumpserit
1378 2739 1463 2801 indi·

185 2845 390 2926 gnationem
404 2845 668 2926 Omnipotentis
681 2845 750 2908 Dei
767 2866 807 2908 ac
825 2847 1010 2907 beatorum
1023 2845 1121 2907 Petri
1139 2854 1175 2907 et
1190 2845 1293 2908 Pauli
1310 2848 1462 2928 Aposto-

185 2955 299 3015 lorum
325 2951 399 3014 eius
424 2973 462 3015 se
486 2952 626 3014 noverit
640 2952 869 3016 incursurum.
911 2952 1042 3013 Datum
1057 2952 1175 3013 Rome
1192 2953 1288 3033 apud
1304 2964 1463 3016 sanctum

185 3061 330 3122 Petrum
354 3061 461 3122 Anno
487 3059 743 3123 Incarnationis
767 3059 952 3122 Dominice
969 3059 1158 3121 Millesimo
1181 3059 1464 3141 quingentesimo

184 3167 448 3246 tertiodecimo,
496 3166 706 3230 duodecimo
749 3169 831 3230 Kal.
862 3166 1029 3230 Octobris
1074 3165 1307 3229 Pontificatus
1353 3169 1465 3230 nostri

185 3275 291 3336 Anno
316 3273 435 3336 Primo

625 3405 641 3469 †
661 3407 719 3467 Ego
738 3397 791 3460 110⁰
810 3396 874 3457 ¹¹⁰⁰·
898 3404 1011 3453 ecclesie
1030 3402 1160 3453 catholice
1180 3420 1233 3468 eps,
1254 3405 1398 3470 subscripsi

506 3509 545 3572 L.
571 3507 608 3573 S.

187 3708 207 3785 †
231 3704 309 3785 Ego
333 3704 373 3767 T.
398 3709 517 3786 presb.
544 3705 899 3789 Card¹¹⁸‘Strigonien
922 3719 961 3772 tt.
987 3706 1023 3771 S.
1048 3709 1192 3772 Martini
1224 3710 1258 3772 in
1284 3709 1465 3774 Montibus

233 3832 337 3874 manu
362 3813 448 3894 pp¹¹²
471 3813 674 3895 subscripsi.

188 3921 209 3999 †
231 3919 309 4000 Ego
335 3918 358 3981 f.
384 3928 422 3982 tt.
448 3917 511 3982 S¹⁰r
526 3920 579 3999 Jo.
597 3938 632 3983 et
648 3942 729 4003 pau.
746 3925 865 4002 presb.
880 3921 1002 3984 Card¹¹⁸
1028 3924 1214 3987 surrentin.
1240 3945 1345 3987 manu
1369 3926 1464 4007 pp‘l‘.

186 4028 207 4105 †
230 4025 308 4106 Ego
332 4026 374 4091 N.
399 4037 437 4090 tt.
463 4024 499 4089 S.
525 4028 645 4090 Prisce
671 4030 788 4109 presb.
815 4027 938 4090 Cardus
962 4029 1007 4092 de
1031 4029 1148 4092 Flisco
1173 4051 1217 4093 ss.
1242 4052 1346 4093 manu
1370 4034 1466 4113 pptlfl.

187 4132 310 4214 iEgo
335 4134 539 4196 Hadrianus
569 4143 608 4199 tt.
640 4132 675 4199 S.
706 4134 931 4217 Chrysogoni
963 4140 1083 4216 presb.
1109 4137 1231 4200 Card¹il
1255 4139 1465 4202 Bathonien.

232 4245 337 4303 inanu
361 4241 448 4321 pp¹⁵²
471 4237 536 4302 SS.

187 4349 208 4426 'r
231 4347 309 4428 Ego
333 4348 381 4409 R.
406 4351 525 4428 presb.
551 4347 674 4411 Card¹¹⁸
699 4359 738 4412 tt.
764 4347 800 4412 S.
826 4351 1015 4413 Anastasio
1032 4351 1247 4415 Nannetten.
1273 4353 1465 4435 subscripsi

231 4474 336 4516 manu
361 4466 456 4536 ppffi.

187 4564 208 4640 'r
231 4561 309 4642 Ego
334 4561 373 4625 L.
398 4565 516 4644 presb.
541 4562 663 4625 Card¹¹⁸
687 4573 726 4626 tt.
751 4560 924 4627 Susanne.

189 4671 206 4746 †
229 4668 307 4749 Ego
333 4668 369 4732 C.
395 4671 511 4749 presb.
538 4669 661 4732 Card¹is
684 4680 723 4733 tt.
749 4667 783 4735 S.
811 4672 931 4734 Cicilie
956 4673 1001 4733 de
1025 4672 1167 4734 Finario
1192 4673 1394 4754 subscripsi.

187 4778 208 4854 †
231 4775 309 4855 Ego
335 4775 427 4836 Chri.
452 4775 647 4840 Eboracen.
673 4786 712 4841 tt.
738 4774 774 4840 S.
799 4778 906 4840 Prax.
932 4782 1050 4859 presb.
1076 4778 1200 4841 Card¹¹⁵
1224 4779 1427 4862 subscripsi.

187 4886 206 4962 ’s
229 4882 308 4963 Ego
333 4883 377 4947 A.
402 4892 441 4948 tt.
455 4879 491 4946 S.
516 4883 645 4946 Vitalis
668 4887 787 4968 presb.
813 4884 918 4948 Card.
944 4883 1008 4951 SS.
