3559 5734
834 535 1082 593 &mih-⁰

317 675 394 742 mos
417 679 597 762 principes
625 681 684 763 qui
715 683 784 744 hoc
814 681 930 766 ipsum
960 682 1180 765 iudicarunt,
1210 682 1445 766 particulares
1476 681 1595 745 facere

316 787 589 852 reformationes
613 798 663 869 et,
695 790 741 852 ad
777 788 1056 871 postulationem
1090 792 1302 874 populorum
1341 789 1400 871 qui
1433 789 1478 853 de
1511 788 1595 852 cleri

316 893 451 958 iniuriis
475 896 659 977 conquesti
683 895 827 978 fuerint,
851 895 1019 959 adhibitis
1043 905 1160 961 tecum
1184 917 1249 959 sex
1272 904 1335 959 aut
1358 907 1439 959 octo
1463 914 1596 977 germa-

317 1002 373 1065 nis
396 1002 567 1085 praelatis
591 1003 804 1067 correctioni
827 1003 1025 1068 intendere.
1064 1003 1138 1068 Nos
1155 1014 1192 1068 et
1207 1013 1269 1066 tua
1285 1003 1475 1088 prudentia
1491 1014 1598 1084 atque

318 1109 480 1173 doctrina
503 1109 691 1191 plurimum
715 1108 925 1173 confidimus
948 1120 984 1174 et
1006 1110 1076 1173 illis
1099 1111 1239 1192 agimus
1269 1109 1490 1193 principibus
1519 1129 1597 1190 gra·

318 1215 385 1279 tias
414 1236 563 1297 quorum
593 1226 632 1279 tu
663 1226 824 1280 sanctum
856 1217 1078 1300 propositum
1108 1218 1348 1300 optimamque
1378 1219 1599 1281 voluntatem

317 1322 365 1386 ad
399 1344 465 1386 nos
508 1323 766 1406 perscripsisti,
800 1323 1013 1406 illorumque
1048 1325 1191 1388 nomina
1226 1325 1308 1408 (non
1345 1323 1438 1388 enim
1468 1343 1533 1406 per
1563 1332 1599 1385 te

317 1428 452 1511 scripta
480 1432 573 1510 sunt)
602 1451 748 1495 avemus
784 1429 1001 1514 intelligere,
1044 1451 1114 1514 quo
1152 1451 1309 1495 amemus
1344 1430 1450 1495 etiam
1485 1430 1600 1512 magis

319 1557 409 1618 quos
432 1557 651 1620 magnopere
675 1537 865 1620 diligimus.
913 1539 967 1601 Tu
990 1547 1097 1621 atque
1121 1538 1190 1620 illi,
1218 1538 1338 1601 iuncto
1370 1557 1449 1601 cum
1478 1538 1599 1600 volun-

318 1652 392 1707 tate
416 1647 512 1707 bona
535 1644 670 1727 optimo
702 1645 808 1708 etiam
832 1644 993 1726 consili0,
1026 1664 1118 1728 quae
1148 1646 1196 1708 ad
1228 1645 1377 1708 salutem
1407 1653 1444 1708 et
1472 1663 1599 1726 pacem

319 1747 533 1815 Germaniae
556 1750 786 1832 pertinebunt
809 1761 846 1815 et
868 1762 991 1816 vestra
1020 1752 1151 1816 virtute
1182 1772 1224 1815 ac
1255 1750 1443 1834 diligentia
1473 1770 1600 1833 procu·

320 1857 445 1922 rabitis
469 1867 506 1921 et
529 1858 632 1921 nobis
655 1859 814 1922 iudicare
838 1879 910 1922 non
933 1861 1167 1941 postponetis.
1214 1859 1296 1921 Dat.
1327 1858 1468 1921 Romae
1496 1856 1599 1920 Deci·

319 1972 505 2044 maquarta
527 1963 665 2047 Aprilis
688 1963 909 2031 MDXXIV.
956 1965 1064 2029 Anno
1087 1966 1213 2048 primo.

857 2250 1065 2264 WWWVWW

924 2508 998 2575 149.

601 2623 762 2704 clemens
789 2624 867 2705 Vll
896 2623 1081 2705 Gardiuali
1109 2624 1307 2726 campagio.

435 2769 596 2841 (mamantis
614 2769 676 2829 vn.
694 2769 783 2843 apuu
801 2771 839 2830 ad
856 2771 995 2846 principer
1012 2786 1063 2845 par
1081 2771 1203 2831 seruet.
1221 2771 1353 2845 scalptae
1370 2769 1417 2829 lul.
1434 2770 1485 2843 17.)

813 2888 868 2957 (14.
888 2890 992 2955 Aprilis
1015 2889 1104 2959 1524.)

408 3031 556 3095 Gratum
592 3030 696 3096 nobis
731 3034 925 3095 admodum
961 3031 1028 3094 fuit
1063 3052 1110 3095 ex
1144 3031 1472 3114 circumspectionis
1515 3040 1601 3093 tuae

317 3138 445 3202 litteris
467 3138 670 3221 intelligere
693 3139 865 3222 postulari
890 3159 913 3202 a
935 3148 972 3202 te
996 3157 1062 3219 per
1085 3158 1146 3202 eos
1171 3137 1357 3220 Principes
1388 3137 1448 3220 qui
1471 3136 1507 3200 in
1530 3137 1599 3200 isto

201 3288 211 3311 .
320 3244 508 3308 Conventa
532 3244 746 3308 Germaniae
770 3245 983 3328 congregati
1007 3253 1088 3309 sunt
1111 3254 1148 3310 et
1171 3265 1320 3327 quorum
1344 3244 1457 3308 virtus
1481 3254 1516 3307 et
1539 3265 1600 3307 no-

319 3352 439 3416 bilitas
462 3352 616 3416 maxime
639 3351 806 3434 publicae
831 3352 936 3415 saluti
960 3351 1099 3416 intenta
1130 3359 1185 3415 est
1212 3362 1250 3414 ut
1278 3355 1322 3414 ad
1354 3351 1601 3415 reformandos

321 3480 438 3523 mores
461 3459 546 3522 cleri
570 3458 784 3523 Germaniae
808 3460 935 3540 aliquis
960 3467 1157 3522 conventus
1181 3458 1377 3540 indicatur,
1407 3457 1444 3521 in
1469 3479 1539 3541 quo
1562 3466 1600 3521 tu

321 3568 455 3629 debeas
478 3566 690 3630 auctoritate
708 3575 744 3628 et
759 3565 838 3628 vice
858 3574 981 3629 nostra
996 3565 1219 3648 praesidere;
1243 3567 1333 3629 haec
1358 3565 1451 3629 enim
1474 3565 1599 3647 petitio

322 3682 359 3736 et
383 3673 525 3735 illorum
558 3671 727 3754 optimam
751 3673 971 3737 voluntatem
1000 3692 1147 3754 prorsus
1175 3672 1279 3736 nobis
1309 3671 1444 3736 indicat
1466 3682 1504 3735 et
1526 3691 1599 3734 rem

320 3780 477 3862 postulat
512 3787 550 3840 ut
585 3778 799 3841 arbitramur
833 3780 1044 3853 salutarem;
1081 3798 1159 3842 cum
1194 3778 1403 3861 praesertim
1437 3781 1484 3842 ad
1519 3799 1598 3842 eum

320 3906 462 3967 quoque
485 3884 590 3948 finem
612 3885 818 3948 instituatur
841 3894 879 3948 ut
895 3884 1174 3949 scismaticorum
1194 3896 1230 3949 et
1246 3906 1358 3970 prave
1374 3885 1600 3949 sentientium

321 3992 463 4057 omnino
488 3991 726 4055 confundatur
748 3991 934 4074 iniquitas:
961 4012 1104 4073 paxque
1125 4002 1162 4055 et
1176 3992 1413 4075 tranquillitas
1432 3992 1481 4075 (id
1504 3992 1601 4073 quod

320 4120 386 4163 nos
409 4098 562 4163 maxime
587 4096 801 4183 expetimus)
825 4098 892 4162 toti
906 4098 1120 4163 Germaniae
1141 4100 1320 4163 reddatur.
1361 4098 1600 4180 Quamobrem

321 4226 400 4270 cum
424 4206 538 4269 omnis
561 4205 724 4269 ordinum
748 4204 1071 4269 ecclesiasticorum
1095 4205 1268 4270 correctio
1291 4205 1363 4269 iam
1376 4204 1515 4288 pridem
1540 4225 1598 4269 no·

319 4313 376 4377 bis
407 4314 623 4394 desyderata
653 4311 713 4394 sit,
746 4324 781 4377 et
817 4311 1003 4395 quominus
1036 4314 1083 4376 ad
1111 4334 1189 4379 eam
1227 4312 1344 4376 statim
1379 4314 1600 4376 tractandam

322 4419 568 4483 devenerimus
595 4420 651 4483 his
681 4420 789 4484 totius
821 4419 1088 4484 christianitatis
1119 4422 1295 4487 bellorum
1325 4429 1361 4484 et
1390 4419 1599 4484 seditionum

320 4526 494 4590 incendiis
522 4526 693 4591 fuerimus
723 4526 900 4610 impediti,
936 4528 1121 4610 aperiente
1155 4528 1249 4591 viam
1284 4525 1388 4590 nobis
1419 4526 1498 4590 Deo
1536 4547 1601 4609 per

321 4633 487 4699 virtutem
512 4644 547 4697 et
571 4637 702 4699 bonam
725 4645 880 4699 mentem
903 4634 1050 4698 istorum
1074 4633 1266 4699 Germanic
1290 4633 1495 4716 Principum
1528 4643 1599 4696 tam

321 4741 568 4823 temporalium
593 4762 697 4824 quam
722 4741 1061 4824 ecclesiasticorum,
1084 4740 1401 4825 Circumspectioni
1423 4751 1507 4803 tuae
1531 4740 1599 4804 dic·

321 4854 396 4910 tum
420 4857 635 4911 conventum
658 4847 864 4912 celebrandi
888 4868 930 4912 ac
954 4848 1203 4913 auctoritatem
1218 4848 1311 4912 illius
1333 4846 1400 4910 tibi
1421 4846 1601 4911 tribuendi
