<?xml version="1.0" encoding="UTF-8"?>
<!DOCTYPE html PUBLIC "-//W3C//DTD XHTML 1.0 Transitional//EN"
    "http://www.w3.org/TR/xhtml1/DTD/xhtml1-transitional.dtd">
<html xmlns="http://www.w3.org/1999/xhtml" xml:lang="en" lang="en">
 <head>
  <title>
</title>
<meta http-equiv="Content-Type" content="text/html;charset=utf-8" />
  <meta name='ocr-system' content='tesseract 3.04.00' />
  <meta name='ocr-capabilities' content='ocr_page ocr_carea ocr_par ocr_line ocrx_word'/>
</head>
<body>
  <div class='ocr_page' id='page_1' title='image "./monumentareform01vatigoog_0567.png"; bbox 0 0 3559 5734; ppageno 0'>
   <div class='ocr_carea' id='block_1_1' title="bbox 695 565 942 627">
    <p class='ocr_par' dir='ltr' id='par_1_1' title="bbox 695 565 942 627">
     <span class='ocr_line' id='line_1_1' title="bbox 695 565 942 627; baseline -0.004 -2"><span class='ocrx_word' id='word_1_1' title='bbox 695 570 844 627; x_wconf 65' lang='grc' dir='ltr'>ο-43539</span> <span class='ocrx_word' id='word_1_2' title='bbox 883 565 942 624; x_wconf 50' lang='lat'>8⁹0</span> 
     </span>
    </p>
   </div>
   <div class='ocr_carea' id='block_1_2' title="bbox 139 714 1463 4972">
    <p class='ocr_par' dir='ltr' id='par_1_2' title="bbox 139 714 1463 4972">
     <span class='ocr_line' id='line_1_2' title="bbox 179 714 1459 798; baseline 0.001 -21"><span class='ocrx_word' id='word_1_3' title='bbox 179 725 282 778; x_wconf 87' lang='lat' dir='ltr'>tenus</span> <span class='ocrx_word' id='word_1_4' title='bbox 307 715 498 796; x_wconf 81' lang='lat' dir='ltr'>diligenter</span> <span class='ocrx_word' id='word_1_5' title='bbox 521 736 585 778; x_wconf 91' lang='lat' dir='ltr'>suo</span> <span class='ocrx_word' id='word_1_6' title='bbox 610 715 730 779; x_wconf 84' lang='lat' dir='ltr'>officio</span> <span class='ocrx_word' id='word_1_7' title='bbox 753 716 897 780; x_wconf 78' lang='lat' dir='ltr'>functus</span> <span class='ocrx_word' id='word_1_8' title='bbox 921 725 992 797; x_wconf 91' lang='lat' dir='ltr'>est,</span> <span class='ocrx_word' id='word_1_9' title='bbox 1026 726 1061 779; x_wconf 93' lang='lat' dir='ltr'>et</span> <span class='ocrx_word' id='word_1_10' title='bbox 1083 736 1170 798; x_wconf 89' lang='lat' dir='ltr'>prae</span> <span class='ocrx_word' id='word_1_11' title='bbox 1195 715 1358 779; x_wconf 88' lang='lat' dir='ltr'>omnibus</span> <span class='ocrx_word' id='word_1_12' title='bbox 1382 714 1459 779; x_wconf 89' lang='lat' dir='ltr'>aliis</span> 
     </span>
     <span class='ocr_line' id='line_1_3' title="bbox 179 821 1458 906; baseline 0.004 -23"><span class='ocrx_word' id='word_1_13' title='bbox 179 821 304 884; x_wconf 91' lang='lat' dir='ltr'>maiori</span> <span class='ocrx_word' id='word_1_14' title='bbox 326 823 439 903; x_wconf 91' lang='lat' dir='ltr'>pollet</span> <span class='ocrx_word' id='word_1_15' title='bbox 462 824 674 886; x_wconf 89' lang='lat' dir='ltr'>auctoritate</span> <span class='ocrx_word' id='word_1_16' title='bbox 698 826 793 905; x_wconf 90' lang='lat' dir='ltr'>apud</span> <span class='ocrx_word' id='word_1_17' title='bbox 818 845 941 887; x_wconf 90' lang='lat' dir='ltr'>omnes</span> <span class='ocrx_word' id='word_1_18' title='bbox 958 823 1160 906; x_wconf 90' lang='lat' dir='ltr'>Principes;</span> <span class='ocrx_word' id='word_1_19' title='bbox 1186 843 1265 886; x_wconf 93' lang='lat' dir='ltr'>cum</span> <span class='ocrx_word' id='word_1_20' title='bbox 1288 825 1355 886; x_wconf 94' lang='lat' dir='ltr'>hoc</span> <span class='ocrx_word' id='word_1_21' title='bbox 1387 843 1458 888; x_wconf 90' lang='lat' dir='ltr'>om·</span> 
     </span>
     <span class='ocr_line' id='line_1_4' title="bbox 179 927 1458 1012; baseline 0.002 -22"><span class='ocrx_word' id='word_1_22' title='bbox 179 927 265 991; x_wconf 88' lang='lat' dir='ltr'>nino</span> <span class='ocrx_word' id='word_1_23' title='bbox 289 938 374 1010; x_wconf 86' lang='lat' dir='ltr'>agat</span> <span class='ocrx_word' id='word_1_24' title='bbox 398 938 519 992; x_wconf 88' lang='lat' dir='ltr'>orator</span> <span class='ocrx_word' id='word_1_25' title='bbox 543 928 579 995; x_wconf 90' lang='lat' dir='ltr'>S.</span> <span class='ocrx_word' id='word_1_26' title='bbox 604 930 644 994; x_wconf 90' lang='lat' dir='ltr'>T.</span> <span class='ocrx_word' id='word_1_27' title='bbox 670 931 804 993; x_wconf 88' lang='lat' dir='ltr'>eteius</span> <span class='ocrx_word' id='word_1_28' title='bbox 833 931 955 994; x_wconf 87' lang='lat' dir='ltr'>audiat</span> <span class='ocrx_word' id='word_1_29' title='bbox 986 931 1136 993; x_wconf 90' lang='lat' dir='ltr'>consilia</span> <span class='ocrx_word' id='word_1_30' title='bbox 1144 952 1152 1004; x_wconf 93' lang='lat'>;</span> <span class='ocrx_word' id='word_1_31' title='bbox 1192 930 1308 1011; x_wconf 87' lang='lat' dir='ltr'>quoad</span> <span class='ocrx_word' id='word_1_32' title='bbox 1340 929 1458 1012; x_wconf 90' lang='lat' dir='ltr'>aliqua</span> 
     </span>
     <span class='ocr_line' id='line_1_5' title="bbox 181 1034 1460 1120; baseline 0.002 -23"><span class='ocrx_word' id='word_1_33' title='bbox 181 1034 284 1115; x_wconf 84' lang='lat' dir='ltr'>(nihil</span> <span class='ocrx_word' id='word_1_34' title='bbox 316 1037 362 1098; x_wconf 89' lang='lat' dir='ltr'>ad</span> <span class='ocrx_word' id='word_1_35' title='bbox 385 1034 491 1098; x_wconf 89' lang='lat' dir='ltr'>fidem</span> <span class='ocrx_word' id='word_1_36' title='bbox 523 1037 750 1120; x_wconf 86' lang='lat' dir='ltr'>pertinentia)</span> <span class='ocrx_word' id='word_1_37' title='bbox 778 1036 888 1100; x_wconf 84' lang='lat' dir='ltr'>satius</span> <span class='ocrx_word' id='word_1_38' title='bbox 913 1048 967 1101; x_wconf 90' lang='lat' dir='ltr'>est</span> <span class='ocrx_word' id='word_1_39' title='bbox 1000 1038 1128 1101; x_wconf 82' lang='lat' dir='ltr'>cedere</span> <span class='ocrx_word' id='word_1_40' title='bbox 1159 1034 1216 1101; x_wconf 88' lang='lat' dir='ltr'>Se.</span> <span class='ocrx_word' id='word_1_41' title='bbox 1254 1036 1323 1119; x_wconf 93' lang='lat' dir='ltr'>Ap.</span> <span class='ocrx_word' id='word_1_42' title='bbox 1354 1056 1460 1118; x_wconf 91' lang='lat' dir='ltr'>quam</span> 
     </span>
     <span class='ocr_line' id='line_1_6' title="bbox 182 1143 1459 1226; baseline 0.003 -22"><span class='ocrx_word' id='word_1_43' title='bbox 182 1143 311 1205; x_wconf 89' lang='lat' dir='ltr'>cadere</span> <span class='ocrx_word' id='word_1_44' title='bbox 335 1144 430 1224; x_wconf 90' lang='lat' dir='ltr'>apud</span> <span class='ocrx_word' id='word_1_45' title='bbox 454 1144 634 1206; x_wconf 73' lang='lat' dir='ltr'>Ecclesiae</span> <span class='ocrx_word' id='word_1_46' title='bbox 658 1143 889 1216; x_wconf 81' lang='lat' dir='ltr'>Germaniae3</span> <span class='ocrx_word' id='word_1_47' title='bbox 923 1164 1004 1207; x_wconf 90' lang='lat' dir='ltr'>nam</span> <span class='ocrx_word' id='word_1_48' title='bbox 1028 1147 1138 1207; x_wconf 91' lang='lat' dir='ltr'>multa</span> <span class='ocrx_word' id='word_1_49' title='bbox 1168 1154 1250 1207; x_wconf 91' lang='lat' dir='ltr'>sunt</span> <span class='ocrx_word' id='word_1_50' title='bbox 1282 1164 1373 1226; x_wconf 87' lang='lat' dir='ltr'>quae</span> <span class='ocrx_word' id='word_1_51' title='bbox 1402 1164 1459 1207; x_wconf 90' lang='lat' dir='ltr'>ne·</span> 
     </span>
     <span class='ocr_line' id='line_1_7' title="bbox 181 1248 1460 1333; baseline 0.001 -21"><span class='ocrx_word' id='word_1_52' title='bbox 181 1249 257 1331; x_wconf 91' lang='lat' dir='ltr'>quit</span> <span class='ocrx_word' id='word_1_53' title='bbox 280 1249 375 1312; x_wconf 88' lang='lat' dir='ltr'>ferre</span> <span class='ocrx_word' id='word_1_54' title='bbox 399 1251 496 1314; x_wconf 87' lang='lat' dir='ltr'>natio</span> <span class='ocrx_word' id='word_1_55' title='bbox 520 1260 653 1330; x_wconf 90' lang='lat' dir='ltr'>nostra,</span> <span class='ocrx_word' id='word_1_56' title='bbox 686 1272 731 1313; x_wconf 85' lang='lat' dir='ltr'>ex</span> <span class='ocrx_word' id='word_1_57' title='bbox 757 1251 885 1333; x_wconf 91' lang='lat' dir='ltr'>quibus</span> <span class='ocrx_word' id='word_1_58' title='bbox 909 1253 1006 1315; x_wconf 92' lang='lat' dir='ltr'>nulla</span> <span class='ocrx_word' id='word_1_59' title='bbox 1030 1251 1169 1315; x_wconf 87' lang='lat' dir='ltr'>accedit</span> <span class='ocrx_word' id='word_1_60' title='bbox 1192 1248 1276 1314; x_wconf 85' lang='lat' dir='ltr'>Sed.</span> <span class='ocrx_word' id='word_1_61' title='bbox 1301 1251 1371 1333; x_wconf 92' lang='lat' dir='ltr'>Ap.</span> <span class='ocrx_word' id='word_1_62' title='bbox 1396 1251 1460 1314; x_wconf 93' lang='lat' dir='ltr'>uti·</span> 
     </span>
     <span class='ocr_line' id='line_1_8' title="bbox 182 1357 1459 1442; baseline 0.002 -24"><span class='ocrx_word' id='word_1_63' title='bbox 182 1357 264 1420; x_wconf 89' lang='lat' dir='ltr'>litas</span> <span class='ocrx_word' id='word_1_64' title='bbox 288 1367 324 1419; x_wconf 89' lang='lat' dir='ltr'>et</span> <span class='ocrx_word' id='word_1_65' title='bbox 355 1368 473 1420; x_wconf 90' lang='lat' dir='ltr'>tamen</span> <span class='ocrx_word' id='word_1_66' title='bbox 498 1357 585 1421; x_wconf 90' lang='lat' dir='ltr'>mire</span> <span class='ocrx_word' id='word_1_67' title='bbox 609 1357 799 1421; x_wconf 84' lang='lat' dir='ltr'>infamatur</span> <span class='ocrx_word' id='word_1_68' title='bbox 823 1379 889 1442; x_wconf 90' lang='lat' dir='ltr'>per</span> <span class='ocrx_word' id='word_1_69' title='bbox 912 1358 1030 1439; x_wconf 87' lang='lat' dir='ltr'>dolos,</span> <span class='ocrx_word' id='word_1_70' title='bbox 1063 1368 1099 1421; x_wconf 90' lang='lat' dir='ltr'>et</span> <span class='ocrx_word' id='word_1_71' title='bbox 1123 1358 1376 1441; x_wconf 86' lang='lat' dir='ltr'>sycophantias</span> <span class='ocrx_word' id='word_1_72' title='bbox 1400 1357 1459 1420; x_wconf 90' lang='lat' dir='ltr'>ali·</span> 
     </span>
     <span class='ocr_line' id='line_1_9' title="bbox 181 1465 1460 1548; baseline 0.001 -21"><span class='ocrx_word' id='word_1_73' title='bbox 181 1485 327 1546; x_wconf 89' lang='lat' dir='ltr'>quorum</span> <span class='ocrx_word' id='word_1_74' title='bbox 345 1465 538 1531; x_wconf 89' lang='lat' dir='ltr'>curialium.</span> <span class='ocrx_word' id='word_1_75' title='bbox 575 1465 661 1547; x_wconf 81' lang='lat' dir='ltr'>Quis</span> <span class='ocrx_word' id='word_1_76' title='bbox 677 1465 770 1528; x_wconf 89' lang='lat' dir='ltr'>enim</span> <span class='ocrx_word' id='word_1_77' title='bbox 788 1468 942 1529; x_wconf 88' lang='lat' dir='ltr'>tolerare</span> <span class='ocrx_word' id='word_1_78' title='bbox 966 1477 1088 1548; x_wconf 91' lang='lat' dir='ltr'>posset</span> <span class='ocrx_word' id='word_1_79' title='bbox 1105 1465 1191 1529; x_wconf 88' lang='lat' dir='ltr'>istas</span> <span class='ocrx_word' id='word_1_80' title='bbox 1205 1465 1460 1529; x_wconf 88' lang='lat' dir='ltr'>beneficiorum</span> 
     </span>
     <span class='ocr_line' id='line_1_10' title="bbox 181 1572 1461 1655; baseline 0.001 -21"><span class='ocrx_word' id='word_1_81' title='bbox 181 1572 472 1652; x_wconf 88' lang='lat' dir='ltr'>nundinationes,</span> <span class='ocrx_word' id='word_1_82' title='bbox 507 1572 708 1655; x_wconf 80' lang='lat' dir='ltr'>ingressae,</span> <span class='ocrx_word' id='word_1_83' title='bbox 733 1591 935 1654; x_wconf 74' lang='lat' dir='ltr'>regressuS,</span> <span class='ocrx_word' id='word_1_84' title='bbox 959 1572 1168 1655; x_wconf 88' lang='lat' dir='ltr'>pensionum</span> <span class='ocrx_word' id='word_1_85' title='bbox 1194 1572 1461 1653; x_wconf 80' lang='lat' dir='ltr'>cumulationes,</span> 
     </span>
     <span class='ocr_line' id='line_1_11' title="bbox 139 1679 1461 1770; baseline 0 -29"><span class='ocrx_word' id='word_1_86' title='bbox 139 1764 143 1770; x_wconf 23' lang='grc' dir='ltr'>Ι</span> <span class='ocrx_word' id='word_1_87' title='bbox 181 1679 292 1742; x_wconf 90' lang='lat' dir='ltr'>litium</span> <span class='ocrx_word' id='word_1_88' title='bbox 303 1679 561 1759; x_wconf 83' lang='lat' dir='ltr'>divexationes,</span> <span class='ocrx_word' id='word_1_89' title='bbox 572 1701 613 1743; x_wconf 87' lang='lat' dir='ltr'>ac</span> <span class='ocrx_word' id='word_1_90' title='bbox 625 1680 719 1743; x_wconf 91' lang='lat' dir='ltr'>mille</span> <span class='ocrx_word' id='word_1_91' title='bbox 728 1681 929 1744; x_wconf 91' lang='lat' dir='ltr'>huiusmodi</span> <span class='ocrx_word' id='word_1_92' title='bbox 942 1701 1007 1762; x_wconf 90' lang='lat' dir='ltr'>per</span> <span class='ocrx_word' id='word_1_93' title='bbox 1016 1701 1071 1744; x_wconf 94' lang='lat' dir='ltr'>me</span> <span class='ocrx_word' id='word_1_94' title='bbox 1085 1701 1153 1743; x_wconf 91' lang='lat' dir='ltr'>non</span> <span class='ocrx_word' id='word_1_95' title='bbox 1168 1681 1277 1744; x_wconf 90' lang='lat' dir='ltr'>semel</span> <span class='ocrx_word' id='word_1_96' title='bbox 1290 1680 1461 1743; x_wconf 86' lang='lat' dir='ltr'>adnotata</span> 
     </span>
     <span class='ocr_line' id='line_1_12' title="bbox 182 1783 1462 1868; baseline 0.002 -20"><span class='ocrx_word' id='word_1_97' title='bbox 182 1808 222 1849; x_wconf 88' lang='lat' dir='ltr'>ac</span> <span class='ocrx_word' id='word_1_98' title='bbox 243 1783 279 1850; x_wconf 88' lang='lat' dir='ltr'>S.</span> <span class='ocrx_word' id='word_1_99' title='bbox 293 1787 333 1851; x_wconf 88' lang='lat' dir='ltr'>T.</span> <span class='ocrx_word' id='word_1_100' title='bbox 353 1796 389 1850; x_wconf 93' lang='lat' dir='ltr'>et</span> <span class='ocrx_word' id='word_1_101' title='bbox 410 1787 748 1868; x_wconf 83' lang='lat' dir='ltr'>praedecessoribus</span> <span class='ocrx_word' id='word_1_102' title='bbox 766 1787 878 1851; x_wconf 91' lang='lat' dir='ltr'>Leoni</span> <span class='ocrx_word' id='word_1_103' title='bbox 892 1789 941 1852; x_wconf 90' lang='lat' dir='ltr'>X.</span> <span class='ocrx_word' id='word_1_104' title='bbox 960 1799 995 1851; x_wconf 90' lang='lat' dir='ltr'>et</span> <span class='ocrx_word' id='word_1_105' title='bbox 1016 1788 1176 1850; x_wconf 88' lang='lat' dir='ltr'>Adriano</span> <span class='ocrx_word' id='word_1_106' title='bbox 1190 1785 1303 1850; x_wconf 86' lang='lat' dir='ltr'>Sexto</span> <span class='ocrx_word' id='word_1_107' title='bbox 1319 1789 1462 1850; x_wconf 83' lang='lat' dir='ltr'>oblata?</span> 
     </span>
     <span class='ocr_line' id='line_1_13' title="bbox 183 1891 1461 1975; baseline -0.001 -19"><span class='ocrx_word' id='word_1_108' title='bbox 183 1892 218 1956; x_wconf 89' lang='lat' dir='ltr'>S.</span> <span class='ocrx_word' id='word_1_109' title='bbox 228 1895 267 1956; x_wconf 90' lang='lat' dir='ltr'>T.</span> <span class='ocrx_word' id='word_1_110' title='bbox 281 1914 360 1956; x_wconf 93' lang='lat' dir='ltr'>cum</span> <span class='ocrx_word' id='word_1_111' title='bbox 373 1891 483 1957; x_wconf 87' lang='lat' dir='ltr'>Sacro</span> <span class='ocrx_word' id='word_1_112' title='bbox 497 1893 736 1958; x_wconf 87' lang='lat' dir='ltr'>Cardinalium</span> <span class='ocrx_word' id='word_1_113' title='bbox 749 1904 853 1958; x_wconf 92' lang='lat' dir='ltr'>coetu</span> <span class='ocrx_word' id='word_1_114' title='bbox 866 1895 1012 1975; x_wconf 82' lang='lat' dir='ltr'>cogitet,</span> <span class='ocrx_word' id='word_1_115' title='bbox 1023 1904 1061 1957; x_wconf 93' lang='lat' dir='ltr'>ut</span> <span class='ocrx_word' id='word_1_116' title='bbox 1074 1916 1144 1957; x_wconf 92' lang='lat' dir='ltr'>non</span> <span class='ocrx_word' id='word_1_117' title='bbox 1158 1896 1271 1958; x_wconf 87' lang='lat' dir='ltr'>solum</span> <span class='ocrx_word' id='word_1_118' title='bbox 1284 1902 1461 1956; x_wconf 90' lang='lat' dir='ltr'>oratorem</span> 
     </span>
     <span class='ocr_line' id='line_1_14' title="bbox 184 1999 1460 2089; baseline -0.001 -27"><span class='ocrx_word' id='word_1_119' title='bbox 184 2000 394 2064; x_wconf 88' lang='lat' dir='ltr'>mittendum</span> <span class='ocrx_word' id='word_1_120' title='bbox 428 2002 659 2089; x_wconf 82' lang='lat' dir='ltr'>elegantiae</span> <span class='ocrx_word' id='word_1_121' title='bbox 684 2010 810 2065; x_wconf 87' lang='lat' dir='ltr'>ornata</span> <span class='ocrx_word' id='word_1_122' title='bbox 833 2001 985 2064; x_wconf 89' lang='lat' dir='ltr'>instruat</span> <span class='ocrx_word' id='word_1_123' title='bbox 1009 2002 1189 2082; x_wconf 88' lang='lat' dir='ltr'>oratione,</span> <span class='ocrx_word' id='word_1_124' title='bbox 1214 2001 1278 2064; x_wconf 88' lang='lat' dir='ltr'>sed</span> <span class='ocrx_word' id='word_1_125' title='bbox 1301 2010 1336 2064; x_wconf 91' lang='lat' dir='ltr'>et</span> <span class='ocrx_word' id='word_1_126' title='bbox 1364 1999 1460 2062; x_wconf 83' lang='lat' dir='ltr'>facto</span> 
     </span>
     <span class='ocr_line' id='line_1_15' title="bbox 183 2107 1461 2190; baseline -0.001 -22"><span class='ocrx_word' id='word_1_127' title='bbox 183 2107 260 2188; x_wconf 88' lang='lat' dir='ltr'>ipso</span> <span class='ocrx_word' id='word_1_128' title='bbox 297 2107 465 2171; x_wconf 86' lang='lat' dir='ltr'>exhibeat</span> <span class='ocrx_word' id='word_1_129' title='bbox 505 2108 564 2171; x_wconf 86' lang='lat' dir='ltr'>vel</span> <span class='ocrx_word' id='word_1_130' title='bbox 599 2108 751 2190; x_wconf 82' lang='lat' dir='ltr'>aliquam</span> <span class='ocrx_word' id='word_1_131' title='bbox 786 2110 911 2174; x_wconf 88' lang='lat' dir='ltr'>saltem</span> <span class='ocrx_word' id='word_1_132' title='bbox 947 2109 1127 2172; x_wconf 89' lang='lat' dir='ltr'>curialium</span> <span class='ocrx_word' id='word_1_133' title='bbox 1163 2107 1461 2171; x_wconf 84' lang='lat' dir='ltr'>reformationem.</span> 
     </span>
     <span class='ocr_line' id='line_1_16' title="bbox 183 2213 1463 2298; baseline -0.001 -22"><span class='ocrx_word' id='word_1_134' title='bbox 183 2214 360 2295; x_wconf 79' lang='lat' dir='ltr'>Quantum</span> <span class='ocrx_word' id='word_1_135' title='bbox 385 2215 476 2278; x_wconf 91' lang='lat' dir='ltr'>enim</span> <span class='ocrx_word' id='word_1_136' title='bbox 502 2215 661 2277; x_wconf 82' lang='lat' dir='ltr'>scandali</span> <span class='ocrx_word' id='word_1_137' title='bbox 686 2216 819 2278; x_wconf 90' lang='lat' dir='ltr'>oriatur</span> <span class='ocrx_word' id='word_1_138' title='bbox 845 2237 889 2277; x_wconf 87' lang='lat' dir='ltr'>ex</span> <span class='ocrx_word' id='word_1_139' title='bbox 921 2237 964 2278; x_wconf 92' lang='lat' dir='ltr'>eo</span> <span class='ocrx_word' id='word_1_140' title='bbox 997 2217 1091 2298; x_wconf 86' lang='lat' dir='ltr'>quod</span> <span class='ocrx_word' id='word_1_141' title='bbox 1125 2213 1208 2279; x_wconf 90' lang='lat' dir='ltr'>Sed.</span> <span class='ocrx_word' id='word_1_142' title='bbox 1235 2215 1305 2297; x_wconf 88' lang='lat' dir='ltr'>Ap.</span> <span class='ocrx_word' id='word_1_143' title='bbox 1329 2213 1463 2295; x_wconf 87' lang='lat' dir='ltr'>patitur</span> 
     </span>
     <span class='ocr_line' id='line_1_17' title="bbox 184 2318 1460 2405; baseline 0 -23"><span class='ocrx_word' id='word_1_144' title='bbox 184 2341 241 2384; x_wconf 92' lang='lat' dir='ltr'>me</span> <span class='ocrx_word' id='word_1_145' title='bbox 265 2321 409 2383; x_wconf 90' lang='lat' dir='ltr'>militem</span> <span class='ocrx_word' id='word_1_146' title='bbox 434 2341 533 2383; x_wconf 91' lang='lat' dir='ltr'>suum</span> <span class='ocrx_word' id='word_1_147' title='bbox 559 2322 720 2384; x_wconf 89' lang='lat' dir='ltr'>omnibus</span> <span class='ocrx_word' id='word_1_148' title='bbox 752 2322 919 2404; x_wconf 86' lang='lat' dir='ltr'>periculis</span> <span class='ocrx_word' id='word_1_149' title='bbox 951 2343 1015 2405; x_wconf 89' lang='lat' dir='ltr'>pro</span> <span class='ocrx_word' id='word_1_150' title='bbox 1045 2324 1180 2385; x_wconf 91' lang='lat' dir='ltr'>honore</span> <span class='ocrx_word' id='word_1_151' title='bbox 1214 2322 1372 2385; x_wconf 89' lang='lat' dir='ltr'>eiusdem</span> <span class='ocrx_word' id='word_1_152' title='bbox 1400 2318 1460 2383; x_wconf 90' lang='lat' dir='ltr'>Se-</span> 
     </span>
     <span class='ocr_line' id='line_1_18' title="bbox 185 2427 1462 2509; baseline -0.001 -19"><span class='ocrx_word' id='word_1_153' title='bbox 185 2429 238 2491; x_wconf 87' lang='lat' dir='ltr'>dis</span> <span class='ocrx_word' id='word_1_154' title='bbox 274 2427 474 2509; x_wconf 85' lang='lat' dir='ltr'>expositum</span> <span class='ocrx_word' id='word_1_155' title='bbox 499 2427 604 2492; x_wconf 90' lang='lat' dir='ltr'>toties</span> <span class='ocrx_word' id='word_1_156' title='bbox 638 2428 789 2491; x_wconf 90' lang='lat' dir='ltr'>inaniter</span> <span class='ocrx_word' id='word_1_157' title='bbox 825 2439 860 2491; x_wconf 92' lang='lat' dir='ltr'>et</span> <span class='ocrx_word' id='word_1_158' title='bbox 893 2429 1136 2493; x_wconf 83' lang='lat' dir='ltr'>fraudulenter</span> <span class='ocrx_word' id='word_1_159' title='bbox 1171 2429 1349 2508; x_wconf 84' lang='lat' dir='ltr'>divexari,</span> <span class='ocrx_word' id='word_1_160' title='bbox 1384 2448 1462 2490; x_wconf 88' lang='lat' dir='ltr'>eum</span> 
     </span>
     <span class='ocr_line' id='line_1_19' title="bbox 184 2519 1463 2618; baseline 0.002 -22"><span class='ocrx_word' id='word_1_161' title='bbox 184 2536 276 2597; x_wconf 86' lang='lat' dir='ltr'>enim</span> <span class='ocrx_word' id='word_1_162' title='bbox 303 2519 375 2616; x_wconf 90' lang='lat' dir='ltr'>per¹</span> <span class='ocrx_word' id='word_1_163' title='bbox 399 2536 558 2616; x_wconf 85' lang='lat' dir='ltr'>regulam</span> <span class='ocrx_word' id='word_1_164' title='bbox 589 2556 687 2598; x_wconf 89' lang='lat' dir='ltr'>suam</span> <span class='ocrx_word' id='word_1_165' title='bbox 725 2537 947 2600; x_wconf 90' lang='lat' dir='ltr'>constituerit</span> <span class='ocrx_word' id='word_1_166' title='bbox 982 2537 1163 2600; x_wconf 88' lang='lat' dir='ltr'>Adrianus</span> <span class='ocrx_word' id='word_1_167' title='bbox 1196 2556 1367 2600; x_wconf 87' lang='lat' dir='ltr'>concessa</span> <span class='ocrx_word' id='word_1_168' title='bbox 1397 2556 1463 2618; x_wconf 88' lang='lat' dir='ltr'>per</span> 
     </span>
     <span class='ocr_line' id='line_1_20' title="bbox 184 2641 1461 2724; baseline 0.002 -21"><span class='ocrx_word' id='word_1_169' title='bbox 184 2642 313 2722; x_wconf 91' lang='lat' dir='ltr'>Julium</span> <span class='ocrx_word' id='word_1_170' title='bbox 345 2641 439 2704; x_wconf 88' lang='lat' dir='ltr'>infra</span> <span class='ocrx_word' id='word_1_171' title='bbox 479 2662 543 2705; x_wconf 87' lang='lat' dir='ltr'>sex</span> <span class='ocrx_word' id='word_1_172' title='bbox 578 2663 717 2705; x_wconf 90' lang='lat' dir='ltr'>menses</span> <span class='ocrx_word' id='word_1_173' title='bbox 748 2644 926 2724; x_wconf 87' lang='lat' dir='ltr'>expediri,</span> <span class='ocrx_word' id='word_1_174' title='bbox 962 2644 1187 2708; x_wconf 88' lang='lat' dir='ltr'>adversarius</span> <span class='ocrx_word' id='word_1_175' title='bbox 1217 2664 1316 2706; x_wconf 88' lang='lat' dir='ltr'>meus</span> <span class='ocrx_word' id='word_1_176' title='bbox 1349 2645 1461 2706; x_wconf 89' lang='lat' dir='ltr'>solum</span> 
     </span>
     <span class='ocr_line' id='line_1_21' title="bbox 183 2741 1462 2833; baseline 0.001 -22"><span class='ocrx_word' id='word_1_177' title='bbox 183 2750 298 2812; x_wconf 90' lang='lat' dir='ltr'>soluta</span> <span class='ocrx_word' id='word_1_178' title='bbox 322 2748 474 2830; x_wconf 90' lang='lat' dir='ltr'>pecunia</span> <span class='ocrx_word' id='word_1_179' title='bbox 496 2750 530 2812; x_wconf 87' lang='lat' dir='ltr'>in</span> <span class='ocrx_word' id='word_1_180' title='bbox 556 2748 682 2813; x_wconf 85' lang='lat' dir='ltr'>officiis</span> <span class='ocrx_word' id='word_1_181' title='bbox 707 2751 855 2832; x_wconf 84' lang='lat' dir='ltr'>expedit</span> <span class='ocrx_word' id='word_1_182' title='bbox 878 2741 1020 2814; x_wconf 75' lang='lat' dir='ltr'>lieteras</span> <span class='ocrx_word' id='word_1_183' title='bbox 1043 2754 1108 2814; x_wconf 92' lang='lat' dir='ltr'>sub</span> <span class='ocrx_word' id='word_1_184' title='bbox 1133 2761 1259 2833; x_wconf 87' lang='lat' dir='ltr'>quarto</span> <span class='ocrx_word' id='word_1_185' title='bbox 1278 2748 1462 2822; x_wconf 91' lang='lat' dir='ltr'>Pontifice‚</span> 
     </span>
     <span class='ocr_line' id='line_1_22' title="bbox 185 2854 1461 2940; baseline 0.002 -23"><span class='ocrx_word' id='word_1_186' title='bbox 185 2865 308 2918; x_wconf 91' lang='lat' dir='ltr'>contra</span> <span class='ocrx_word' id='word_1_187' title='bbox 333 2855 449 2918; x_wconf 89' lang='lat' dir='ltr'>stilum</span> <span class='ocrx_word' id='word_1_188' title='bbox 475 2854 601 2918; x_wconf 87' lang='lat' dir='ltr'>Curiae</span> <span class='ocrx_word' id='word_1_189' title='bbox 626 2857 829 2938; x_wconf 86' lang='lat' dir='ltr'>Romanae,</span> <span class='ocrx_word' id='word_1_190' title='bbox 861 2879 930 2920; x_wconf 90' lang='lat' dir='ltr'>non</span> <span class='ocrx_word' id='word_1_191' title='bbox 964 2860 1077 2921; x_wconf 91' lang='lat' dir='ltr'>solum</span> <span class='ocrx_word' id='word_1_192' title='bbox 1111 2868 1194 2940; x_wconf 89' lang='lat' dir='ltr'>post</span> <span class='ocrx_word' id='word_1_193' title='bbox 1221 2878 1286 2920; x_wconf 85' lang='lat' dir='ltr'>sex</span> <span class='ocrx_word' id='word_1_194' title='bbox 1311 2877 1461 2936; x_wconf 89' lang='lat' dir='ltr'>menses,</span> 
     </span>
     <span class='ocr_line' id='line_1_23' title="bbox 184 2963 1461 3046; baseline 0.001 -22"><span class='ocrx_word' id='word_1_195' title='bbox 184 2964 248 3024; x_wconf 88' lang='lat' dir='ltr'>sed</span> <span class='ocrx_word' id='word_1_196' title='bbox 277 2971 358 3045; x_wconf 93' lang='lat' dir='ltr'>post</span> <span class='ocrx_word' id='word_1_197' title='bbox 381 2972 436 3025; x_wconf 90' lang='lat' dir='ltr'>ter</span> <span class='ocrx_word' id='word_1_198' title='bbox 460 2983 524 3024; x_wconf 82' lang='lat' dir='ltr'>sex</span> <span class='ocrx_word' id='word_1_199' title='bbox 548 2983 697 3026; x_wconf 91' lang='lat' dir='ltr'>menses.</span> <span class='ocrx_word' id='word_1_200' title='bbox 745 2965 789 3027; x_wconf 88' lang='lat' dir='ltr'>Et</span> <span class='ocrx_word' id='word_1_201' title='bbox 813 2964 896 3045; x_wconf 89' lang='lat' dir='ltr'>quia</span> <span class='ocrx_word' id='word_1_202' title='bbox 920 2965 1082 3029; x_wconf 89' lang='lat' dir='ltr'>Ecclesia</span> <span class='ocrx_word' id='word_1_203' title='bbox 1112 2966 1172 3029; x_wconf 89' lang='lat' dir='ltr'>illa</span> <span class='ocrx_word' id='word_1_204' title='bbox 1201 2985 1279 3028; x_wconf 88' lang='lat' dir='ltr'>mea</span> <span class='ocrx_word' id='word_1_205' title='bbox 1302 2963 1461 3046; x_wconf 90' lang='lat' dir='ltr'>parochi-</span> 
     </span>
     <span class='ocr_line' id='line_1_24' title="bbox 185 3069 1461 3155; baseline 0.003 -25"><span class='ocrx_word' id='word_1_206' title='bbox 185 3069 249 3131; x_wconf 90' lang='lat' dir='ltr'>alis</span> <span class='ocrx_word' id='word_1_207' title='bbox 282 3089 387 3150; x_wconf 92' lang='lat' dir='ltr'>quam</span> <span class='ocrx_word' id='word_1_208' title='bbox 411 3070 534 3150; x_wconf 87' lang='lat' dir='ltr'>accepi</span> <span class='ocrx_word' id='word_1_209' title='bbox 559 3090 605 3133; x_wconf 85' lang='lat' dir='ltr'>ex</span> <span class='ocrx_word' id='word_1_210' title='bbox 629 3071 889 3151; x_wconf 89' lang='lat' dir='ltr'>permutatione</span> <span class='ocrx_word' id='word_1_211' title='bbox 914 3093 980 3154; x_wconf 93' lang='lat' dir='ltr'>pro</span> <span class='ocrx_word' id='word_1_212' title='bbox 1005 3073 1224 3136; x_wconf 86' lang='lat' dir='ltr'>Canonicatu</span> <span class='ocrx_word' id='word_1_213' title='bbox 1248 3072 1461 3155; x_wconf 85' lang='lat' dir='ltr'>Augustano</span> 
     </span>
     <span class='ocr_line' id='line_1_25' title="bbox 186 3177 1462 3259; baseline 0.002 -21"><span class='ocrx_word' id='word_1_214' title='bbox 186 3179 301 3257; x_wconf 88' lang='lat' dir='ltr'>(quem</span> <span class='ocrx_word' id='word_1_215' title='bbox 329 3186 405 3238; x_wconf 93' lang='lat' dir='ltr'>tuto</span> <span class='ocrx_word' id='word_1_216' title='bbox 436 3177 621 3257; x_wconf 89' lang='lat' dir='ltr'>possidere</span> <span class='ocrx_word' id='word_1_217' title='bbox 650 3198 720 3239; x_wconf 90' lang='lat' dir='ltr'>non</span> <span class='ocrx_word' id='word_1_218' title='bbox 751 3189 914 3259; x_wconf 89' lang='lat' dir='ltr'>poteram</span> <span class='ocrx_word' id='word_1_219' title='bbox 947 3183 994 3243; x_wconf 90' lang='lat' dir='ltr'>ob</span> <span class='ocrx_word' id='word_1_220' title='bbox 1027 3192 1157 3243; x_wconf 91' lang='lat' dir='ltr'>metum</span> <span class='ocrx_word' id='word_1_221' title='bbox 1186 3180 1462 3258; x_wconf 84' lang='lat' dir='ltr'>lutheranorum)</span> 
     </span>
     <span class='ocr_line' id='line_1_26' title="bbox 184 3268 1461 3366; baseline 0.001 -19"><span class='ocrx_word' id='word_1_222' title='bbox 184 3305 251 3366; x_wconf 88' lang='lat' dir='ltr'>per</span> <span class='ocrx_word' id='word_1_223' title='bbox 273 3284 425 3346; x_wconf 90' lang='lat' dir='ltr'>heresim</span> <span class='ocrx_word' id='word_1_224' title='bbox 451 3286 682 3363; x_wconf 84' lang='lat' dir='ltr'>lutheranam,</span> <span class='ocrx_word' id='word_1_225' title='bbox 708 3296 743 3347; x_wconf 89' lang='lat' dir='ltr'>et</span> <span class='ocrx_word' id='word_1_226' title='bbox 767 3287 889 3349; x_wconf 91' lang='lat' dir='ltr'>cedem</span> <span class='ocrx_word' id='word_1_227' title='bbox 909 3268 1124 3348; x_wconf 85' lang='lat' dir='ltr'>¹rusticorum</span> <span class='ocrx_word' id='word_1_228' title='bbox 1139 3285 1188 3349; x_wconf 93' lang='lat' dir='ltr'>ibi</span> <span class='ocrx_word' id='word_1_229' title='bbox 1204 3286 1345 3366; x_wconf 87' lang='lat' dir='ltr'>factam,</span> <span class='ocrx_word' id='word_1_230' title='bbox 1370 3288 1461 3349; x_wconf 90' lang='lat' dir='ltr'>adeo</span> 
     </span>
     <span class='ocr_line' id='line_1_27' title="bbox 186 3391 1463 3476; baseline 0 -22"><span class='ocrx_word' id='word_1_231' title='bbox 186 3401 241 3454; x_wconf 88' lang='lat' dir='ltr'>est</span> <span class='ocrx_word' id='word_1_232' title='bbox 257 3401 458 3470; x_wconf 86' lang='lat' dir='ltr'>extenuata,</span> <span class='ocrx_word' id='word_1_233' title='bbox 475 3393 570 3472; x_wconf 92' lang='lat' dir='ltr'>quod</span> <span class='ocrx_word' id='word_1_234' title='bbox 586 3391 721 3454; x_wconf 86' lang='lat' dir='ltr'>fructus</span> <span class='ocrx_word' id='word_1_235' title='bbox 735 3392 810 3455; x_wconf 89' lang='lat' dir='ltr'>eius</span> <span class='ocrx_word' id='word_1_236' title='bbox 824 3412 894 3456; x_wconf 92' lang='lat' dir='ltr'>non</span> <span class='ocrx_word' id='word_1_237' title='bbox 912 3395 1021 3455; x_wconf 91' lang='lat' dir='ltr'>solum</span> <span class='ocrx_word' id='word_1_238' title='bbox 1040 3413 1110 3455; x_wconf 91' lang='lat' dir='ltr'>non</span> <span class='ocrx_word' id='word_1_239' title='bbox 1126 3393 1305 3476; x_wconf 84' lang='lat' dir='ltr'>attingunt</span> <span class='ocrx_word' id='word_1_240' title='bbox 1317 3394 1463 3474; x_wconf 91' lang='lat' dir='ltr'>duplum</span> 
     </span>
     <span class='ocr_line' id='line_1_28' title="bbox 185 3498 1461 3582; baseline 0 -21"><span class='ocrx_word' id='word_1_241' title='bbox 185 3498 383 3581; x_wconf 88' lang='lat' dir='ltr'>pensionis,</span> <span class='ocrx_word' id='word_1_242' title='bbox 408 3499 469 3560; x_wconf 89' lang='lat' dir='ltr'>sed</span> <span class='ocrx_word' id='word_1_243' title='bbox 495 3518 561 3560; x_wconf 92' lang='lat' dir='ltr'>nec</span> <span class='ocrx_word' id='word_1_244' title='bbox 585 3498 697 3580; x_wconf 90' lang='lat' dir='ltr'>ipsam</span> <span class='ocrx_word' id='word_1_245' title='bbox 721 3499 940 3580; x_wconf 88' lang='lat' dir='ltr'>pensionem.</span> <span class='ocrx_word' id='word_1_246' title='bbox 987 3499 1180 3582; x_wconf 89' lang='lat' dir='ltr'>Impetravi</span> <span class='ocrx_word' id='word_1_247' title='bbox 1208 3522 1230 3563; x_wconf 92' lang='lat' dir='ltr'>a</span> <span class='ocrx_word' id='word_1_248' title='bbox 1263 3502 1299 3563; x_wconf 80' lang='lat' dir='ltr'>S.</span> <span class='ocrx_word' id='word_1_249' title='bbox 1328 3500 1368 3563; x_wconf 87' lang='lat' dir='ltr'>T.</span> <span class='ocrx_word' id='word_1_250' title='bbox 1413 3499 1461 3561; x_wconf 92' lang='lat' dir='ltr'>iu·</span> 
     </span>
     <span class='ocr_line' id='line_1_29' title="bbox 154 3604 1462 3688; baseline 0 -21"><span class='ocrx_word' id='word_1_251' title='bbox 154 3666 157 3675; x_wconf 87' lang='grc'>,</span> <span class='ocrx_word' id='word_1_252' title='bbox 185 3605 298 3668; x_wconf 91' lang='lat' dir='ltr'>dicem</span> <span class='ocrx_word' id='word_1_253' title='bbox 314 3604 597 3668; x_wconf 85' lang='lat' dir='ltr'>Commissarium</span> <span class='ocrx_word' id='word_1_254' title='bbox 610 3605 789 3668; x_wconf 90' lang='lat' dir='ltr'>Vicarium</span> <span class='ocrx_word' id='word_1_255' title='bbox 813 3605 981 3688; x_wconf 85' lang='lat' dir='ltr'>Episcopi</span> <span class='ocrx_word' id='word_1_256' title='bbox 1006 3606 1218 3688; x_wconf 85' lang='lat' dir='ltr'>Augustani,</span> <span class='ocrx_word' id='word_1_257' title='bbox 1243 3607 1302 3688; x_wconf 92' lang='lat' dir='ltr'>qui</span> <span class='ocrx_word' id='word_1_258' title='bbox 1326 3604 1462 3668; x_wconf 87' lang='lat' dir='ltr'>vicinus</span> 
     </span>
     <span class='ocr_line' id='line_1_30' title="bbox 185 3712 1463 3796; baseline -0.002 -20"><span class='ocrx_word' id='word_1_259' title='bbox 185 3712 311 3776; x_wconf 89' lang='lat' dir='ltr'>melius</span> <span class='ocrx_word' id='word_1_260' title='bbox 335 3712 434 3774; x_wconf 88' lang='lat' dir='ltr'>novit</span> <span class='ocrx_word' id='word_1_261' title='bbox 458 3713 704 3776; x_wconf 87' lang='lat' dir='ltr'>detrimentum</span> <span class='ocrx_word' id='word_1_262' title='bbox 740 3713 923 3776; x_wconf 89' lang='lat' dir='ltr'>Ecclesiae</span> <span class='ocrx_word' id='word_1_263' title='bbox 959 3713 1178 3796; x_wconf 84' lang='lat' dir='ltr'>intelligere,</span> <span class='ocrx_word' id='word_1_264' title='bbox 1203 3724 1240 3776; x_wconf 93' lang='lat' dir='ltr'>ut</span> <span class='ocrx_word' id='word_1_265' title='bbox 1264 3716 1323 3776; x_wconf 91' lang='lat' dir='ltr'>vel</span> <span class='ocrx_word' id='word_1_266' title='bbox 1347 3713 1391 3775; x_wconf 93' lang='lat' dir='ltr'>ad</span> <span class='ocrx_word' id='word_1_267' title='bbox 1416 3712 1463 3774; x_wconf 90' lang='lat' dir='ltr'>iu-</span> 
     </span>
     <span class='ocr_line' id='line_1_31' title="bbox 186 3818 1461 3901; baseline -0.002 -19"><span class='ocrx_word' id='word_1_268' title='bbox 186 3831 275 3882; x_wconf 91' lang='lat' dir='ltr'>stam</span> <span class='ocrx_word' id='word_1_269' title='bbox 300 3819 531 3900; x_wconf 87' lang='lat' dir='ltr'>quantitatem</span> <span class='ocrx_word' id='word_1_270' title='bbox 556 3820 680 3900; x_wconf 89' lang='lat' dir='ltr'>pensio</span> <span class='ocrx_word' id='word_1_271' title='bbox 705 3820 783 3901; x_wconf 89' lang='lat' dir='ltr'>ipsa</span> <span class='ocrx_word' id='word_1_272' title='bbox 806 3821 1045 3883; x_wconf 85' lang='lat' dir='ltr'>reduceretur.</span> <span class='ocrx_word' id='word_1_273' title='bbox 1082 3821 1237 3883; x_wconf 90' lang='lat' dir='ltr'>Dolosus</span> <span class='ocrx_word' id='word_1_274' title='bbox 1261 3830 1378 3883; x_wconf 89' lang='lat' dir='ltr'>autem</span> <span class='ocrx_word' id='word_1_275' title='bbox 1402 3818 1461 3881; x_wconf 92' lang='lat' dir='ltr'>ille</span> 
     </span>
     <span class='ocr_line' id='line_1_32' title="bbox 186 3925 1463 4009; baseline -0.002 -19"><span class='ocrx_word' id='word_1_276' title='bbox 186 3928 325 3990; x_wconf 89' lang='lat' dir='ltr'>vetulus</span> <span class='ocrx_word' id='word_1_277' title='bbox 350 3926 546 3989; x_wconf 90' lang='lat' dir='ltr'>curtisanus</span> <span class='ocrx_word' id='word_1_278' title='bbox 570 3927 755 4006; x_wconf 84' lang='lat' dir='ltr'>fraudibus</span> <span class='ocrx_word' id='word_1_279' title='bbox 779 3937 946 3990; x_wconf 89' lang='lat' dir='ltr'>consutus</span> <span class='ocrx_word' id='word_1_280' title='bbox 969 3927 1136 4009; x_wconf 90' lang='lat' dir='ltr'>impetrat</span> <span class='ocrx_word' id='word_1_281' title='bbox 1160 3948 1180 3989; x_wconf 88' lang='lat' dir='ltr'>a</span> <span class='ocrx_word' id='word_1_282' title='bbox 1204 3925 1240 3989; x_wconf 90' lang='lat' dir='ltr'>S.</span> <span class='ocrx_word' id='word_1_283' title='bbox 1256 3926 1295 3988; x_wconf 89' lang='lat' dir='ltr'>T.</span> <span class='ocrx_word' id='word_1_284' title='bbox 1321 3945 1463 3987; x_wconf 89' lang='lat' dir='ltr'>causam</span> 
     </span>
     <span class='ocr_line' id='line_1_33' title="bbox 186 4032 1462 4115; baseline -0.002 -19"><span class='ocrx_word' id='word_1_285' title='bbox 186 4034 354 4096; x_wconf 87' lang='lat' dir='ltr'>advocari</span> <span class='ocrx_word' id='word_1_286' title='bbox 379 4034 424 4095; x_wconf 88' lang='lat' dir='ltr'>ad</span> <span class='ocrx_word' id='word_1_287' title='bbox 449 4033 602 4110; x_wconf 90' lang='lat' dir='ltr'>Rotam,</span> <span class='ocrx_word' id='word_1_288' title='bbox 636 4042 670 4095; x_wconf 92' lang='lat' dir='ltr'>et</span> <span class='ocrx_word' id='word_1_289' title='bbox 702 4034 738 4095; x_wconf 90' lang='lat' dir='ltr'>in</span> <span class='ocrx_word' id='word_1_290' title='bbox 770 4033 848 4115; x_wconf 88' lang='lat' dir='ltr'>ipsa</span> <span class='ocrx_word' id='word_1_291' title='bbox 881 4033 1140 4114; x_wconf 89' lang='lat' dir='ltr'>supplicatione</span> <span class='ocrx_word' id='word_1_292' title='bbox 1165 4034 1296 4095; x_wconf 87' lang='lat' dir='ltr'>nullam</span> <span class='ocrx_word' id='word_1_293' title='bbox 1320 4032 1462 4095; x_wconf 90' lang='lat' dir='ltr'>omnino</span> 
     </span>
     <span class='ocr_line' id='line_1_34' title="bbox 188 4138 1462 4222; baseline -0.001 -20"><span class='ocrx_word' id='word_1_294' title='bbox 188 4161 329 4203; x_wconf 86' lang='lat' dir='ltr'>causam</span> <span class='ocrx_word' id='word_1_295' title='bbox 356 4141 514 4221; x_wconf 82' lang='lat' dir='ltr'>assignat</span> <span class='ocrx_word' id='word_1_296' title='bbox 538 4141 736 4221; x_wconf 90' lang='lat' dir='ltr'>repellendi</span> <span class='ocrx_word' id='word_1_297' title='bbox 760 4141 911 4203; x_wconf 91' lang='lat' dir='ltr'>iudicem</span> <span class='ocrx_word' id='word_1_298' title='bbox 941 4162 962 4203; x_wconf 90' lang='lat' dir='ltr'>a</span> <span class='ocrx_word' id='word_1_299' title='bbox 995 4138 1051 4205; x_wconf 90' lang='lat' dir='ltr'>Se.</span> <span class='ocrx_word' id='word_1_300' title='bbox 1079 4142 1148 4222; x_wconf 89' lang='lat' dir='ltr'>Ap.</span> <span class='ocrx_word' id='word_1_301' title='bbox 1181 4141 1312 4203; x_wconf 89' lang='lat' dir='ltr'>datum.</span> <span class='ocrx_word' id='word_1_302' title='bbox 1369 4139 1462 4221; x_wconf 82' lang='lat' dir='ltr'>Quid</span> 
     </span>
     <span class='ocr_line' id='line_1_35' title="bbox 186 4246 1462 4330; baseline -0.003 -19"><span class='ocrx_word' id='word_1_303' title='bbox 186 4268 279 4312; x_wconf 92' lang='lat' dir='ltr'>nunc</span> <span class='ocrx_word' id='word_1_304' title='bbox 307 4247 421 4309; x_wconf 88' lang='lat' dir='ltr'>dicam</span> <span class='ocrx_word' id='word_1_305' title='bbox 445 4246 549 4310; x_wconf 87' lang='lat' dir='ltr'>facile</span> <span class='ocrx_word' id='word_1_306' title='bbox 583 4248 750 4330; x_wconf 85' lang='lat' dir='ltr'>intelligit</span> <span class='ocrx_word' id='word_1_307' title='bbox 782 4246 818 4311; x_wconf 91' lang='lat' dir='ltr'>S.</span> <span class='ocrx_word' id='word_1_308' title='bbox 844 4248 883 4311; x_wconf 89' lang='lat' dir='ltr'>T.</span> <span class='ocrx_word' id='word_1_309' title='bbox 913 4268 991 4309; x_wconf 88' lang='lat' dir='ltr'>cum</span> <span class='ocrx_word' id='word_1_310' title='bbox 1027 4247 1223 4310; x_wconf 90' lang='lat' dir='ltr'>Ecclesiam</span> <span class='ocrx_word' id='word_1_311' title='bbox 1254 4248 1462 4309; x_wconf 88' lang='lat' dir='ltr'>decrescere</span> 
     </span>
     <span class='ocr_line' id='line_1_36' title="bbox 186 4352 1462 4436; baseline 0.001 -21"><span class='ocrx_word' id='word_1_312' title='bbox 186 4354 220 4416; x_wconf 91' lang='lat' dir='ltr'>in</span> <span class='ocrx_word' id='word_1_313' title='bbox 246 4352 419 4416; x_wconf 85' lang='lat' dir='ltr'>fructibus</span> <span class='ocrx_word' id='word_1_314' title='bbox 444 4354 488 4416; x_wconf 92' lang='lat' dir='ltr'>sit</span> <span class='ocrx_word' id='word_1_315' title='bbox 512 4353 597 4416; x_wconf 88' lang='lat' dir='ltr'>facti</span> <span class='ocrx_word' id='word_1_316' title='bbox 622 4376 691 4418; x_wconf 88' lang='lat' dir='ltr'>non</span> <span class='ocrx_word' id='word_1_317' title='bbox 723 4355 822 4435; x_wconf 86' lang='lat' dir='ltr'>iuris,</span> <span class='ocrx_word' id='word_1_318' title='bbox 857 4375 901 4417; x_wconf 90' lang='lat' dir='ltr'>an</span> <span class='ocrx_word' id='word_1_319' title='bbox 935 4375 1005 4416; x_wconf 87' lang='lat' dir='ltr'>non</span> <span class='ocrx_word' id='word_1_320' title='bbox 1038 4355 1162 4417; x_wconf 90' lang='lat' dir='ltr'>melius</span> <span class='ocrx_word' id='word_1_321' title='bbox 1191 4354 1365 4436; x_wconf 89' lang='lat' dir='ltr'>potuisset</span> <span class='ocrx_word' id='word_1_322' title='bbox 1394 4355 1462 4416; x_wconf 95' lang='lat' dir='ltr'>hoc</span> 
     </span>
     <span class='ocr_line' id='line_1_37' title="bbox 186 4459 1463 4543; baseline 0.001 -21"><span class='ocrx_word' id='word_1_323' title='bbox 186 4460 405 4522; x_wconf 85' lang='lat' dir='ltr'>intellexisse</span> <span class='ocrx_word' id='word_1_324' title='bbox 429 4460 546 4540; x_wconf 83' lang='lat' dir='ltr'>Judex</span> <span class='ocrx_word' id='word_1_325' title='bbox 578 4462 637 4543; x_wconf 93' lang='lat' dir='ltr'>qui</span> <span class='ocrx_word' id='word_1_326' title='bbox 669 4473 722 4525; x_wconf 89' lang='lat' dir='ltr'>est</span> <span class='ocrx_word' id='word_1_327' title='bbox 751 4462 787 4523; x_wconf 91' lang='lat' dir='ltr'>in</span> <span class='ocrx_word' id='word_1_328' title='bbox 818 4463 913 4540; x_wconf 87' lang='lat' dir='ltr'>loco,</span> <span class='ocrx_word' id='word_1_329' title='bbox 946 4481 1050 4542; x_wconf 91' lang='lat' dir='ltr'>quam</span> <span class='ocrx_word' id='word_1_330' title='bbox 1074 4460 1188 4540; x_wconf 84' lang='lat' dir='ltr'>Judex</span> <span class='ocrx_word' id='word_1_331' title='bbox 1225 4459 1463 4542; x_wconf 87' lang='lat' dir='ltr'>transalpinus</span> 
     </span>
     <span class='ocr_line' id='line_1_38' title="bbox 187 4566 1462 4649; baseline 0 -21"><span class='ocrx_word' id='word_1_332' title='bbox 187 4567 349 4629; x_wconf 82' lang='lat' dir='ltr'>Romae?</span> <span class='ocrx_word' id='word_1_333' title='bbox 395 4568 508 4630; x_wconf 89' lang='lat' dir='ltr'>Porro</span> <span class='ocrx_word' id='word_1_334' title='bbox 529 4569 706 4649; x_wconf 90' lang='lat' dir='ltr'>quomodo</span> <span class='ocrx_word' id='word_1_335' title='bbox 735 4589 804 4631; x_wconf 89' lang='lat' dir='ltr'>non</span> <span class='ocrx_word' id='word_1_336' title='bbox 829 4567 982 4649; x_wconf 88' lang='lat' dir='ltr'>provide</span> <span class='ocrx_word' id='word_1_337' title='bbox 1006 4568 1155 4630; x_wconf 89' lang='lat' dir='ltr'>dederat</span> <span class='ocrx_word' id='word_1_338' title='bbox 1179 4566 1214 4629; x_wconf 88' lang='lat' dir='ltr'>S.</span> <span class='ocrx_word' id='word_1_339' title='bbox 1239 4567 1279 4631; x_wconf 88' lang='lat' dir='ltr'>T.</span> <span class='ocrx_word' id='word_1_340' title='bbox 1303 4567 1462 4647; x_wconf 92' lang='lat' dir='ltr'>Judicem</span> 
     </span>
     <span class='ocr_line' id='line_1_39' title="bbox 186 4673 1463 4756; baseline -0.001 -20"><span class='ocrx_word' id='word_1_341' title='bbox 186 4676 278 4736; x_wconf 89' lang='lat' dir='ltr'>hunc</span> <span class='ocrx_word' id='word_1_342' title='bbox 302 4673 337 4736; x_wconf 91' lang='lat' dir='ltr'>in</span> <span class='ocrx_word' id='word_1_343' title='bbox 361 4694 465 4756; x_wconf 91' lang='lat' dir='ltr'>quem</span> <span class='ocrx_word' id='word_1_344' title='bbox 489 4674 558 4736; x_wconf 89' lang='lat' dir='ltr'>iam</span> <span class='ocrx_word' id='word_1_345' title='bbox 582 4675 657 4738; x_wconf 90' lang='lat' dir='ltr'>sine</span> <span class='ocrx_word' id='word_1_346' title='bbox 682 4674 775 4738; x_wconf 90' lang='lat' dir='ltr'>omni</span> <span class='ocrx_word' id='word_1_347' title='bbox 801 4695 909 4736; x_wconf 86' lang='lat' dir='ltr'>causa</span> <span class='ocrx_word' id='word_1_348' title='bbox 932 4675 977 4735; x_wconf 90' lang='lat' dir='ltr'>ad</span> <span class='ocrx_word' id='word_1_349' title='bbox 992 4673 1122 4736; x_wconf 88' lang='lat' dir='ltr'>nudam</span> <span class='ocrx_word' id='word_1_350' title='bbox 1140 4673 1346 4755; x_wconf 85' lang='lat' dir='ltr'>petitionem</span> <span class='ocrx_word' id='word_1_351' title='bbox 1371 4673 1463 4735; x_wconf 89' lang='lat' dir='ltr'>illius</span> 
     </span>
     <span class='ocr_line' id='line_1_40' title="bbox 190 4780 1462 4862; baseline 0 -18"><span class='ocrx_word' id='word_1_352' title='bbox 190 4780 367 4844; x_wconf 88' lang='lat' dir='ltr'>Curtisani</span> <span class='ocrx_word' id='word_1_353' title='bbox 391 4791 552 4843; x_wconf 88' lang='lat' dir='ltr'>revocat:</span> <span class='ocrx_word' id='word_1_354' title='bbox 585 4801 676 4862; x_wconf 91' lang='lat' dir='ltr'>quae</span> <span class='ocrx_word' id='word_1_355' title='bbox 700 4781 853 4844; x_wconf 86' lang='lat' dir='ltr'>facilitas</span> <span class='ocrx_word' id='word_1_356' title='bbox 878 4792 1046 4862; x_wconf 90' lang='lat' dir='ltr'>quantum</span> <span class='ocrx_word' id='word_1_357' title='bbox 1073 4780 1253 4843; x_wconf 89' lang='lat' dir='ltr'>imminuat</span> <span class='ocrx_word' id='word_1_358' title='bbox 1278 4780 1462 4844; x_wconf 88' lang='lat' dir='ltr'>auctorita·</span> 
     </span>
     <span class='ocr_line' id='line_1_41' title="bbox 186 4886 1463 4972; baseline 0.002 -23"><span class='ocrx_word' id='word_1_359' title='bbox 186 4902 257 4951; x_wconf 90' lang='lat' dir='ltr'>tem</span> <span class='ocrx_word' id='word_1_360' title='bbox 281 4886 362 4955; x_wconf 90' lang='lat' dir='ltr'>Sed.</span> <span class='ocrx_word' id='word_1_361' title='bbox 385 4888 455 4969; x_wconf 93' lang='lat' dir='ltr'>Ap.</span> <span class='ocrx_word' id='word_1_362' title='bbox 487 4907 553 4969; x_wconf 93' lang='lat' dir='ltr'>pro</span> <span class='ocrx_word' id='word_1_363' title='bbox 583 4886 827 4969; x_wconf 88' lang='lat' dir='ltr'>magnitudine</span> <span class='ocrx_word' id='word_1_364' title='bbox 859 4887 1070 4972; x_wconf 88' lang='lat' dir='ltr'>prudentiae</span> <span class='ocrx_word' id='word_1_365' title='bbox 1099 4907 1184 4949; x_wconf 88' lang='lat' dir='ltr'>suae</span> <span class='ocrx_word' id='word_1_366' title='bbox 1217 4887 1251 4953; x_wconf 88' lang='lat' dir='ltr'>S.</span> <span class='ocrx_word' id='word_1_367' title='bbox 1285 4889 1324 4951; x_wconf 91' lang='lat' dir='ltr'>T.</span> <span class='ocrx_word' id='word_1_368' title='bbox 1358 4888 1463 4951; x_wconf 86' lang='lat' dir='ltr'>facile</span> 
     </span>
    </p>
   </div>
   <div class='ocr_carea' id='block_1_3' title="bbox 0 0 1793 5734">
    <p class='ocr_par' dir='ltr' id='par_1_3' title="bbox 0 0 1793 5734">
     <span class='ocr_line' id='line_1_42' title="bbox 0 0 1793 5734; baseline 0 0"><span class='ocrx_word' id='word_1_369' title='bbox 0 0 1793 5734; x_wconf 95' lang='lat' dir='ltr'> </span> 
     </span>
    </p>
   </div>
  </div>
 </body>
</html>
