3559 5734
704 558 932 615 0*illlilirs

177 703 372 767 Concilium
387 703 670 781 Constantiense‚
695 726 765 787 quo
790 715 871 786 post
896 704 957 766 illa
981 713 1132 785 quatuor
1156 723 1285 785 magna
1301 703 1459 767 Concilia

176 811 308 874 nullum
332 811 398 874 fuit
423 832 576 893 unquam
600 813 776 876 salubrius
797 815 903 875 rebus
919 811 1138 874 Christianis.
1172 811 1251 892 Quo
1266 810 1459 874 Germania

176 917 253 999 ipsa
284 918 468 999 perpetuis
500 928 555 982 est
586 922 768 983 celebrata
798 919 1009 1000 praeconiis.
1058 920 1116 981 An
1140 929 1236 981 totus
1260 918 1356 981 orbis
1379 921 1458 980 hac·

176 1035 278 1086 tenus
304 1025 436 1087 erravit
460 1034 495 1087 et
519 1029 615 1089 solus
631 1026 806 1089 Martinus
830 1029 923 1089 bene
948 1025 1147 1088 sensit?'an
1172 1026 1291 1108 potius
1315 1028 1384 1089 hoc
1401 1027 1457 1088 vel

174 1134 288 1194 solum
299 1132 438 1195 facinus
452 1144 681 1215 perpetrasse
695 1134 916 1196 demonstrat
926 1133 1118 1195 Martinam
1134 1154 1212 1196 esse
1228 1133 1322 1195 omni
1339 1136 1457 1196 haere·

174 1239 316 1302 siarcha
330 1239 539 1321 iniquiorem
557 1250 593 1304 et
607 1241 777 1322 peiorem.
812 1240 881 1321 Qui
899 1240 927 1303 si
945 1240 1154 1321 evangelice
1171 1241 1309 1303 viveret
1325 1242 1374 1322 (ut
1390 1240 1458 1302 iac·

174 1347 254 1409 titat
273 1356 308 1408 et
324 1346 512 1432 gloriatur)
525 1369 595 1411 non
611 1358 682 1410 tam
699 1348 805 1412 foede
822 1358 965 1429 tamque
981 1348 1208 1429 impudenter
1225 1348 1269 1410 de
1286 1346 1459 1428 proximis

174 1455 220 1515 de
239 1454 484 1532 Pontificibus,
510 1457 554 1518 de
571 1455 739 1518 Conciliis
761 1458 974 1538 loqueretur,
1000 1475 1116 1536 neque
1133 1475 1239 1516 ausus
1256 1454 1381 1517 fuisset
1400 1475 1458 1516 un·

173 1582 290 1642 quam,
306 1564 373 1624 hoc
387 1562 618 1647 comburendi
632 1564 777 1626 decreta
792 1563 958 1645 exemplo
972 1573 1107 1625 tanturn
1120 1562 1154 1623 in
1170 1573 1244 1625 toto
1259 1565 1345 1624 orbe
1362 1581 1458 1624 scan-

173 1669 295 1730 dalum
307 1668 499 1749 concitare,
515 1681 550 1732 et
562 1671 702 1750 judaeis
719 1674 754 1732 et
767 1669 970 1733 infidelibus
984 1678 1140 1733 nostram
1153 1669 1258 1732 fidem
1273 1669 1459 1732 deridendi

173 1786 210 1837 et
224 1776 389 1857 fugiendi
405 1797 527 1840 ansam
545 1781 730 1858 praebere,
756 1778 784 1840 si
800 1778 901 1840 iuxta
921 1778 1032 1861 ipsius
1057 1779 1226 1860 dogmata
1249 1777 1458 1858 percipiant,

173 1882 372 1946 Ecclesiam
388 1883 623 1947 Christianam
639 1906 706 1967 per
721 1895 774 1947 tot
793 1887 936 1949 saecula
952 1885 987 1948 in
1007 1885 1166 1948 tenebris
1179 1905 1257 1948 esse
1270 1892 1458 1947 versatam.

265 1991 344 2068 Hic,
376 2012 483 2072 quum
508 1991 768 2056 Illustrissimus
792 1994 875 2057 Dux
904 2004 1071 2074 tanquam
1096 1992 1327 2055 rationabiles
1352 2001 1388 2054 et
1411 1991 1458 2053 iu·

172 2097 345 2160 stissimas
370 2098 516 2161 Lutheri
541 2120 667 2162 causas
694 2101 799 2164 nobis
824 2100 995 2164 Coloniae
1027 2100 1233 2183 objiciebat,
1266 2101 1457 2162 Lutherum

171 2208 220 2266 ab
237 2205 349 2267 Echio
374 2214 409 2268 et
431 2205 510 2268 aliis
533 2206 605 2269 suis
630 2207 846 2271 adversariis
868 2207 978 2271 fuisse
993 2209 1040 2271 ad
1056 2209 1145 2271 haec
1164 2207 1361 2271 scribenda
1378 2227 1458 2268 exa·

172 2314 370 2391 cerbatum,
388 2315 608 2394 respondere
625 2323 768 2396 oportet
784 2316 1006 2397 praeclarum
1023 2335 1101 2378 esse
1116 2314 1459 2397 huncEvangelicae

172 2418 270 2482 vitae
298 2429 524 2483 assertorem:
551 2421 590 2501 si,
615 2430 653 2482 ut
678 2421 722 2485 de
747 2422 963 2485 adversariis
986 2422 1058 2485 suis
1084 2422 1275 2485 vindictam
1300 2432 1458 2503 quaerat,

170 2526 282 2589 fidem
306 2527 522 2591 Catholicam
547 2531 779 2610 pessumdare
803 2527 944 2593 nitatur.

265 2634 417 2697 Dicebat
441 2636 546 2698 etiam
571 2636 682 2699 libros
698 2636 843 2699 Lutheri
862 2646 1085 2719 nequaquam
1103 2658 1181 2700 esse
1198 2636 1460 2700 comburendos

170 2740 253 2824 ipso
278 2761 349 2804 non
374 2744 495 2805 audito
520 2745 578 2808 vel
604 2744 906 2826 disputationibus
930 2745 1106 2807 convicto,

264 2847 574 2930 Respondendum
592 2871 670 2913 cum
688 2850 771 2913 divo
787 2850 1008 2933 Hieronymo
1026 2873 1093 2915 non
1112 2854 1361 2934 requirendam
1380 2871 1458 2915 esse

172 2958 252 3018 eius
282 2958 328 3018 ad
359 2960 647 3039 respondendum
678 2958 912 3039 presentiam,
943 2959 1042 3021 cuius
1074 2959 1207 3041 scripta
1237 2959 1273 3022 in
1298 2958 1459 3021 manibus

171 3065 402 3135 haberemus;
429 3064 464 3127 in
489 3064 558 3128 illis
583 3065 675 3129 enirn
694 3065 856 3129 rationes
880 3067 1013 3128 multae
1038 3066 1162 3128 melius
1194 3076 1229 3129 et
1260 3065 1459 3128 accuratius

172 3170 331 3252 scriptae
355 3181 447 3248 sunt,
471 3192 575 3253 quam
599 3172 714 3254 possit
738 3172 816 3253 quis
840 3173 924 3235 viva
948 3193 1037 3236 voce
1061 3172 1207 3235 referre.

264 3278 405 3341 Deinde
430 3281 480 3361 (ut
503 3279 597 3341 idem
622 3279 724 3342 divus
739 3279 980 3362 Hieronymus
1004 3280 1065 3361 ait)
1090 3300 1160 3342 non
1186 3300 1332 3343 necesse
1349 3282 1458 3342 habet

171 3384 338 3449 convinci
361 3387 457 3467 quod
481 3407 545 3448 sua
568 3387 686 3450 statim
710 3387 934 3468 professione
960 3396 1013 3450 est
1037 3389 1293 3469 blasphemum.

265 3491 355 3555 Nam
381 3495 476 3574 quod
506 3493 591 3556 dicit
615 3495 757 3557 omnino
781 3495 898 3577 ipsum
922 3493 1031 3556 fuisse
1056 3495 1284 3576 audiendum,
1309 3494 1459 3577 primum

173 3619 388 3681 quaeramus
412 3620 531 3663 coram
556 3601 683 3683 quibus
704 3600 895 3683 judicibus!
926 3602 1162 3683 theologisne,
1187 3612 1247 3664 ant
1267 3603 1355 3684 juris
1379 3624 1459 3665 con-

173 3704 298 3768 sultis?
323 3706 452 3768 Eorum
478 3707 632 3769 omnium
654 3708 763 3770 libros
781 3718 817 3771 et
832 3709 979 3771 damnat
996 3719 1031 3769 et
1048 3709 1174 3771 adurit..
1201 3709 1458 3791 Philosophos?

174 3813 313 3875 Horum
338 3813 540 3894 Principem
558 3815 786 3877 Aristotelem
811 3815 962 3878 bestiam
987 3815 1071 3878 dicit
1096 3837 1185 3897 esse,
1211 3816 1316 3878 etiam
1340 3815 1374 3878 in
1401 3837 1458 3878 na·

173 3920 350 3982 toralibus
373 3920 564 3984 indoctum.

265 4026 445 4107 Numquid
478 4039 708 4111 expectemus
740 4040 778 4091 ut
806 4033 851 4091 ab
875 4030 1064 4113 Episcopis
1087 4030 1173 4093 velit
1194 4031 1344 4113 judicari
1367 4031 1459 4094 Mar·

174 4134 292 4196 tinus?
321 4134 372 4196 At
395 4135 679 4218 suspectissimos
703 4156 765 4199 eos
788 4139 909 4217 habet,
935 4148 971 4198 ut
996 4157 1144 4218 quorum
1170 4138 1323 4200 omnium
1349 4138 1459 4220 digni·

174 4251 286 4303 tatem
311 4252 346 4303 et
370 4242 616 4305 auctoritatem
640 4264 786 4325 prorsus
810 4243 913 4307 tollit.
953 4245 1041 4307 Nam
1061 4246 1237 4325 Pontifici,
1263 4246 1460 4328 Episcopis,

176 4361 211 4410 et
244 4348 501 4411 Sacerdotibus
534 4351 670 4413 cunctis
703 4351 896 4432 quemlibet
930 4356 988 4415 vel
1021 4352 1299 4417 sordidissimum
1333 4354 1458 4415 laicum

175 4457 362 4535 aequalem
389 4476 612 4537 quacumque
637 4457 849 4522 auctoritate
873 4458 973 4539 facit,
1006 4471 1042 4522 et
1066 4459 1100 4521 in
1126 4458 1335 4541 sanguinem
1367 4460 1459 4542 ipso·

176 4582 252 4623 rum
283 4563 438 4643 populos
470 4564 635 4627 concitat.
682 4565 760 4627 Non
793 4566 841 4628 sic
870 4576 990 4628 autem
1014 4567 1118 4628 divus
1142 4567 1382 4648 Hieronymus
1407 4589 1459 4629 or-

176 4669 296 4731 dinem
327 4668 508 4733 Ecclesiae
542 4671 736 4734 confundit.
785 4672 852 4752 Qui
887 4682 1012 4736 contra
1042 4673 1266 4753 Jovinianum
1301 4675 1460 4737 scribens

176 4776 227 4838 sic
251 4779 415 4859 preclare
440 4777 502 4840 ait:
547 4776 585 4841 Si
610 4779 705 4841 tollis
730 4779 887 4843 ordinem
913 4781 1151 4859 tabernaculi,
1183 4783 1315 4864 templi,
1341 4782 1459 4845 Eccle-

177 4883 265 4962 siae,
291 4885 320 4946 si
344 4904 468 4946 omnes
492 4885 551 4966 qui
581 4908 602 4947 a
631 4886 768 4949 dextris
792 4897 892 4969 sunt,
925 4907 1054 4968 corpus
1078 4908 1184 4950 unum
1209 4902 1244 4953 et
1275 4894 1327 4977 (ut
1350 4893 1460 4973 vulgo
