3559 5734
711 569 958 632 &illd-0

794 865 855 931 221

344 993 553 1075 'saturnis
581 999 617 1074 et
642 995 723 1075 Dux
751 992 1008 1094 Lothnmgiae
1036 990 1208 1071 Clementi
1235 989 1314 1070 tlt.

634 1141 734 1215 (mne
752 1141 871 1214 rrum.
890 1139 942 1199 m
961 1139 1028 1209 ut.)

682 1261 863 1325 14-⁶·J11nii
886 1258 973 1326 1525l

283 1385 457 1448 Solebant
476 1386 610 1467 antiqui
635 1385 684 1448 illi
709 1385 954 1448 Romanorum
979 1384 1227 1465 Imperatores,
1245 1384 1473 1446 =&anctissime

195 1491 312 1572 Pater,
343 1494 461 1574 aliquo
492 1495 678 1574 praeclaro
713 1493 746 1554 in
780 1492 995 1574 Reipublice
1026 1493 1147 1554 hostes
1176 1492 1273 1554 edito
1304 1491 1474 1569 facinore,

195 1597 227 1660 id
263 1600 401 1662 demum
432 1598 467 1662 S.
495 1600 533 1662 P.
560 1600 601 1680 Q.
631 1600 677 1664 R.
710 1599 935 1681 perscribere
967 1609 1005 1661 ut
1040 1601 1148 1661 allato
1178 1600 1222 1662 de
1253 1620 1292 1660 re
1323 1598 1474 1661 feliciter

194 1716 296 1788 gesta
321 1707 460 1785 nunci0,
486 1706 764 1788 supplicationes
789 1705 862 1768 XV
897 1706 1031 1769 dierum
1064 1716 1124 1768 aut
1149 1726 1191 1768 eo
1227 1705 1377 1788 amplius
1408 1704 1475 1767 diis

194 1812 448 1876 immortalibus
471 1816 699 1894 haberentur,
724 1815 780 1876 vel
809 1813 1020 1893 triumphus,
1053 1814 1082 1874 si
1116 1814 1152 1875 id
1185 1813 1236 1876 rei
1266 1812 1474 1894 magnitudo

193 1922 401 2001 postularet,
428 1941 520 1983 novo
538 1920 742 2002 imperatori
760 1921 1021 1983 decerneretur.
1068 1919 1156 1982 Mihi
1180 1941 1265 1982 vero
1299 1922 1367 1983 hoc
1390 1923 1473 1981 tem-

193 2047 280 2108 pore
310 2028 397 2090 nihil
429 2028 617 2090 admodum
653 2029 696 2088 de
733 2026 910 2107 triumpho
946 2025 1143 2103 laboranti,
1167 2026 1279 2088 visum
1311 2036 1365 2088 est
1394 2025 1474 2088 Tibi

194 2134 432 2214 Reipublicae
448 2133 669 2197 Christianae
685 2133 901 2196 moderatori
926 2134 1096 2215 precipuo
1121 2155 1185 2215 per
1209 2135 1346 2197 litteras
1369 2133 1473 2217 signi·

192 2239 300 2303 ficare
325 2243 455 2302 bellum
482 2262 502 2302 a
528 2241 630 2304 nobis
654 2239 708 2303 his
732 2240 904 2322 proximis
935 2240 1061 2302 diebus
1090 2240 1156 2303 Dei
1191 2250 1263 2322 opt.
1293 2261 1384 2303 max.
1415 2261 1474 2302 vo·

194 2348 327 2409 luntate
351 2347 528 2410 foeliciter
554 2346 790 2429 profligatum,
816 2348 982 2428 quodque
1006 2346 1071 2408 tibi
1087 2367 1172 2410 sane
1189 2346 1367 2410 videbitur
1386 2347 1473 2410 eius·

194 2454 287 2516 modi
312 2466 349 2515 ut
374 2474 440 2535 pro
466 2476 508 2516 eo
533 2454 708 2531 confecto,
733 2453 761 2515 si
786 2473 852 2534 per
867 2452 1102 2516 Christianam
1118 2454 1326 2517 modestiam
1343 2455 1475 2534 liceret,

194 2582 263 2623 non
289 2582 380 2623 unus
405 2562 602 2643 triumphus
627 2563 690 2622 sed
707 2563 828 2642 plures
852 2560 984 2622 fuerint
1001 2560 1227 2623 decernendi.
1274 2561 1367 2641 Quia
1390 2582 1476 2623 vero

194 2668 476 2750 supplicationes
500 2669 614 2751 primo
639 2688 780 2749 quoque
804 2667 861 2730 die
880 2668 959 2729 Deo
983 2666 1170 2729 immortali
1195 2666 1264 2728 sint
1289 2669 1475 2731 habendae

194 2774 314 2856 illique
339 2776 501 2856 agendae
526 2775 662 2857 gratiae
688 2775 806 2856 reipsa
829 2777 936 2855 plane
961 2775 1172 2854 percognita
1200 2775 1394 2837 cuiusmodi
1420 2775 1474 2855 sit,

195 2882 334 2944 minime
366 2882 563 2960 dubitabis,
589 2903 692 2962 quam
725 2894 762 2943 ut
791 2883 837 2943 ab
869 2879 968 2942 initio
999 2890 1108 2942 totam
1141 2880 1320 2963 intelligas
1353 2882 1476 2963 paucis

195 2991 311 3071 quoad
336 2990 411 3051 eius
435 2989 511 3051 fieri
536 2990 667 3071 poterit
691 2990 893 3071 explicabo.
943 2989 1056 3050 Ardet
1080 2998 1154 3050 tota
1183 2989 1259 3052 fere
1283 2987 1475 3052 Germania

193 3095 348 3158 factione
373 3097 656 3176 liutheridarum,
681 3117 828 3177 quorum
855 3116 924 3157 non
950 3096 1054 3178 pauci
1083 3116 1200 3158 rerum
1225 3117 1393 3159 novarum
1420 3118 1473 3158 cu·

194 3202 267 3284 pidi
292 3203 555 3284 conspiratione
580 3203 674 3265 facta
700 3201 999 3282 iureiurandoque
1024 3202 1120 3264 inter
1144 3224 1181 3265 se
1200 3203 1415 3284 confirmata,
1442 3206 1474 3267 in

194 3329 281 3390 agro
307 3309 446 3372 Alsatio
471 3330 682 3387 convenere,
707 3311 895 3391 palamque
920 3329 985 3390 per
1012 3329 1230 3390 praeconem
1258 3312 1404 3373 edixere
1438 3333 1475 3374 se

193 3416 228 3479 in
254 3416 371 3479 animo
396 3418 529 3479 habere
555 3416 684 3480 Christi
710 3416 905 3478 doctrinam
937 3417 966 3478 si
992 3417 1058 3478 diis
1082 3421 1199 3497 placet
1225 3417 1473 3498 Evangelicam

194 3526 260 3586 hoc
286 3535 448 3606 tempore
472 3524 635 3587 humanis
660 3522 981 3587 constitutiunculis
998 3526 1205 3603 abrogatam
1222 3525 1384 3587 omnibus
1406 3547 1461 3587 om

194 3632 288 3694 nium
314 3632 474 3694 ordinum
500 3632 701 3694 hominibus
726 3633 986 3694 observandam
1005 3651 1216 3712 proponere,
1242 3631 1475 3714 miseramque

194 3740 414 3820 plebeculam
441 3743 486 3800 ab
511 3739 698 3820 impotenti
723 3738 934 3800 nobiliorum
953 3737 1191 3800 dominatione
1212 3739 1375 3801 liberare.
1424 3740 1474 3801 si-

194 3844 337 3925 quidem
363 3845 546 3926 proposita
571 3867 634 3928 spe
659 3846 812 3908 sordidis
838 3855 874 3907 et
891 3845 1080 3927 egentibus
1096 3846 1295 3908 hominibus
1312 3846 1475 3909 licentiae

195 3951 312 4032 potius
337 3972 441 4032 quam
466 3952 641 4014 libertatis
666 3953 957 4033 consequendae,
995 3962 1067 4013 tum
1092 3972 1177 4014 vero
1203 3954 1307 4015 etiam
1332 3954 1474 4035 inopiae

197 4060 459 4136 sublevandae,
485 4059 570 4121 nihil
596 4060 811 4138 dubitarunt,
837 4061 923 4139 quin
947 4057 1063 4120 statim
1081 4060 1126 4121 ad
1144 4081 1182 4120 se
1199 4080 1330 4142 magna
1347 4061 1473 4122 levium

195 4185 236 4227 ac
272 4165 490 4246 perditorum
525 4167 702 4229 hominum
733 4166 904 4228 colluvies
937 4164 1151 4238 conflueret3
1184 4169 1278 4248 quod
1312 4168 1360 4231 ita
1389 4190 1474 4231 sane

195 4271 333 4335 accidit.
380 4271 539 4352 Namque
564 4274 644 4353 plus
668 4271 781 4335 minus
797 4283 994 4334 tercentum
1012 4273 1107 4335 mille
1122 4274 1302 4337 hominum
1318 4276 1474 4339 eiusdem

194 4378 360 4439 factionis
384 4378 594 4441 convenisse
619 4379 742 4458 audio,
777 4379 836 4459 qui
869 4399 914 4440 ne
949 4381 993 4441 ab
1024 4399 1061 4441 re
1086 4378 1315 4443 frumentaria
1340 4385 1474 4445 labora·

195 4494 290 4564 rent,
326 4485 360 4547 in
407 4495 529 4566 partes
568 4486 704 4567 disjecti
750 4497 913 4547 cunctam
962 4489 1217 4567 propemodum
1264 4487 1475 4552 Germaniae

194 4593 336 4672 plebem
375 4592 420 4653 ad
461 4591 669 4654 seditionem
712 4592 944 4655 concitarunt.
1007 4593 1142 4655 Horum
1171 4606 1288 4658 autem
1321 4596 1475 4677 ipsorum

196 4718 266 4760 non
292 4702 551 4760 contemnenda
575 4720 699 4762 manus
723 4700 757 4761 in
784 4699 1037 4779 Lotharingiae
1062 4700 1150 4763 fines
1174 4701 1342 4780 incubuit,
1378 4704 1474 4785 oppi-

196 4807 309 4867 danos
335 4804 441 4866 nimia
475 4805 641 4868 libertate
671 4806 861 4869 dissolutos
890 4807 1068 4888 nimiaque
1097 4829 1212 4870 rerum
1244 4830 1395 4872 omnium
1420 4831 1474 4874 co·

194 4911 254 4994 pia
279 4909 483 4974 diffluentes
507 4933 572 4994 per
596 4913 797 4975 emissarios
828 4926 864 4976 et
892 4915 1160 4978 concionatores
1186 4918 1230 4979 ad
1263 4918 1474 4981 seditionem
