3559 5734
821 537 1050 594 eosne-0

292 685 394 767 paria
429 688 541 748 verba
579 706 658 749 esse
691 687 788 748 nulla
819 695 970 766 possunt
1002 686 1132 748 nostris
1163 684 1296 748 eisdem
1326 684 1465 747 Nuntiis
1493 694 1575 746 tuae

292 792 471 875 Majestati
488 793 591 871 latius
606 793 822 874 exponenda
835 792 1099 857 commissimus.
1133 794 1327 856 Hortamur
1350 813 1428 855 eam
1451 792 1487 854 in
1505 793 1574 855 Do·

293 899 388 962 mino
421 909 459 962 ut
490 919 568 962 cum
600 899 652 962 eis
682 899 789 961 fidem
814 919 954 962 omnem
977 900 1130 977 habere,
1165 909 1238 963 tum
1262 899 1426 962 insistere
1450 898 1575 960 eadem

293 1006 483 1088 prudentia
519 1018 555 1069 et
589 1006 723 1090 pietate
758 1005 863 1086 velit,
900 1017 939 1070 ut
971 1027 1042 1070 una
1077 1006 1231 1071 omnium
1264 1006 1407 1088 quidem
1438 1004 1469 1068 si
1499 1004 1575 1067 fieri

293 1123 413 1194 potest
431 1116 574 1195 salute,
606 1113 659 1175 sin
690 1133 777 1176 vero
808 1133 914 1195 quam
947 1112 1090 1176 minimo
1123 1134 1200 1176 cum
1234 1114 1446 1176 detrimento
1470 1112 1575 1175 etiam

294 1221 553 1303 improborum,
586 1221 757 1284 inviolata
788 1231 824 1283 et
855 1221 968 1284 libera
999 1222 1034 1284 in
1064 1242 1128 1284 sua
1150 1220 1302 1284 veritate
1326 1231 1362 1283 et
1384 1240 1475 1303 pace
1498 1240 1574 1302 per-

293 1337 436 1391 maneat
449 1338 573 1390 sancta
588 1327 677 1391 fides
694 1328 879 1391 catholica.
906 1330 987 1394 Dat.
1003 1330 1146 1392 Romae
1162 1328 1220 1391 die
1235 1327 1351 1391 XXV
1366 1328 1471 1390 Febr.
1494 1348 1504 1388 1
1512 1347 1571 1404 521

295 1454 389 1497 anno
414 1444 553 1498 octavo.

383 1542 422 1625 (¹)
448 1540 555 1605 Sume
572 1563 670 1605 arma
686 1554 723 1607 et
739 1552 885 1621 scutum,
909 1541 960 1605 fili
978 1542 1193 1623 charissime,
1212 1551 1364 1624 protege
1381 1541 1576 1604 Ecclesiam

197 1676 199 1681 ’
294 1648 425 1711 Christi
449 1649 601 1731 domini,
633 1661 670 1712 ut
694 1650 843 1714 sublatis
867 1650 1008 1713 zizaniis
1031 1651 1246 1713 frumentum
1272 1669 1434 1712 crescere
1458 1650 1578 1711 valeat

294 1766 329 1817 et
354 1755 487 1838 fugatis
510 1757 649 1820 nebulis
673 1757 846 1821 serenitas
871 1756 1074 1839 tranquilla,
1099 1758 1134 1819 in
1159 1757 1228 1820 ista
1251 1767 1314 1820 tua
1336 1757 1471 1838 inclyta
1490 1754 1575 1818 Ger-

294 1863 410 1926 mania
441 1864 660 1937 restituatur;
702 1875 756 1928 est
785 1866 852 1927 hoc
884 1864 1098 1927 christianae
1131 1863 1296 1945 religioni
1327 1862 1577 1940 necessarium,

294 1969 358 2032 tibi
383 1970 625 2053 honorificum,
655 1972 758 2039 nobis
783 1990 869 2053 erga
894 1971 1118 2053 Majestatem
1143 1982 1238 2034 tuam
1262 1991 1418 2034 summae
1442 1969 1576 2050 obliga·

294 2077 400 2139 tionis
424 2080 514 2158 loco,
539 2099 674 2141 summo
698 2099 784 2142 vero
800 2079 879 2143 Deo
904 2080 1056 2142 creatori
1080 2089 1202 2142 nostro
1227 2090 1265 2141 ut
1280 2079 1456 2141 credimus
1471 2098 1576 2160 quam

293 2183 550 2265 gratissimum,
585 2187 680 2268 apud
712 2206 816 2268 quem
837 2187 967 2268 justum
988 2187 1143 2269 judicem
1168 2186 1368 2268 depositum
1392 2185 1457 2248 tibi
1481 2186 1576 2247 illae-

294 2312 369 2354 sum
394 2292 706 2375 multipliciterque
731 2304 872 2356 auctum
897 2293 1107 2357 servabitur.

828 2489 1034 2502 ννννννννήκνωυ»

910 2722 963 2786 27.

630 2839 696 2919 Leo
725 2838 767 2918 X
797 2838 984 2939 princibus
1012 2837 1240 2939 germanicis.

739 2985 839 3056 (Nune.
858 2984 949 3045 sem
967 2984 998 3043 1..
1017 2983 1063 3043 lot
1082 2984 1134 3054 24.)

786 3086 906 3156 (Romae
926 3097 968 3149 25.
988 3084 1078 3153 Febr.)

510 3186 701 3267 Cardinali,
726 3186 917 3268 Episcop0,
942 3182 1104 3264 Nobilii).

385 3312 630 3376 Intelleximus
654 3333 699 3375 ex
714 3311 840 3375 litteris
857 3310 1065 3372 dilectorum
1082 3308 1234 3371 filiorum
1249 3307 1379 3371 Marini
1392 3306 1578 3385 Caracioli,

297 3432 333 3482 et
367 3419 565 3483 Hieronimi
601 3419 774 3482 Aleandri
809 3417 1026 3481 Nunciorum
1062 3415 1291 3496 Nostrorum,
1332 3435 1400 3496 qua
1437 3415 1577 3494 virtute,

295 3526 473 3590 Nobilitas
505 3537 566 3589 tua
598 3525 634 3589 in
668 3546 775 3588 causa
809 3545 879 3588 non
909 3526 1021 3587 solum
1046 3535 1169 3586 nostra
1192 3520 1369 3604 Sedisque
1393 3520 1458 3583 8¹²²
1482 3522 1578 3603 Apo·

296 3634 460 3713 stolicae,
496 3634 559 3697 sed
597 3635 785 3697 universae
817 3635 888 3715 jam
921 3632 1005 3695 fidei
1038 3631 1261 3696 Christianae
1294 3632 1467 3693 adversus
1500 3650 1578 3698 eam

296 3741 429 3805 violare
454 3751 625 3804 conantes
650 3762 688 3804 se
712 3742 874 3825 gesserit,
901 3750 936 3804 et
960 3740 1258 3822 quemadmodum
1282 3759 1380 3800 suam
1395 3736 1578 3819 pietatem,

298 3860 332 3910 et
355 3848 581 3930 prudentiam
606 3857 731 3911 contra
754 3848 892 3930 impios,
918 3857 953 3911 et
977 3847 1171 3909 sediciosos
1185 3844 1347 3907 homines
1361 3864 1427 3926 pro
1443 3843 1579 3906 unitate

298 3955 654 4040 christiani-corporis
670 3954 929 4032 conservanda,
946 3952 1163 4035 opposuerit,
1182 3954 1277 4034 quod
1294 3950 1457 4034 profecto
1476 3942 1579 4013 nobis

298 4065 419 4127 auditu
450 4065 517 4127 luit
550 4063 804 4144 gratissimum,
839 4073 874 4124 et
906 4060 989 4123 licet
1012 4060 1092 4123 huic
1117 4071 1177 4122 tuo
1203 4059 1302 4141 operi
1327 4068 1435 4140 atque
1459 4057 1579 4120 officio

296 4172 422 4252 premii
452 4173 551 4233 locus
583 4171 618 4233 in
650 4173 767 4249 coelo,
800 4179 835 4232 et
866 4170 961 4251 apud
986 4169 1099 4229 Deum
1125 4165 1413 4248 Omnipotentem
1438 4164 1580 4246 dignior

298 4290 333 4341 et
356 4280 466 4361 major
490 4287 716 4360 comparatus
736 4278 790 4357 sit,
815 4286 888 4339 tum
913 4296 978 4337 nos
994 4295 1135 4358 quoque
1151 4273 1289 4355 agimus
1304 4284 1386 4336 tuae
1404 4271 1580 4334 nobilitati

298 4405 446 4467 magnas
469 4387 505 4448 in
533 4363 685 4447 Domino
708 4384 857 4465 gratias,
886 4386 1050 4465 hancque
1074 4382 1249 4445 actionem
1274 4391 1385 4461 tuam,
1417 4379 1578 4461 dignissi-

319 4613 343 4657 ¹l
373 4610 449 4656 Haec
467 4609 604 4672 sequentia
622 4608 720 4671 scripta
740 4615 800 4656 sunt
819 4621 897 4654 manu
916 4606 1024 4670 propria
1044 4606 1191 4656 Pontificis.

317 4686 338 4755 ²)
366 4689 458 4736 Edidit
479 4690 630 4737 Laemmer:
665 4690 783 4736 Monum.
804 4687 882 4734 vatic.
904 4686 950 4740 lol.
972 4697 995 4749 5,
1016 4688 1060 4734 sed
1081 4687 1205 4750 scriptam
1225 4680 1382 4735 existimarit
1402 4684 1508 4732 cuidam
1529 4685 1579 4733 Ca·

370 4768 426 4817 rolo
445 4770 571 4833 episcopo
590 4769 683 4828 nobili,
703 4770 810 4817 omnino
830 4769 922 4829 ignoto
929 4785 935 4824 ;
956 4783 1015 4815 vere
1036 4768 1084 4815 luit
1104 4768 1183 4815 missa
1197 4767 1383 4817 Cardiualibus
1403 4775 1429 4814 et
1448 4766 1506 4814 aliis
1520 4781 1578 4828 ger·

369 4850 479 4897 manicis
498 4849 630 4914 praelatis.

835 4937 1024 4948 mmmm-t
1034 4938 1040 4943 κ
