<?xml version="1.0" encoding="UTF-8"?>
<!DOCTYPE html PUBLIC "-//W3C//DTD XHTML 1.0 Transitional//EN"
    "http://www.w3.org/TR/xhtml1/DTD/xhtml1-transitional.dtd">
<html xmlns="http://www.w3.org/1999/xhtml" xml:lang="en" lang="en">
 <head>
  <title>
</title>
<meta http-equiv="Content-Type" content="text/html;charset=utf-8" />
  <meta name='ocr-system' content='tesseract 3.04.00' />
  <meta name='ocr-capabilities' content='ocr_page ocr_carea ocr_par ocr_line ocrx_word'/>
</head>
<body>
  <div class='ocr_page' id='page_1' title='image "./monumentareform01vatigoog_0524.png"; bbox 0 0 3559 5734; ppageno 0'>
   <div class='ocr_carea' id='block_1_1' title="bbox 545 892 1222 1108">
    <p class='ocr_par' dir='ltr' id='par_1_1' title="bbox 545 892 1222 1108">
     <span class='ocr_line' id='line_1_1' title="bbox 545 892 1222 1108; baseline 0.003 -21"><span class='ocrx_word' id='word_1_1' title='bbox 545 1007 656 1108; x_wconf 77' lang='lat' dir='ltr'>Epist</span> <span class='ocrx_word' id='word_1_2' title='bbox 686 892 926 1088; x_wconf 33' lang='lat' dir='ltr'>Tridentiriii&#39;</span> <span class='ocrx_word' id='word_1_3' title='bbox 946 1007 1117 1088; x_wconf 75' lang='lat' dir='ltr'><strong>Clementi</strong></span> <span class='ocrx_word' id='word_1_4' title='bbox 1144 1008 1222 1089; x_wconf 83' lang='lat' dir='ltr'>VII.</span> 
     </span>
    </p>
   </div>
   <div class='ocr_carea' id='block_1_2' title="bbox 725 1153 1045 1342">
    <p class='ocr_par' dir='ltr' id='par_1_2' title="bbox 725 1153 1045 1342">
     <span class='ocr_line' id='line_1_2' title="bbox 725 1153 1045 1229; baseline 0 -16"><span class='ocrx_word' id='word_1_5' title='bbox 725 1153 1045 1229; x_wconf 58' lang='lat' dir='ltr'>mmmm</span> 
     </span>
     <span class='ocr_line' id='line_1_3' title="bbox 764 1273 1014 1342; baseline -0.012 0"><span class='ocrx_word' id='word_1_6' title='bbox 764 1273 818 1342; x_wconf 73' lang='lat'><strong>(23.</strong></span> <span class='ocrx_word' id='word_1_7' title='bbox 838 1275 904 1339; x_wconf 75' lang='lat' dir='ltr'>Juu</span> <span class='ocrx_word' id='word_1_8' title='bbox 929 1279 1014 1339; x_wconf 69' lang='lat' dir='ltr'>mo</span> 
     </span>
    </p>
   </div>
   <div class='ocr_carea' id='block_1_3' title="bbox 206 1416 1543 4387">
    <p class='ocr_par' dir='ltr' id='par_1_3' title="bbox 206 1416 1543 4387">
     <span class='ocr_line' id='line_1_4' title="bbox 339 1416 1536 1497; baseline 0.004 -24"><span class='ocrx_word' id='word_1_9' title='bbox 339 1416 559 1497; x_wconf 67' lang='lat' dir='ltr'>Quamquam</span> <span class='ocrx_word' id='word_1_10' title='bbox 584 1429 703 1479; x_wconf 87' lang='lat' dir='ltr'>vestra</span> <span class='ocrx_word' id='word_1_11' title='bbox 727 1416 918 1479; x_wconf 90' lang='lat' dir='ltr'>Beatitudo</span> <span class='ocrx_word' id='word_1_12' title='bbox 944 1417 987 1478; x_wconf 89' lang='lat' dir='ltr'>de</span> <span class='ocrx_word' id='word_1_13' title='bbox 1007 1438 1172 1479; x_wconf 88' lang='lat' dir='ltr'>successu</span> <span class='ocrx_word' id='word_1_14' title='bbox 1189 1416 1283 1479; x_wconf 87' lang='lat' dir='ltr'>diete</span> <span class='ocrx_word' id='word_1_15' title='bbox 1299 1417 1536 1497; x_wconf 89' lang='lat' dir='ltr'>provincialis</span> 
     </span>
     <span class='ocr_line' id='line_1_5' title="bbox 253 1523 1533 1606; baseline -0.001 -20"><span class='ocrx_word' id='word_1_16' title='bbox 253 1523 354 1586; x_wconf 89' lang='lat' dir='ltr'>huius</span> <span class='ocrx_word' id='word_1_17' title='bbox 378 1523 564 1586; x_wconf 83' lang='lat' dir='ltr'><strong>comitatus</strong></span> <span class='ocrx_word' id='word_1_18' title='bbox 589 1526 711 1605; x_wconf 90' lang='lat' dir='ltr'>procul</span> <span class='ocrx_word' id='word_1_19' title='bbox 743 1524 851 1586; x_wconf 91' lang='lat' dir='ltr'>dubio</span> <span class='ocrx_word' id='word_1_20' title='bbox 887 1543 953 1606; x_wconf 89' lang='lat' dir='ltr'>per</span> <span class='ocrx_word' id='word_1_21' title='bbox 981 1523 1160 1586; x_wconf 90' lang='lat' dir='ltr'>nunctium</span> <span class='ocrx_word' id='word_1_22' title='bbox 1191 1543 1292 1586; x_wconf 91' lang='lat' dir='ltr'>suum</span> <span class='ocrx_word' id='word_1_23' title='bbox 1315 1526 1411 1605; x_wconf 85' lang='lat' dir='ltr'>apud</span> <span class='ocrx_word' id='word_1_24' title='bbox 1436 1544 1533 1586; x_wconf 87' lang='lat' dir='ltr'>sere-</span> 
     </span>
     <span class='ocr_line' id='line_1_6' title="bbox 253 1629 1535 1712; baseline 0.002 -22"><span class='ocrx_word' id='word_1_25' title='bbox 253 1629 431 1693; x_wconf 90' lang='lat' dir='ltr'>nissimum</span> <span class='ocrx_word' id='word_1_26' title='bbox 456 1629 653 1712; x_wconf 87' lang='lat' dir='ltr'><strong>principem</strong></span> <span class='ocrx_word' id='word_1_27' title='bbox 678 1640 843 1710; x_wconf 86' lang='lat' dir='ltr'>agentem</span> <span class='ocrx_word' id='word_1_28' title='bbox 868 1630 914 1692; x_wconf 91' lang='lat' dir='ltr'>sit</span> <span class='ocrx_word' id='word_1_29' title='bbox 938 1630 1135 1710; x_wconf 85' lang='lat' dir='ltr'>admonita,</span> <span class='ocrx_word' id='word_1_30' title='bbox 1169 1651 1302 1693; x_wconf 91' lang='lat' dir='ltr'>memor</span> <span class='ocrx_word' id='word_1_31' title='bbox 1332 1640 1449 1693; x_wconf 84' lang='lat' dir='ltr'>tamen</span> <span class='ocrx_word' id='word_1_32' title='bbox 1475 1652 1535 1693; x_wconf 89' lang='lat' dir='ltr'>eo-</span> 
     </span>
     <span class='ocr_line' id='line_1_7' title="bbox 252 1735 1535 1819; baseline 0.002 -22"><span class='ocrx_word' id='word_1_33' title='bbox 252 1757 328 1798; x_wconf 90' lang='lat' dir='ltr'>rum</span> <span class='ocrx_word' id='word_1_34' title='bbox 354 1757 422 1818; x_wconf 88' lang='lat' dir='ltr'>que</span> <span class='ocrx_word' id='word_1_35' title='bbox 446 1747 551 1801; x_wconf 85' lang='lat' dir='ltr'>antea</span> <span class='ocrx_word' id='word_1_36' title='bbox 576 1740 621 1799; x_wconf 86' lang='lat' dir='ltr'>de</span> <span class='ocrx_word' id='word_1_37' title='bbox 645 1757 700 1800; x_wconf 90' lang='lat' dir='ltr'>me</span> <span class='ocrx_word' id='word_1_38' title='bbox 724 1736 843 1799; x_wconf 87' lang='lat' dir='ltr'>futura</span> <span class='ocrx_word' id='word_1_39' title='bbox 868 1737 982 1799; x_wconf 89' lang='lat' dir='ltr'>eidem</span> <span class='ocrx_word' id='word_1_40' title='bbox 997 1735 1291 1817; x_wconf 83' lang='lat' dir='ltr'>significaveram,</span> <span class='ocrx_word' id='word_1_41' title='bbox 1315 1738 1438 1819; x_wconf 91' lang='lat' dir='ltr'>putavi</span> <span class='ocrx_word' id='word_1_42' title='bbox 1453 1758 1535 1819; x_wconf 87' lang='lat' dir='ltr'>pre·</span> 
     </span>
     <span class='ocr_line' id='line_1_8' title="bbox 251 1843 1535 1927; baseline 0.002 -22"><span class='ocrx_word' id='word_1_43' title='bbox 251 1854 370 1905; x_wconf 85' lang='lat' dir='ltr'>sentes</span> <span class='ocrx_word' id='word_1_44' title='bbox 394 1865 491 1906; x_wconf 91' lang='lat' dir='ltr'>meas</span> <span class='ocrx_word' id='word_1_45' title='bbox 515 1843 652 1906; x_wconf 81' lang='lat' dir='ltr'>litteras</span> <span class='ocrx_word' id='word_1_46' title='bbox 683 1844 751 1906; x_wconf 91' lang='lat' dir='ltr'>sibi</span> <span class='ocrx_word' id='word_1_47' title='bbox 775 1844 965 1906; x_wconf 88' lang='lat' dir='ltr'>mittendas</span> <span class='ocrx_word' id='word_1_48' title='bbox 991 1864 1069 1906; x_wconf 82' lang='lat' dir='ltr'>esse</span> <span class='ocrx_word' id='word_1_49' title='bbox 1100 1855 1138 1905; x_wconf 91' lang='lat' dir='ltr'>ut</span> <span class='ocrx_word' id='word_1_50' title='bbox 1168 1844 1386 1924; x_wconf 82' lang='lat' dir='ltr'>intelligeret</span> <span class='ocrx_word' id='word_1_51' title='bbox 1416 1845 1535 1927; x_wconf 89' lang='lat' dir='ltr'>ipsum</span> 
     </span>
     <span class='ocr_line' id='line_1_9' title="bbox 252 1950 1533 2033; baseline 0.002 -22"><span class='ocrx_word' id='word_1_52' title='bbox 252 1963 465 2012; x_wconf 90' lang='lat' dir='ltr'>conventum</span> <span class='ocrx_word' id='word_1_53' title='bbox 490 1950 737 2031; x_wconf 86' lang='lat' dir='ltr'>provintialem</span> <span class='ocrx_word' id='word_1_54' title='bbox 763 1959 844 2032; x_wconf 92' lang='lat' dir='ltr'>post</span> <span class='ocrx_word' id='word_1_55' title='bbox 869 1950 1054 2012; x_wconf 90' lang='lat' dir='ltr'>diuturnos</span> <span class='ocrx_word' id='word_1_56' title='bbox 1078 1952 1220 2015; x_wconf 90' lang='lat' dir='ltr'>labores</span> <span class='ocrx_word' id='word_1_57' title='bbox 1245 1963 1280 2013; x_wconf 89' lang='lat' dir='ltr'>et</span> <span class='ocrx_word' id='word_1_58' title='bbox 1305 1952 1396 2014; x_wconf 88' lang='lat' dir='ltr'>inter</span> <span class='ocrx_word' id='word_1_59' title='bbox 1425 1952 1533 2033; x_wconf 91' lang='lat' dir='ltr'>pluri-</span> 
     </span>
     <span class='ocr_line' id='line_1_10' title="bbox 252 2055 1536 2141; baseline 0.002 -22"><span class='ocrx_word' id='word_1_60' title='bbox 252 2078 327 2119; x_wconf 89' lang='lat' dir='ltr'>mas</span> <span class='ocrx_word' id='word_1_61' title='bbox 351 2057 431 2119; x_wconf 91' lang='lat' dir='ltr'>hinc</span> <span class='ocrx_word' id='word_1_62' title='bbox 455 2068 491 2120; x_wconf 90' lang='lat' dir='ltr'>et</span> <span class='ocrx_word' id='word_1_63' title='bbox 514 2058 596 2120; x_wconf 91' lang='lat' dir='ltr'>inde</span> <span class='ocrx_word' id='word_1_64' title='bbox 621 2057 878 2135; x_wconf 85' lang='lat' dir='ltr'>contentiones,</span> <span class='ocrx_word' id='word_1_65' title='bbox 903 2058 1046 2120; x_wconf 88' lang='lat' dir='ltr'>tandem</span> <span class='ocrx_word' id='word_1_66' title='bbox 1071 2055 1176 2120; x_wconf 87' lang='lat' dir='ltr'>finem</span> <span class='ocrx_word' id='word_1_67' title='bbox 1200 2058 1383 2132; x_wconf 86' lang='lat' dir='ltr'>habuisse;</span> <span class='ocrx_word' id='word_1_68' title='bbox 1410 2058 1536 2141; x_wconf 91' lang='lat' dir='ltr'>inquo</span> 
     </span>
     <span class='ocr_line' id='line_1_11' title="bbox 253 2164 1537 2246; baseline 0.002 -20"><span class='ocrx_word' id='word_1_69' title='bbox 253 2185 453 2245; x_wconf 85' lang='lat' dir='ltr'>quanquam</span> <span class='ocrx_word' id='word_1_70' title='bbox 468 2185 601 2227; x_wconf 91' lang='lat' dir='ltr'>summe</span> <span class='ocrx_word' id='word_1_71' title='bbox 614 2164 853 2246; x_wconf 82' lang='lat' dir='ltr'>provinciales</span> <span class='ocrx_word' id='word_1_72' title='bbox 871 2165 1117 2226; x_wconf 86' lang='lat' dir='ltr'>contenderint</span> <span class='ocrx_word' id='word_1_73' title='bbox 1135 2174 1170 2227; x_wconf 89' lang='lat' dir='ltr'>et</span> <span class='ocrx_word' id='word_1_74' title='bbox 1193 2165 1411 2228; x_wconf 85' lang='lat' dir='ltr'>incessanter</span> <span class='ocrx_word' id='word_1_75' title='bbox 1435 2165 1537 2228; x_wconf 81' lang='lat' dir='ltr'>enixi</span> 
     </span>
     <span class='ocr_line' id='line_1_12' title="bbox 254 2269 1536 2352; baseline 0.002 -19"><span class='ocrx_word' id='word_1_76' title='bbox 254 2271 386 2333; x_wconf 88' lang='lat' dir='ltr'>fuerint</span> <span class='ocrx_word' id='word_1_77' title='bbox 411 2291 453 2333; x_wconf 89' lang='lat' dir='ltr'>ea</span> <span class='ocrx_word' id='word_1_78' title='bbox 477 2270 647 2352; x_wconf 89' lang='lat' dir='ltr'>consequi</span> <span class='ocrx_word' id='word_1_79' title='bbox 671 2291 736 2352; x_wconf 92' lang='lat' dir='ltr'>per</span> <span class='ocrx_word' id='word_1_80' title='bbox 761 2290 829 2351; x_wconf 89' lang='lat' dir='ltr'>que</span> <span class='ocrx_word' id='word_1_81' title='bbox 854 2270 1086 2333; x_wconf 88' lang='lat' dir='ltr'>sacerdotalis</span> <span class='ocrx_word' id='word_1_82' title='bbox 1114 2269 1268 2352; x_wconf 81' lang='lat' dir='ltr'>dignitas</span> <span class='ocrx_word' id='word_1_83' title='bbox 1299 2272 1536 2336; x_wconf 86' lang='lat' dir='ltr'>labefactare-</span> 
     </span>
     <span class='ocr_line' id='line_1_13' title="bbox 256 2377 1538 2459; baseline 0.001 -19"><span class='ocrx_word' id='word_1_84' title='bbox 256 2388 313 2440; x_wconf 93' lang='lat' dir='ltr'>tur</span> <span class='ocrx_word' id='word_1_85' title='bbox 337 2387 372 2440; x_wconf 85' lang='lat' dir='ltr'>et</span> <span class='ocrx_word' id='word_1_86' title='bbox 397 2378 539 2441; x_wconf 90' lang='lat' dir='ltr'>omnino</span> <span class='ocrx_word' id='word_1_87' title='bbox 564 2377 841 2459; x_wconf 81' lang='lat' dir='ltr'>opprimeretur,</span> <span class='ocrx_word' id='word_1_88' title='bbox 866 2397 989 2440; x_wconf 90' lang='lat' dir='ltr'>omnes</span> <span class='ocrx_word' id='word_1_89' title='bbox 1013 2387 1131 2441; x_wconf 89' lang='lat' dir='ltr'>tamen</span> <span class='ocrx_word' id='word_1_90' title='bbox 1162 2378 1355 2442; x_wconf 86' lang='lat' dir='ltr'>eorundem</span> <span class='ocrx_word' id='word_1_91' title='bbox 1386 2390 1538 2442; x_wconf 89' lang='lat' dir='ltr'>conatus</span> 
     </span>
     <span class='ocr_line' id='line_1_14' title="bbox 254 2481 1536 2568; baseline 0.002 -22"><span class='ocrx_word' id='word_1_92' title='bbox 254 2495 375 2567; x_wconf 89' lang='lat' dir='ltr'>preter</span> <span class='ocrx_word' id='word_1_93' title='bbox 398 2505 502 2566; x_wconf 91' lang='lat' dir='ltr'>quam</span> <span class='ocrx_word' id='word_1_94' title='bbox 527 2484 562 2547; x_wconf 93' lang='lat' dir='ltr'>in</span> <span class='ocrx_word' id='word_1_95' title='bbox 580 2492 746 2566; x_wconf 90' lang='lat' dir='ltr'>quattuor</span> <span class='ocrx_word' id='word_1_96' title='bbox 769 2481 927 2546; x_wconf 90' lang='lat' dir='ltr'>articulis</span> <span class='ocrx_word' id='word_1_97' title='bbox 943 2484 1032 2547; x_wconf 87' lang='lat' dir='ltr'>irriti</span> <span class='ocrx_word' id='word_1_98' title='bbox 1056 2483 1142 2546; x_wconf 90' lang='lat' dir='ltr'>facti</span> <span class='ocrx_word' id='word_1_99' title='bbox 1167 2495 1262 2557; x_wconf 91' lang='lat' dir='ltr'>sunt;</span> <span class='ocrx_word' id='word_1_100' title='bbox 1290 2505 1437 2566; x_wconf 90' lang='lat' dir='ltr'>quorum</span> <span class='ocrx_word' id='word_1_101' title='bbox 1461 2487 1536 2568; x_wconf 91' lang='lat' dir='ltr'>qui·</span> 
     </span>
     <span class='ocr_line' id='line_1_15' title="bbox 255 2589 1536 2674; baseline 0.002 -20"><span class='ocrx_word' id='word_1_102' title='bbox 255 2594 335 2656; x_wconf 89' lang='lat' dir='ltr'>dem</span> <span class='ocrx_word' id='word_1_103' title='bbox 360 2592 543 2655; x_wconf 89' lang='lat' dir='ltr'>concessio</span> <span class='ocrx_word' id='word_1_104' title='bbox 567 2591 707 2655; x_wconf 88' lang='lat' dir='ltr'>tametsi</span> <span class='ocrx_word' id='word_1_105' title='bbox 732 2589 864 2653; x_wconf 85' lang='lat' dir='ltr'>Sedem</span> <span class='ocrx_word' id='word_1_106' title='bbox 889 2593 1134 2672; x_wconf 86' lang='lat' dir='ltr'>Apostolicam</span> <span class='ocrx_word' id='word_1_107' title='bbox 1158 2612 1310 2674; x_wconf 88' lang='lat' dir='ltr'>gravare</span> <span class='ocrx_word' id='word_1_108' title='bbox 1335 2601 1370 2653; x_wconf 90' lang='lat' dir='ltr'>et</span> <span class='ocrx_word' id='word_1_109' title='bbox 1394 2593 1536 2656; x_wconf 87' lang='lat' dir='ltr'>liberta·</span> 
     </span>
     <span class='ocr_line' id='line_1_16' title="bbox 255 2699 1538 2781; baseline 0.001 -20"><span class='ocrx_word' id='word_1_110' title='bbox 255 2710 325 2763; x_wconf 89' lang='lat' dir='ltr'>tem</span> <span class='ocrx_word' id='word_1_111' title='bbox 362 2700 639 2763; x_wconf 89' lang='lat' dir='ltr'>ecclesiasticam</span> <span class='ocrx_word' id='word_1_112' title='bbox 676 2699 834 2761; x_wconf 90' lang='lat' dir='ltr'>nonnihil</span> <span class='ocrx_word' id='word_1_113' title='bbox 872 2699 1095 2781; x_wconf 87' lang='lat' dir='ltr'>supprimere</span> <span class='ocrx_word' id='word_1_114' title='bbox 1128 2700 1305 2779; x_wconf 82' lang='lat' dir='ltr'>videatur,</span> <span class='ocrx_word' id='word_1_115' title='bbox 1337 2699 1538 2780; x_wconf 88' lang='lat' dir='ltr'>putaverim</span> 
     </span>
     <span class='ocr_line' id='line_1_17' title="bbox 255 2805 1540 2888; baseline -0.001 -19"><span class='ocrx_word' id='word_1_116' title='bbox 255 2806 290 2869; x_wconf 89' lang='lat' dir='ltr'>in</span> <span class='ocrx_word' id='word_1_117' title='bbox 316 2805 586 2869; x_wconf 87' lang='lat' dir='ltr'>Serenissimum</span> <span class='ocrx_word' id='word_1_118' title='bbox 602 2806 804 2888; x_wconf 89' lang='lat' dir='ltr'>Principem</span> <span class='ocrx_word' id='word_1_119' title='bbox 822 2827 865 2869; x_wconf 91' lang='lat' dir='ltr'>eo</span> <span class='ocrx_word' id='word_1_120' title='bbox 882 2806 1030 2869; x_wconf 91' lang='lat' dir='ltr'>consilio</span> <span class='ocrx_word' id='word_1_121' title='bbox 1056 2816 1090 2869; x_wconf 93' lang='lat' dir='ltr'>et</span> <span class='ocrx_word' id='word_1_122' title='bbox 1115 2806 1312 2870; x_wconf 86' lang='lat' dir='ltr'>intentione</span> <span class='ocrx_word' id='word_1_123' title='bbox 1337 2807 1540 2870; x_wconf 89' lang='lat' dir='ltr'>huiusmodi</span> 
     </span>
     <span class='ocr_line' id='line_1_18' title="bbox 256 2913 1538 2997; baseline -0.001 -21"><span class='ocrx_word' id='word_1_124' title='bbox 256 2916 474 2977; x_wconf 88' lang='lat' dir='ltr'>concessisse</span> <span class='ocrx_word' id='word_1_125' title='bbox 498 2915 593 2996; x_wconf 92' lang='lat' dir='ltr'>quod</span> <span class='ocrx_word' id='word_1_126' title='bbox 619 2914 809 2995; x_wconf 87' lang='lat' dir='ltr'>aliquando</span> <span class='ocrx_word' id='word_1_127' title='bbox 833 2913 988 2976; x_wconf 86' lang='lat' dir='ltr'>futurum</span> <span class='ocrx_word' id='word_1_128' title='bbox 1006 2924 1125 2995; x_wconf 91' lang='lat' dir='ltr'>speret</span> <span class='ocrx_word' id='word_1_129' title='bbox 1142 2918 1266 2977; x_wconf 88' lang='lat' dir='ltr'>eadem</span> <span class='ocrx_word' id='word_1_130' title='bbox 1281 2915 1358 2977; x_wconf 91' lang='lat' dir='ltr'>tolli</span> <span class='ocrx_word' id='word_1_131' title='bbox 1375 2936 1481 2997; x_wconf 89' lang='lat' dir='ltr'>posse</span> <span class='ocrx_word' id='word_1_132' title='bbox 1499 2929 1538 2976; x_wconf 86' lang='lat' dir='ltr'>et</span> 
     </span>
     <span class='ocr_line' id='line_1_19' title="bbox 260 3020 1540 3103; baseline 0 -20"><span class='ocrx_word' id='word_1_133' title='bbox 260 3042 317 3084; x_wconf 93' lang='lat' dir='ltr'>res</span> <span class='ocrx_word' id='word_1_134' title='bbox 342 3025 386 3084; x_wconf 87' lang='lat' dir='ltr'>ad</span> <span class='ocrx_word' id='word_1_135' title='bbox 411 3022 608 3103; x_wconf 90' lang='lat' dir='ltr'>primevum</span> <span class='ocrx_word' id='word_1_136' title='bbox 633 3030 772 3100; x_wconf 81' lang='lat' dir='ltr'>statum,</span> <span class='ocrx_word' id='word_1_137' title='bbox 796 3020 1009 3083; x_wconf 88' lang='lat' dir='ltr'>auctoritate</span> <span class='ocrx_word' id='word_1_138' title='bbox 1032 3020 1181 3083; x_wconf 90' lang='lat' dir='ltr'>consilio</span> <span class='ocrx_word' id='word_1_139' title='bbox 1206 3022 1394 3102; x_wconf 90' lang='lat' dir='ltr'>studioque</span> <span class='ocrx_word' id='word_1_140' title='bbox 1420 3031 1540 3084; x_wconf 87' lang='lat' dir='ltr'>vestre</span> 
     </span>
     <span class='ocr_line' id='line_1_20' title="bbox 257 3127 1540 3208; baseline -0.002 -15"><span class='ocrx_word' id='word_1_141' title='bbox 257 3129 454 3193; x_wconf 85' lang='lat' dir='ltr'>sanctitatis</span> <span class='ocrx_word' id='word_1_142' title='bbox 478 3129 684 3207; x_wconf 76' lang='lat' dir='ltr'>accedente,</span> <span class='ocrx_word' id='word_1_143' title='bbox 709 3127 925 3208; x_wconf 89' lang='lat' dir='ltr'>redigendas</span> <span class='ocrx_word' id='word_1_144' title='bbox 950 3149 1037 3190; x_wconf 88' lang='lat' dir='ltr'>esse.</span> <span class='ocrx_word' id='word_1_145' title='bbox 1086 3128 1219 3190; x_wconf 90' lang='lat' dir='ltr'>Verum</span> <span class='ocrx_word' id='word_1_146' title='bbox 1247 3129 1410 3191; x_wconf 87' lang='lat' dir='ltr'>nunctius</span> <span class='ocrx_word' id='word_1_147' title='bbox 1439 3148 1540 3191; x_wconf 89' lang='lat' dir='ltr'>meus</span> 
     </span>
     <span class='ocr_line' id='line_1_21' title="bbox 206 3233 1539 3317; baseline -0.002 -18"><span class='ocrx_word' id='word_1_148' title='bbox 206 3243 210 3250; x_wconf 81' lang='grc'>’</span> <span class='ocrx_word' id='word_1_149' title='bbox 258 3257 362 3317; x_wconf 87' lang='lat' dir='ltr'>quem</span> <span class='ocrx_word' id='word_1_150' title='bbox 387 3257 465 3299; x_wconf 91' lang='lat' dir='ltr'>meo</span> <span class='ocrx_word' id='word_1_151' title='bbox 491 3235 632 3298; x_wconf 89' lang='lat' dir='ltr'>nomine</span> <span class='ocrx_word' id='word_1_152' title='bbox 657 3235 692 3297; x_wconf 93' lang='lat' dir='ltr'>in</span> <span class='ocrx_word' id='word_1_153' title='bbox 726 3233 822 3297; x_wconf 89' lang='lat' dir='ltr'>dieta</span> <span class='ocrx_word' id='word_1_154' title='bbox 850 3235 958 3297; x_wconf 91' lang='lat' dir='ltr'>habui</span> <span class='ocrx_word' id='word_1_155' title='bbox 987 3245 1092 3297; x_wconf 88' lang='lat' dir='ltr'>antea</span> <span class='ocrx_word' id='word_1_156' title='bbox 1123 3256 1168 3297; x_wconf 86' lang='lat' dir='ltr'>ex</span> <span class='ocrx_word' id='word_1_157' title='bbox 1197 3256 1253 3297; x_wconf 91' lang='lat' dir='ltr'>me</span> <span class='ocrx_word' id='word_1_158' title='bbox 1288 3235 1451 3310; x_wconf 88' lang='lat' dir='ltr'>monitus,</span> <span class='ocrx_word' id='word_1_159' title='bbox 1476 3236 1539 3297; x_wconf 91' lang='lat' dir='ltr'>ubi</span> 
     </span>
     <span class='ocr_line' id='line_1_22' title="bbox 257 3341 1538 3424; baseline -0.002 -19"><span class='ocrx_word' id='word_1_160' title='bbox 257 3345 323 3406; x_wconf 89' lang='lat' dir='ltr'>hec</span> <span class='ocrx_word' id='word_1_161' title='bbox 347 3353 513 3424; x_wconf 88' lang='lat' dir='ltr'>quattuor</span> <span class='ocrx_word' id='word_1_162' title='bbox 537 3342 681 3405; x_wconf 90' lang='lat' dir='ltr'>rescivit</span> <span class='ocrx_word' id='word_1_163' title='bbox 711 3343 829 3423; x_wconf 86' lang='lat' dir='ltr'>palam</span> <span class='ocrx_word' id='word_1_164' title='bbox 861 3352 1049 3405; x_wconf 88' lang='lat' dir='ltr'>attestatus</span> <span class='ocrx_word' id='word_1_165' title='bbox 1074 3352 1149 3420; x_wconf 87' lang='lat' dir='ltr'>est,</span> <span class='ocrx_word' id='word_1_166' title='bbox 1183 3341 1351 3404; x_wconf 88' lang='lat' dir='ltr'>adhibitis</span> <span class='ocrx_word' id='word_1_167' title='bbox 1376 3342 1538 3420; x_wconf 89' lang='lat' dir='ltr'>testibus,</span> 
     </span>
     <span class='ocr_line' id='line_1_23' title="bbox 257 3447 1537 3530; baseline -0.002 -17"><span class='ocrx_word' id='word_1_168' title='bbox 257 3471 335 3513; x_wconf 89' lang='lat' dir='ltr'>sese</span> <span class='ocrx_word' id='word_1_169' title='bbox 359 3470 437 3512; x_wconf 89' lang='lat' dir='ltr'>meo</span> <span class='ocrx_word' id='word_1_170' title='bbox 463 3450 604 3512; x_wconf 88' lang='lat' dir='ltr'>nomine</span> <span class='ocrx_word' id='word_1_171' title='bbox 632 3448 717 3511; x_wconf 89' lang='lat' dir='ltr'>nihil</span> <span class='ocrx_word' id='word_1_172' title='bbox 742 3459 930 3530; x_wconf 88' lang='lat' dir='ltr'>acceptare</span> <span class='ocrx_word' id='word_1_173' title='bbox 955 3449 1049 3530; x_wconf 90' lang='lat' dir='ltr'>quod</span> <span class='ocrx_word' id='word_1_174' title='bbox 1075 3447 1160 3510; x_wconf 84' lang='lat' dir='ltr'>Sedi</span> <span class='ocrx_word' id='word_1_175' title='bbox 1186 3449 1394 3530; x_wconf 91' lang='lat' dir='ltr'>Apostolice</span> <span class='ocrx_word' id='word_1_176' title='bbox 1420 3449 1464 3511; x_wconf 90' lang='lat' dir='ltr'>sit</span> <span class='ocrx_word' id='word_1_177' title='bbox 1489 3450 1537 3510; x_wconf 92' lang='lat' dir='ltr'>in-</span> 
     </span>
     <span class='ocr_line' id='line_1_24' title="bbox 259 3555 1540 3636; baseline -0.001 -17"><span class='ocrx_word' id='word_1_178' title='bbox 259 3558 391 3619; x_wconf 89' lang='lat' dir='ltr'>decens</span> <span class='ocrx_word' id='word_1_179' title='bbox 420 3567 455 3618; x_wconf 91' lang='lat' dir='ltr'>et</span> <span class='ocrx_word' id='word_1_180' title='bbox 486 3555 640 3618; x_wconf 88' lang='lat' dir='ltr'>libertati</span> <span class='ocrx_word' id='word_1_181' title='bbox 674 3555 915 3618; x_wconf 88' lang='lat' dir='ltr'>ecclesiastice</span> <span class='ocrx_word' id='word_1_182' title='bbox 949 3555 1180 3633; x_wconf 82' lang='lat' dir='ltr'>contrarium,</span> <span class='ocrx_word' id='word_1_183' title='bbox 1205 3556 1250 3617; x_wconf 89' lang='lat' dir='ltr'>de</span> <span class='ocrx_word' id='word_1_184' title='bbox 1282 3575 1352 3636; x_wconf 92' lang='lat' dir='ltr'>quo</span> <span class='ocrx_word' id='word_1_185' title='bbox 1384 3567 1540 3618; x_wconf 90' lang='lat' dir='ltr'>vestram</span> 
     </span>
     <span class='ocr_line' id='line_1_25' title="bbox 259 3662 1540 3744; baseline -0.002 -18"><span class='ocrx_word' id='word_1_186' title='bbox 259 3665 483 3727; x_wconf 88' lang='lat' dir='ltr'>sanctitatem</span> <span class='ocrx_word' id='word_1_187' title='bbox 508 3663 768 3725; x_wconf 87' lang='lat' dir='ltr'>admonendam</span> <span class='ocrx_word' id='word_1_188' title='bbox 793 3683 871 3725; x_wconf 89' lang='lat' dir='ltr'>esse</span> <span class='ocrx_word' id='word_1_189' title='bbox 895 3662 1028 3744; x_wconf 83' lang='lat' dir='ltr'>putavi,</span> <span class='ocrx_word' id='word_1_190' title='bbox 1062 3671 1099 3723; x_wconf 93' lang='lat' dir='ltr'>ut</span> <span class='ocrx_word' id='word_1_191' title='bbox 1124 3681 1230 3743; x_wconf 92' lang='lat' dir='ltr'>quum</span> <span class='ocrx_word' id='word_1_192' title='bbox 1258 3674 1365 3725; x_wconf 88' lang='lat' dir='ltr'>antea</span> <span class='ocrx_word' id='word_1_193' title='bbox 1393 3662 1540 3743; x_wconf 90' lang='lat' dir='ltr'>scripse-</span> 
     </span>
     <span class='ocr_line' id='line_1_26' title="bbox 259 3768 1540 3852; baseline -0.002 -18"><span class='ocrx_word' id='word_1_194' title='bbox 259 3772 325 3834; x_wconf 91' lang='lat' dir='ltr'>rim</span> <span class='ocrx_word' id='word_1_195' title='bbox 350 3791 405 3833; x_wconf 92' lang='lat' dir='ltr'>me</span> <span class='ocrx_word' id='word_1_196' title='bbox 420 3770 517 3849; x_wconf 91' lang='lat' dir='ltr'>nihil,</span> <span class='ocrx_word' id='word_1_197' title='bbox 543 3778 710 3852; x_wconf 90' lang='lat' dir='ltr'>quantum</span> <span class='ocrx_word' id='word_1_198' title='bbox 735 3768 769 3830; x_wconf 91' lang='lat' dir='ltr'>in</span> <span class='ocrx_word' id='word_1_199' title='bbox 795 3790 850 3832; x_wconf 90' lang='lat' dir='ltr'>me</span> <span class='ocrx_word' id='word_1_200' title='bbox 879 3782 966 3846; x_wconf 90' lang='lat' dir='ltr'>erat,</span> <span class='ocrx_word' id='word_1_201' title='bbox 995 3778 1261 3849; x_wconf 87' lang='lat' dir='ltr'>acceptaturum</span> <span class='ocrx_word' id='word_1_202' title='bbox 1295 3770 1390 3851; x_wconf 93' lang='lat' dir='ltr'>quod</span> <span class='ocrx_word' id='word_1_203' title='bbox 1416 3771 1540 3831; x_wconf 88' lang='lat' dir='ltr'>durum</span> 
     </span>
     <span class='ocr_line' id='line_1_27' title="bbox 263 3875 1543 3960; baseline -0.002 -20"><span class='ocrx_word' id='word_1_204' title='bbox 263 3878 467 3960; x_wconf 90' lang='lat' dir='ltr'>iniquumve</span> <span class='ocrx_word' id='word_1_205' title='bbox 497 3877 612 3940; x_wconf 90' lang='lat' dir='ltr'>ordini</span> <span class='ocrx_word' id='word_1_206' title='bbox 646 3876 856 3938; x_wconf 87' lang='lat' dir='ltr'>sacerdotali</span> <span class='ocrx_word' id='word_1_207' title='bbox 890 3875 1015 3938; x_wconf 87' lang='lat' dir='ltr'>haberi</span> <span class='ocrx_word' id='word_1_208' title='bbox 1046 3889 1187 3956; x_wconf 86' lang='lat' dir='ltr'>posset,</span> <span class='ocrx_word' id='word_1_209' title='bbox 1223 3875 1291 3937; x_wconf 87' lang='lat' dir='ltr'>iam</span> <span class='ocrx_word' id='word_1_210' title='bbox 1325 3876 1543 3957; x_wconf 86' lang='lat' dir='ltr'>intelligeret</span> 
     </span>
     <span class='ocr_line' id='line_1_28' title="bbox 261 3982 1541 4068; baseline -0.003 -20"><span class='ocrx_word' id='word_1_211' title='bbox 261 3995 426 4068; x_wconf 83' lang='lat' dir='ltr'>agentem</span> <span class='ocrx_word' id='word_1_212' title='bbox 457 4003 573 4046; x_wconf 90' lang='lat' dir='ltr'>meum</span> <span class='ocrx_word' id='word_1_213' title='bbox 605 3982 734 4046; x_wconf 86' lang='lat' dir='ltr'>fecisse</span> <span class='ocrx_word' id='word_1_214' title='bbox 759 3983 853 4064; x_wconf 92' lang='lat' dir='ltr'>quod</span> <span class='ocrx_word' id='word_1_215' title='bbox 884 3982 1016 4065; x_wconf 87' lang='lat' dir='ltr'>potuit,</span> <span class='ocrx_word' id='word_1_216' title='bbox 1048 4003 1092 4044; x_wconf 91' lang='lat' dir='ltr'>ne</span> <span class='ocrx_word' id='word_1_217' title='bbox 1124 3982 1208 4063; x_wconf 92' lang='lat' dir='ltr'>quid</span> <span class='ocrx_word' id='word_1_218' title='bbox 1242 3986 1331 4058; x_wconf 84' lang='lat' dir='ltr'>tale,</span> <span class='ocrx_word' id='word_1_219' title='bbox 1366 4004 1541 4046; x_wconf 90' lang='lat' dir='ltr'>consensu</span> 
     </span>
     <span class='ocr_line' id='line_1_29' title="bbox 261 4089 1542 4171; baseline -0.002 -16"><span class='ocrx_word' id='word_1_220' title='bbox 261 4113 340 4155; x_wconf 92' lang='lat' dir='ltr'>meo</span> <span class='ocrx_word' id='word_1_221' title='bbox 366 4094 569 4154; x_wconf 90' lang='lat' dir='ltr'>conclusum</span> <span class='ocrx_word' id='word_1_222' title='bbox 595 4090 785 4152; x_wconf 76' lang='lat' dir='ltr'>videretur,</span> <span class='ocrx_word' id='word_1_223' title='bbox 846 4089 960 4170; x_wconf 82' lang='lat' dir='ltr'>Quum</span> <span class='ocrx_word' id='word_1_224' title='bbox 990 4099 1107 4151; x_wconf 87' lang='lat' dir='ltr'>autem</span> <span class='ocrx_word' id='word_1_225' title='bbox 1140 4090 1195 4151; x_wconf 92' lang='lat' dir='ltr'>his</span> <span class='ocrx_word' id='word_1_226' title='bbox 1219 4089 1360 4171; x_wconf 89' lang='lat' dir='ltr'>scriptis</span> <span class='ocrx_word' id='word_1_227' title='bbox 1384 4090 1542 4152; x_wconf 85' lang='lat' dir='ltr'>nondum</span> 
     </span>
     <span class='ocr_line' id='line_1_30' title="bbox 262 4195 1541 4280; baseline -0.004 -17"><span class='ocrx_word' id='word_1_228' title='bbox 262 4210 380 4263; x_wconf 88' lang='lat' dir='ltr'>tamen</span> <span class='ocrx_word' id='word_1_229' title='bbox 406 4197 623 4280; x_wconf 79' lang='lat' dir='ltr'>obsignatis,</span> <span class='ocrx_word' id='word_1_230' title='bbox 653 4195 851 4277; x_wconf 88' lang='lat' dir='ltr'>acceperim</span> <span class='ocrx_word' id='word_1_231' title='bbox 879 4196 1017 4258; x_wconf 86' lang='lat' dir='ltr'>litteras</span> <span class='ocrx_word' id='word_1_232' title='bbox 1046 4217 1067 4258; x_wconf 88' lang='lat' dir='ltr'>a</span> <span class='ocrx_word' id='word_1_233' title='bbox 1099 4195 1205 4257; x_wconf 71' lang='lat' dir='ltr'>Serffl⁰</span> <span class='ocrx_word' id='word_1_234' title='bbox 1229 4196 1412 4277; x_wconf 87' lang='lat' dir='ltr'>Principe,</span> <span class='ocrx_word' id='word_1_235' title='bbox 1447 4196 1541 4258; x_wconf 88' lang='lat' dir='ltr'>volui</span> 
     </span>
     <span class='ocr_line' id='line_1_31' title="bbox 263 4302 1543 4387; baseline -0.004 -19"><span class='ocrx_word' id='word_1_236' title='bbox 263 4305 402 4387; x_wconf 91' lang='lat' dir='ltr'>copiam</span> <span class='ocrx_word' id='word_1_237' title='bbox 426 4325 546 4367; x_wconf 89' lang='lat' dir='ltr'>earum</span> <span class='ocrx_word' id='word_1_238' title='bbox 570 4303 625 4366; x_wconf 91' lang='lat' dir='ltr'>his</span> <span class='ocrx_word' id='word_1_239' title='bbox 648 4302 854 4384; x_wconf 86' lang='lat' dir='ltr'>adiungere,</span> <span class='ocrx_word' id='word_1_240' title='bbox 878 4312 917 4364; x_wconf 89' lang='lat' dir='ltr'>ut</span> <span class='ocrx_word' id='word_1_241' title='bbox 941 4305 1037 4383; x_wconf 91' lang='lat' dir='ltr'>quod</span> <span class='ocrx_word' id='word_1_242' title='bbox 1061 4303 1104 4364; x_wconf 90' lang='lat' dir='ltr'>de</span> <span class='ocrx_word' id='word_1_243' title='bbox 1121 4302 1276 4364; x_wconf 89' lang='lat' dir='ltr'>articulis</span> <span class='ocrx_word' id='word_1_244' title='bbox 1292 4303 1360 4365; x_wconf 92' lang='lat' dir='ltr'>illis</span> <span class='ocrx_word' id='word_1_245' title='bbox 1377 4313 1543 4385; x_wconf 88' lang='lat' dir='ltr'>quattuor</span> 
     </span>
    </p>
   </div>
   <div class='ocr_carea' id='block_1_4' title="bbox 263 4408 1543 4598">
    <p class='ocr_par' dir='ltr' id='par_1_4' title="bbox 263 4408 1543 4598">
     <span class='ocr_line' id='line_1_32' title="bbox 263 4408 1543 4493; baseline -0.003 -19"><span class='ocrx_word' id='word_1_246' title='bbox 263 4410 426 4493; x_wconf 88' lang='lat' dir='ltr'>superius</span> <span class='ocrx_word' id='word_1_247' title='bbox 441 4410 578 4492; x_wconf 86' lang='lat' dir='ltr'>scripsi,</span> <span class='ocrx_word' id='word_1_248' title='bbox 595 4410 631 4471; x_wconf 92' lang='lat' dir='ltr'>id</span> <span class='ocrx_word' id='word_1_249' title='bbox 647 4410 696 4470; x_wconf 88' lang='lat' dir='ltr'>ita</span> <span class='ocrx_word' id='word_1_250' title='bbox 713 4429 791 4471; x_wconf 86' lang='lat' dir='ltr'>esse</span> <span class='ocrx_word' id='word_1_251' title='bbox 808 4423 1042 4490; x_wconf 85' lang='lat' dir='ltr'>cognosceret</span> <span class='ocrx_word' id='word_1_252' title='bbox 1059 4457 1086 4473; x_wconf 94' lang='lat'>..</span> <span class='ocrx_word' id='word_1_253' title='bbox 1106 4463 1111 4472; x_wconf 93' lang='lat'>.</span> <span class='ocrx_word' id='word_1_254' title='bbox 1143 4408 1199 4470; x_wconf 83' lang='lat' dir='ltr'>Ex</span> <span class='ocrx_word' id='word_1_255' title='bbox 1224 4410 1393 4472; x_wconf 84' lang='lat' dir='ltr'>Tridento</span> <span class='ocrx_word' id='word_1_256' title='bbox 1411 4409 1543 4471; x_wconf 79' lang='lat' dir='ltr'>XXIII</span> 
     </span>
     <span class='ocr_line' id='line_1_33' title="bbox 265 4516 652 4598; baseline -0.01 -17"><span class='ocrx_word' id='word_1_257' title='bbox 265 4518 322 4581; x_wconf 90' lang='lat' dir='ltr'>die</span> <span class='ocrx_word' id='word_1_258' title='bbox 346 4517 428 4598; x_wconf 88' lang='lat' dir='ltr'>Julii</span> <span class='ocrx_word' id='word_1_259' title='bbox 452 4516 652 4579; x_wconf 87' lang='lat' dir='ltr'>MDXXV.</span> 
     </span>
    </p>
   </div>
   <div class='ocr_carea' id='block_1_5' title="bbox 0 0 1802 5734">
    <p class='ocr_par' dir='ltr' id='par_1_5' title="bbox 0 0 1802 5734">
     <span class='ocr_line' id='line_1_34' title="bbox 0 0 1802 5734; baseline 0 0"><span class='ocrx_word' id='word_1_260' title='bbox 0 0 1802 5734; x_wconf 95' lang='lat' dir='ltr'> </span> 
     </span>
    </p>
   </div>
  </div>
 </body>
</html>
