3559 5734
763 491 1012 553 6-43504ΕΡ-ὑ

334 635 554 702 Decreverat
578 640 664 722 liga
675 641 745 704 alia
766 642 901 725 oppida
918 662 1043 703 versus
1058 639 1291 705 Franconiam
1309 659 1535 724 percurrere,

246 761 280 811 et
305 747 561 829 Herbipolensi
584 750 656 812 arci
681 753 851 813 obsessae
885 750 1093 827 subvenire,
1127 759 1164 811 at
1195 749 1379 812 Palatinus
1410 749 1532 811 nunci-

245 858 320 919 avit
343 865 381 918 ut
405 856 472 918 sibi
497 866 701 919 occurreret
724 858 769 919 ad
794 858 995 920 Brusellam
1028 856 1088 918 ubi
1113 856 1310 919 coniunctis
1343 857 1455 938 copiis
1484 857 1532 916 ad

245 962 470 1044 Herbipolim
495 966 740 1044 convolarent,
765 964 815 1026 sic
840 964 1017 1026 consuluit
1041 964 1231 1045 episcopus
1254 962 1534 1044 Herbipolensis

246 1070 305 1152 qui
342 1071 487 1154 fugerat
526 1072 572 1132 ad
610 1071 818 1134 Palatinum.
882 1071 1007 1152 Itaque
1046 1070 1179 1133 XXIII
1223 1070 1306 1131 Maii
1348 1071 1534 1133 Palatinus

247 1198 412 1260 egressus
439 1189 473 1240 et
499 1177 689 1260 episcopus
713 1179 946 1241 Treverensis
978 1199 1056 1240 cum
1089 1191 1219 1258 nepote
1249 1175 1404 1239 Otthone
1437 1177 1532 1239 Hen-

246 1285 319 1347 rico
345 1294 381 1348 et
404 1284 585 1366 Episcopo
610 1285 863 1366 Herbipolensi
888 1307 966 1349 cum
990 1286 1085 1348 mille
1110 1285 1286 1366 equitibus
1311 1294 1346 1346 et
1370 1306 1455 1346 2000
1470 1305 1532 1366 pe-

246 1391 379 1454 ditibus
402 1413 518 1474 pagos
542 1403 577 1454 et
602 1393 736 1474 oppida
760 1394 895 1475 recepit
921 1394 955 1455 in
980 1394 1144 1469 Pruram,
1179 1393 1407 1474 Rotemburg
1438 1393 1535 1454 Mals

245 1499 428 1582 (incendit)
445 1500 592 1562 Kiszlau
617 1511 651 1561 et
677 1521 716 1579 29
741 1500 926 1563 decollatis
952 1521 1014 1563 eos
1039 1500 1152 1577 aomil.
1169 1497 1313 1562 florenis
1329 1499 1533 1568 mulctavit;

246 1605 357 1667 XXV
385 1606 471 1668 Maii
504 1608 643 1687 accepit
668 1607 865 1671 Brusellam
902 1608 938 1669 in
970 1606 1121 1688 gratiam
1159 1617 1194 1669 et
1229 1627 1398 1687 paenam,
1434 1608 1534 1667 unde

245 1734 329 1775 mox
354 1713 422 1775 XL
448 1714 544 1796 cepit
568 1723 603 1776 et
628 1734 756 1776 novem
781 1715 950 1777 decollari
975 1714 1071 1776 fecit.
1127 1714 1296 1776 XXVIII
1319 1714 1405 1776 Maii
1436 1734 1533 1775 rece-

245 1820 299 1900 pit
322 1820 493 1901 oppidum
517 1820 752 1882 Neckersulm
784 1822 829 1883 ad
864 1821 1016 1902 gratiam
1050 1831 1086 1883 et
1121 1819 1311 1900 iusticiam,
1342 1820 1536 1901 imperavit

247 1926 297 1988 eis
321 1946 404 1988 mox
428 1938 466 1988 ut
491 1935 606 1989 turres
633 1928 757 2008 oppidi
791 1928 973 1991 diruerent
1007 1938 1042 1989 et
1072 1927 1196 1988 LXVI
1228 1927 1427 1988 nominatos
1452 1947 1532 2008 pre-

249 2045 432 2096 sentarent
463 2055 509 2096 ex
545 2035 673 2116 quibus
707 2035 763 2097 XI
798 2055 881 2097 mox
918 2035 954 2097 in
989 2036 1122 2117 oppido
1147 2032 1348 2110 decollavit,
1383 2052 1535 2113 quorum

248 2142 318 2203 duo
342 2141 484 2203 fuerunt
509 2142 714 2204 sacerdotes
739 2142 926 2221 lutherani,
951 2163 1040 2203 unus
1065 2142 1257 2203 monachus
1282 2149 1456 2220 apostata.
1490 2131 1492 2140 '

336 2249 374 2310 In
399 2246 470 2311 fine
496 2248 630 2329 Aprilis
655 2250 874 2311 rebellarunt
898 2248 1061 2311 monachi
1091 2247 1311 2310 Marchionis
1343 2246 1533 2324 Badensis,

247 2357 307 2436 qui
330 2356 454 2418 habito
479 2377 557 2418 cum
583 2355 634 2418 eis
658 2357 836 2438 colloquio
871 2376 933 2418 eos
958 2355 1115 2437 sedavit,
1149 2356 1204 2416 his
1239 2353 1353 2435 pactis
1383 2365 1422 2414 ut
1452 2372 1533 2435 per·

249 2462 366 2524 mittat
389 2462 624 2545 Evangelium
647 2462 759 2525 libere
790 2472 825 2525 et
857 2483 946 2544 pure
976 2461 1197 2543 praedicari,
1226 2462 1322 2542 quod
1349 2459 1535 2541 permittat

248 2569 352 2633 Clero
376 2589 520 2650 uxores,
546 2572 640 2651 quod
666 2571 782 2632 omnia
807 2570 1022 2632 monasteria
1045 2569 1201 2651 patiatur
1226 2568 1316 2630 dirui
1340 2578 1410 2630 tam
1445 2587 1531 2648 opu-

248 2679 344 2739 lenta
360 2697 465 2758 quam
481 2677 757 2739 mendicantium
775 2696 853 2739 cum
878 2676 956 2739 aliis
980 2677 1098 2739 multis
1123 2674 1372 2737 observantiae
1397 2674 1531 2735 christi-

248 2804 338 2846 anae
363 2783 539 2854 adversis;
574 2803 665 2865 quae
698 2783 859 2846 Marchio
892 2784 952 2846 ille
982 2783 1099 2846 omnia
1130 2782 1257 2843 dicitur
1290 2782 1472 2852 annuisse;
1502 2782 1535 2842 is

248 2892 327 2954 loco
357 2890 572 2952 Ferdinandi
604 2891 672 2952 hoc
702 2911 795 2953 anno
830 2891 897 2952 suit
928 2893 1045 2953 locum
1077 2901 1202 2952 tenens
1233 2887 1461 2970 Imperatoris
1495 2887 1531 2949 in

249 2998 435 3080 regimine:
461 2997 564 3079 quale
590 3007 697 3079 caput
721 3000 792 3060 tale
816 3002 1054 3060 membrorum
1078 2998 1248 3078 regimen.

337 3106 486 3168 Decima
510 3105 655 3186 Aprilis,
704 3105 874 3168 Albertus
898 3105 1059 3167 Marchio
1092 3103 1426 3184 Brandeburgensis
1456 3102 1531 3165 Ma·

201 3230 205 3238 ’
250 3214 361 3296 gister
386 3212 533 3274 militum
559 3212 594 3274 S.
619 3212 755 3275 Mariae
784 3212 818 3274 in
845 3212 990 3274 Prussia
1019 3211 1340 3273 Lutheranissimus
1371 3210 1533 3272 ordinem

249 3320 406 3402 deponit,
430 3318 633 3399 homagium
657 3328 816 3400 praestat
846 3319 944 3400 Regi
965 3319 1151 3398 ‘Poloniae,
1180 3317 1214 3379 in
1241 3318 1376 3381 Ducem
1409 3319 1455 3379 ab
1487 3337 1530 3377 eo

249 3437 389 3489 creatur
403 3426 669 3506 Montisregalis
693 3435 729 3488 et
749 3425 868 3488 omnia
892 3446 983 3506 quae
1008 3426 1096 3486 ordo
1121 3425 1156 3486 in
1181 3424 1325 3486 Prussia
1348 3423 1472 3486 habuit
1495 3423 1530 3486 in

249 3533 394 3596 seudum
427 3533 566 3613 accepit
602 3554 623 3594 a
654 3532 761 3614 Rege
796 3533 872 3594 iure
904 3531 1144 3594 haereditario
1181 3552 1245 3613 pro
1277 3552 1316 3592 se
1352 3541 1387 3591 et
1419 3530 1533 3592 tribus

249 3640 435 3713 iratribus;
461 3640 551 3701 sicut
574 3639 763 3719 Joannitae
780 3639 961 3717 Rhodum,
987 3639 1036 3700 sic
1053 3638 1204 3700 Mariani
1220 3638 1399 3700 Prussiam
1414 3641 1532 3718 (quam

250 3747 357 3809 armis
397 3756 431 3808 et
472 3746 646 3828 sanguine
681 3746 877 3827 quaesitam
913 3744 1181 3808 CCLXXXXI
1206 3766 1260 3808 an.
1294 3745 1535 3823 obtinuerunt)

251 3853 451 3918 amiserunt.
492 3853 656 3934 Augetur
687 3852 845 3916 haeresis
878 3874 944 3934 per
968 3862 1078 3914 totam
1105 3851 1282 3913 Prussiam
1308 3861 1343 3912 et
1368 3850 1533 3912 catholici

251 3980 292 4023 ac
317 3959 496 4042 Religiosi
519 3961 710 4042 pelluntur.

340 4067 380 4128 In
405 4066 545 4128 Alsatia
569 4066 744 4149 superiori
768 4078 803 4129 et
828 4065 1003 4144 inferiori,
1035 4064 1166 4146 ubique
1196 4065 1371 4127 rebellant
1400 4064 1534 4142 rustici,

252 4174 385 4256 oppida
409 4173 564 4255 capiunt,
589 4174 801 4236 monasteria
826 4183 861 4235 et
885 4193 987 4234 arces
1004 4171 1156 4251 diruunt,
1178 4191 1302 4251 parum
1319 4169 1433 4232 abfuit
1451 4171 1534 4251 quin

252 4280 489 4361 Argentinam
513 4279 715 4362 proditione
740 4280 937 4361 aliquorum
962 4279 1089 4341 civium
1114 4286 1360 4360 occupassent,
1375 4278 1439 4339 sed
1454 4298 1535 4359 pro-

252 4388 385 4450 ditione
410 4387 563 4468 cognita,
589 4386 801 4468 supplicium
824 4397 1002 4467 sumptum
1028 4398 1081 4447 est
1101 4386 1146 4446 de
1170 4384 1421 4465 proditoribus.
1460 4385 1535 4446 Iam

250 4496 319 4556 iarn
345 4496 495 4556 decursa
518 4493 640 4555 Rheni
668 4494 747 4575 ripa
770 4494 963 4556 domimum
988 4491 1159 4574 Episcopi
1183 4492 1356 4553 invadunt
1387 4501 1422 4553 et
1446 4492 1535 4552 obti-

252 4611 355 4682 nent,
392 4600 624 4663 minitabundi
654 4622 692 4662 se
716 4611 855 4662 vastum
884 4620 1033 4680 regnum
1067 4608 1102 4661 et
1132 4597 1401 4679 Lotharingiam
1434 4619 1535 4659 occu-

252 4720 408 4790 paturos,
456 4708 634 4770 Antonius
657 4729 743 4770 vero
769 4710 852 4770 Dux
878 4708 1132 4788 Lotharingius
1148 4708 1192 4769 de
1210 4727 1331 4768 eorum
1346 4706 1537 4768 insolentia

253 4827 289 4878 et
312 4816 496 4896 proposito
521 4815 650 4878 certior
678 4817 807 4895 factus,
842 4815 1093 4877 adiuvantibus
1124 4813 1311 4876 comitibus
1335 4821 1370 4874 et
1393 4813 1534 4875 baroni·
