3559 5734
823 546 1051 603 Militi&

295 693 469 757 Pontifice
486 693 688 756 desciscunt
713 694 815 775 (proh
832 693 962 775 dolori)
986 692 1172 774 imperium
1188 692 1290 753 simul
1307 711 1386 753 cum
1402 689 1578 772 religione

294 822 439 883 prorsus
472 801 676 864 amiserunt.
723 799 827 882 Quod
859 801 942 882 quia
972 802 1089 863 nullus
1121 819 1190 861 non
1221 799 1297 861 sani
1327 797 1433 860 modo
1454 796 1577 878 judicii

294 911 400 971 homo
425 907 531 971 facile
551 907 710 989 judicare
735 916 871 990 potest,
900 908 936 970 in
962 929 1039 970 eam
1063 907 1183 989 potius
1207 926 1281 968 rern
1306 905 1507 967 incumbam
1530 903 1576 965 ad

294 1035 400 1097 quarn
415 1012 666 1078 Sanctissimus
682 1016 726 1078 D.
744 1013 876 1077 Noster
892 1016 943 1078 Te
968 1036 1074 1097 quam
1098 1021 1217 1096 potest
1232 1011 1385 1075 maxime
1405 1014 1577 1088 hortatur,

294 1130 466 1185 monetet
485 1132 636 1204 paterno
660 1120 791 1185 affectu
814 1130 997 1203 precatur,
1022 1120 1097 1183 Nos
1121 1140 1207 1182 vero
1230 1139 1296 1201 per
1319 1118 1457 1180 viscera
1478 1115 1577 1179 mise·

294 1228 468 1292 ricordiae
493 1229 561 1291 Dei
593 1228 703 1291 nostri
737 1248 803 1311 per
826 1227 1048 1291 Christianae
1073 1226 1255 1290 Ecclesiae
1287 1224 1577 1306 tranquillitatem

295 1346 330 1399 et
353 1356 479 1417 pacem
502 1335 583 1398 'sibi
609 1336 714 1399 etiam
739 1336 990 1417 supplicamus,
1017 1336 1169 1415 primum
1192 1343 1231 1396 ut
1251 1335 1351 1415 juxta
1376 1340 1578 1394 sanctorum

294 1444 440 1506 Patrum
473 1443 618 1507 decreta
651 1465 672 1505 a
703 1444 925 1525 temporibus
959 1463 1070 1524 usque
1104 1442 1346 1523 apostolorum
1375 1442 1578 1517 observata,

295 1570 433 1613 necnon
458 1550 563 1613 etiam
587 1550 833 1613 Romanorum
858 1551 1115 1632 Imperatorum
1139 1550 1258 1631 legeS,
1290 1546 1411 1609 fratris
1434 1545 1579 1608 Martini

295 1657 440 1720 Lutheri
470 1657 581 1720 libros
609 1656 823 1738 aequissimo
856 1667 892 1719 et
915 1657 1190 1738 prudentissimo
1215 1652 1320 1717 Sedis
1346 1652 1579 1735 Apostolicae

294 1765 355 1846 (ad
385 1785 491 1846 quarn
520 1766 587 1827 ista
610 1764 802 1846 pertinent)
823 1765 950 1845 juditio
975 1777 1011 1828 et
1035 1763 1210 1827 sententia
1234 1764 1421 1824 damnatos
1444 1760 1479 1822 in
1505 1760 1578 1821 uni·

294 1892 398 1935 versa
429 1871 563 1935 ditione
596 1864 657 1935 tua
689 1872 823 1935 destrui
857 1883 893 1935 et
923 1893 1069 1954 prorsus
1102 1870 1239 1934 aboleri
1269 1870 1414 1951 jubeas,
1449 1878 1487 1929 ut
1510 1868 1578 1929 hoc

294 1980 460 2062 exemplo
491 2000 562 2043 non
586 1980 719 2043 subditi
743 1981 850 2043 modo
874 1981 925 2043 tui
950 1982 1014 2043 sed
1039 1989 1075 2042 et
1097 1978 1237 2041 vicinae
1262 1976 1461 2059 provintiae
1486 1994 1577 2037 com·

293 2086 447 2150 monitae
482 2108 504 2149 a
540 2087 805 2150 damnatissima
838 2090 906 2150 hac
939 2087 1080 2150 haeresi
1110 2086 1350 2166 librorumque
1382 2083 1416 2145 in
1448 2082 1577 2164 quibus

293 2194 355 2256 illa
380 2194 582 2258 continetur
598 2194 752 2259 lectione
769 2195 837 2257 sibi
852 2204 1017 2267 caveant;
1044 2193 1174 2256 deinde
1190 2201 1228 2255 ut
1243 2191 1434 2254 Martinum
1450 2190 1576 2271 ipsum,

294 2300 360 2363 nisi
383 2300 419 2363 in
443 2310 605 2383 tempore
628 2302 825 2385 resipiscat,
851 2311 886 2364 et
910 2322 1002 2384 quae
1023 2303 1095 2382 jam
1119 2310 1253 2363 temere
1270 2313 1305 2361 et
1321 2298 1429 2378 impie
1444 2296 1578 2377 scripta

294 2407 406 2470 edidit
428 2414 608 2487 retractet,
634 2418 695 2472 aut
719 2405 864 2473 Summo
888 2407 1054 2472 Pontifici
1081 2426 1168 2469 vero
1192 2406 1227 2468 in
1252 2406 1319 2467 hac
1343 2413 1446 2486 parte
1467 2402 1578 2485 judici

293 2515 543 2597 corrigendum
559 2515 689 2595 mittas,
706 2524 766 2579 aut
781 2516 859 2598 ipse
875 2536 941 2597 per
957 2524 993 2578 te
1008 2513 1227 2598 apostolicae
1242 2511 1345 2575 Sedis
1362 2511 1577 2574 authoritate

293 2624 412 2703 (prout
439 2622 496 2703 jus
528 2631 563 2684 et
595 2621 649 2685 fas
682 2623 851 2703 postulat)
884 2622 1102 2704 puniendum
1134 2641 1245 2684 cures.
1302 2618 1347 2680 Et
1376 2618 1412 2681 in
1442 2637 1579 2680 summa

293 2740 329 2790 tu
364 2729 424 2811 qui
457 2729 636 2792 hominum
667 2739 750 2792 tuae
782 2729 925 2793 ditionis
955 2728 1194 2792 conditionem
1228 2736 1264 2790 et
1296 2727 1397 2808 hujus
1430 2723 1578 2787 nefandi

293 2835 423 2899 erroris
448 2845 618 2920 naturam,
643 2846 844 2919 statumque
869 2837 1056 2900 universae
1080 2856 1209 2898 causae
1234 2834 1367 2917 optime
1391 2832 1503 2913 nosti,
1528 2832 1579 2894 ita

292 2942 375 3006 fidei
407 2963 548 3006 causam
581 2942 755 3024 suscipias
763 2993 772 3025 ,
804 2953 842 3006 ut
873 2944 949 3007 sive
978 2944 1049 3006 levi
1073 2942 1308 3006 medicamine
1332 2942 1439 3024 (quod
1463 2940 1577 3022 magis

293 3059 435 3133 optaret
459 3050 629 3113 Pontifex
660 3060 787 3132 suopte
811 3050 955 3133 ingenio
980 3046 1196 3135 mitissimus)
1220 3050 1295 3112 sive
1320 3069 1449 3131 aspero
1474 3049 1576 3130 phar-

292 3178 404 3238 maco,
429 3178 471 3219 ac
495 3155 601 3219 etiam
625 3157 782 3220 cauterio
807 3178 897 3239 opus
921 3157 976 3236 sit,
1000 3159 1144 3220 morbus
1167 3157 1235 3220 iste
1259 3178 1279 3220 e
1303 3157 1372 3220 tuis
1386 3155 1490 3218 terris
1507 3176 1576 3218 om-

293 3264 377 3327 nino
401 3266 545 3326 tollatur
569 3273 739 3346 tantaque
764 3275 865 3346 peste
890 3275 1029 3327 tuorum
1054 3263 1275 3327 subditorum
1307 3263 1428 3343 animi,
1463 3263 1491 3326 si
1516 3264 1576 3346 qui

292 3370 415 3434 infecti
439 3381 530 3451 sunt,
555 3380 803 3453 repurgentur.

380 3476 481 3540 Fecit
512 3477 547 3539 in
579 3479 646 3540 hac
673 3489 712 3539 re
742 3475 847 3540 Seru
871 3475 949 3543 Ces.
974 3477 1143 3560 Majestas
1167 3477 1340 3560 quidquid
1364 3498 1385 3539 a
1409 3476 1576 3541 Christia-

292 3584 437 3647 nissimo
468 3584 684 3666 imperatore
719 3587 984 3666 expectandum
1018 3596 1107 3657 erat;
1144 3584 1264 3648 fecere
1297 3585 1420 3648 itidem
1454 3606 1577 3648 omnes

292 3690 460 3773 Episcopi
492 3701 528 3753 et
558 3690 738 3773 principes
766 3691 978 3773 quicumque
1003 3712 1024 3754 a
1048 3691 1242 3755 nobishoc
1267 3693 1409 3755 nomine
1434 3693 1578 3755 fuerunt

292 3797 464 3879 requisiti3
490 3808 527 3859 tu
551 3819 641 3860 unus
665 3808 790 3881 restae,
815 3820 886 3862 non
911 3799 1056 3862 minoris
1079 3798 1114 3862 in
1130 3801 1198 3862 hoc
1214 3800 1383 3863 momenti
1397 3800 1577 3883 princepe,

292 3904 328 3965 in
353 3904 449 3985 cujus
473 3925 579 3966 manu
603 3925 710 3986 quum
733 3905 833 3969 istius
857 3905 1003 3969 nefandi
1024 3906 1179 3969 incendii
1196 3907 1309 3969 fornes
1329 3916 1364 3969 et
1381 3919 1505 3971 auctor
1521 3908 1578 3988 sit,

292 4019 428 4072 tantum
458 4019 563 4091 potes
593 4010 679 4072 illud
713 4012 925 4094 extinguere
956 4022 1125 4095 quantum
1150 4013 1214 4075 vis.
1263 4013 1366 4076 Velle
1391 4023 1508 4076 autem
1541 4025 1577 4077 te

293 4125 328 4177 et
353 4118 455 4197 (quae
480 4128 541 4178 tua
565 4128 621 4180 est
643 4117 773 4200 pietas)
797 4119 847 4181 ita
870 4118 1056 4199 facturum,
1081 4118 1245 4182 Summus
1261 4119 1442 4197 Pontifex,
1463 4118 1577 4183 Sedes

292 4222 489 4305 apostolica
514 4233 550 4285 et
573 4240 638 4286 nos
663 4244 786 4287 omnes
810 4225 919 4289 dubio
942 4228 1068 4307 procul
1092 4226 1310 4290 confidimus.

381 4329 481 4392 Haec
506 4340 562 4394 est
585 4331 658 4394 illme
679 4332 852 4414 Princeps
876 4335 950 4415 ejus
976 4334 1147 4417 pontificii
1162 4335 1308 4413 decreti,
1333 4337 1430 4418 cujus
1445 4336 1510 4399 tibi
1528 4337 1576 4400 di·

291 4440 411 4519 ploma
442 4437 569 4517 affer0,
601 4459 751 4518 summa,
785 4440 854 4502 hoc
887 4452 1149 4522 argumentum;
1182 4441 1312 4523 inquo
1347 4443 1376 4505 si
1406 4454 1578 4524 paternas

292 4543 470 4626 pontificis
495 4545 762 4607 adhortationes
786 4556 997 4629 nostrasque
1021 4568 1148 4629 preces
1164 4550 1363 4632 exequaris,
1388 4570 1461 4612 rem
1479 4550 1575 4614 Chri·

292 4651 407 4715 stiano
421 4652 581 4733 principe
595 4661 728 4734 tuoque
741 4653 915 4733 sanguine
929 4654 1075 4736 dignam
1088 4665 1195 4738 atque
1208 4657 1427 4738 reipublicae
1441 4658 1575 4720 christi·

292 4780 383 4823 anae
407 4760 598 4822 salutarem
621 4770 657 4821 te
676 4758 862 4849 facturum,
879 4768 1001 4823 ettam
1016 4762 1129 4824 sancti
1147 4763 1265 4845 operis
1281 4765 1442 4844 praemia
1459 4785 1480 4827 a
1496 4766 1575 4829 Deo

293 4866 427 4948 optimo
451 4865 603 4929 maximo
627 4866 820 4948 aliquando
844 4878 1106 4950 reportaturum
1131 4889 1264 4952 speres.
1289 4872 1384 4935 Dixi.

828 5028 1033 5041 mmmmm
