<?xml version="1.0" encoding="UTF-8"?>
<!DOCTYPE html PUBLIC "-//W3C//DTD XHTML 1.0 Transitional//EN"
    "http://www.w3.org/TR/xhtml1/DTD/xhtml1-transitional.dtd">
<html xmlns="http://www.w3.org/1999/xhtml" xml:lang="en" lang="en">
 <head>
  <title>
</title>
<meta http-equiv="Content-Type" content="text/html;charset=utf-8" />
  <meta name='ocr-system' content='tesseract 3.04.00' />
  <meta name='ocr-capabilities' content='ocr_page ocr_carea ocr_par ocr_line ocrx_word'/>
</head>
<body>
  <div class='ocr_page' id='page_1' title='image "./monumentareform01vatigoog_0043.png"; bbox 0 0 3559 5734; ppageno 0'>
   <div class='ocr_carea' id='block_1_1' title="bbox 702 534 930 593">
    <p class='ocr_par' dir='ltr' id='par_1_1' title="bbox 702 534 930 593">
     <span class='ocr_line' id='line_1_1' title="bbox 702 534 930 593; baseline -0.009 -1"><span class='ocrx_word' id='word_1_1' title='bbox 702 534 930 593; x_wconf 36' lang='lat' dir='ltr'>eolat*</span> 
     </span>
    </p>
   </div>
   <div class='ocr_carea' id='block_1_2' title="bbox 176 682 1461 3017">
    <p class='ocr_par' dir='ltr' id='par_1_2' title="bbox 176 682 1461 3017">
     <span class='ocr_line' id='line_1_2' title="bbox 179 682 1458 768; baseline -0.003 -19"><span class='ocrx_word' id='word_1_2' title='bbox 179 687 304 768; x_wconf 88' lang='lat' dir='ltr'>quibus</span> <span class='ocrx_word' id='word_1_3' title='bbox 328 706 515 768; x_wconf 87' lang='lat' dir='ltr'>possumus</span> <span class='ocrx_word' id='word_1_4' title='bbox 542 695 601 747; x_wconf 89' lang='lat' dir='ltr'>aut</span> <span class='ocrx_word' id='word_1_5' title='bbox 627 686 807 763; x_wconf 76' lang='lat' dir='ltr'>debemus,</span> <span class='ocrx_word' id='word_1_6' title='bbox 839 703 1018 764; x_wconf 88' lang='lat' dir='ltr'>nunquam</span> <span class='ocrx_word' id='word_1_7' title='bbox 1043 682 1152 746; x_wconf 86' lang='lat' dir='ltr'>fuisse</span> <span class='ocrx_word' id='word_1_8' title='bbox 1177 704 1255 746; x_wconf 89' lang='lat' dir='ltr'>esse</span> <span class='ocrx_word' id='word_1_9' title='bbox 1289 696 1349 746; x_wconf 94' lang='lat' dir='ltr'>aut</span> <span class='ocrx_word' id='word_1_10' title='bbox 1381 683 1458 745; x_wconf 87' lang='lat' dir='ltr'>fore</span> 
     </span>
     <span class='ocr_line' id='line_1_3' title="bbox 177 790 1457 871; baseline -0.002 -16"><span class='ocrx_word' id='word_1_11' title='bbox 177 796 221 857; x_wconf 88' lang='lat' dir='ltr'>de</span> <span class='ocrx_word' id='word_1_12' title='bbox 237 803 356 856; x_wconf 88' lang='lat' dir='ltr'>mente</span> <span class='ocrx_word' id='word_1_13' title='bbox 382 806 417 856; x_wconf 88' lang='lat' dir='ltr'>et</span> <span class='ocrx_word' id='word_1_14' title='bbox 440 793 636 856; x_wconf 89' lang='lat' dir='ltr'>intentione</span> <span class='ocrx_word' id='word_1_15' title='bbox 662 802 783 854; x_wconf 88' lang='lat' dir='ltr'>nostra</span> <span class='ocrx_word' id='word_1_16' title='bbox 798 792 856 853; x_wconf 90' lang='lat' dir='ltr'>vel</span> <span class='ocrx_word' id='word_1_17' title='bbox 874 791 1020 871; x_wconf 88' lang='lat' dir='ltr'>alicujus</span> <span class='ocrx_word' id='word_1_18' title='bbox 1036 790 1148 852; x_wconf 85' lang='lat' dir='ltr'>nostri</span> <span class='ocrx_word' id='word_1_19' title='bbox 1172 793 1228 853; x_wconf 89' lang='lat' dir='ltr'>vel</span> <span class='ocrx_word' id='word_1_20' title='bbox 1247 790 1457 869; x_wconf 90' lang='lat' dir='ltr'>consentire,</span> 
     </span>
     <span class='ocr_line' id='line_1_4' title="bbox 179 901 1454 982; baseline -0.001 -20"><span class='ocrx_word' id='word_1_21' title='bbox 179 901 385 977; x_wconf 79' lang='lat' dir='ltr'><strong>defendere,</strong></span> <span class='ocrx_word' id='word_1_22' title='bbox 410 901 571 982; x_wconf 88' lang='lat' dir='ltr'>recipere</span> <span class='ocrx_word' id='word_1_23' title='bbox 596 911 656 961; x_wconf 86' lang='lat' dir='ltr'>aut</span> <span class='ocrx_word' id='word_1_24' title='bbox 671 919 882 981; x_wconf 89' lang='lat' dir='ltr'>promovere</span> <span class='ocrx_word' id='word_1_25' title='bbox 908 917 1149 979; x_wconf 89' lang='lat' dir='ltr'>quoscumque</span> <span class='ocrx_word' id='word_1_26' title='bbox 1174 919 1314 962; x_wconf 88' lang='lat' dir='ltr'>errores</span> <span class='ocrx_word' id='word_1_27' title='bbox 1337 901 1454 962; x_wconf 90' lang='lat' dir='ltr'>haere-</span> 
     </span>
     <span class='ocr_line' id='line_1_5' title="bbox 178 1004 1458 1092; baseline -0.001 -22"><span class='ocrx_word' id='word_1_28' title='bbox 178 1030 233 1070; x_wconf 88' lang='lat' dir='ltr'>ses</span> <span class='ocrx_word' id='word_1_29' title='bbox 257 1020 318 1071; x_wconf 90' lang='lat' dir='ltr'>aut</span> <span class='ocrx_word' id='word_1_30' title='bbox 343 1028 515 1092; x_wconf 74' lang='lat' dir='ltr'>perversa</span> <span class='ocrx_word' id='word_1_31' title='bbox 531 1009 701 1085; x_wconf 81' lang='lat' dir='ltr'>dogmata</span> <span class='ocrx_word' id='word_1_32' title='bbox 718 1026 787 1088; x_wconf 90' lang='lat' dir='ltr'>que</span> <span class='ocrx_word' id='word_1_33' title='bbox 802 1016 927 1068; x_wconf 91' lang='lat' dir='ltr'>contra</span> <span class='ocrx_word' id='word_1_34' title='bbox 941 1004 1046 1066; x_wconf 90' lang='lat' dir='ltr'>fidem</span> <span class='ocrx_word' id='word_1_35' title='bbox 1062 1008 1282 1084; x_wconf 84' lang='lat' dir='ltr'>catholicam,</span> <span class='ocrx_word' id='word_1_36' title='bbox 1300 1020 1458 1070; x_wconf 82' lang='lat' dir='ltr'>sanctam</span> 
     </span>
     <span class='ocr_line' id='line_1_6' title="bbox 178 1111 1458 1194; baseline -0.002 -16"><span class='ocrx_word' id='word_1_37' title='bbox 178 1116 327 1178; x_wconf 88' lang='lat' dir='ltr'>Matrem</span> <span class='ocrx_word' id='word_1_38' title='bbox 354 1116 549 1177; x_wconf 80' lang='lat' dir='ltr'>Ecclesiam</span> <span class='ocrx_word' id='word_1_39' title='bbox 585 1126 622 1176; x_wconf 90' lang='lat' dir='ltr'>ut</span> <span class='ocrx_word' id='word_1_40' title='bbox 657 1114 812 1194; x_wconf 81' lang='lat' dir='ltr'>eJ&#39;usdem</span> <span class='ocrx_word' id='word_1_41' title='bbox 843 1111 927 1175; x_wconf 89' lang='lat' dir='ltr'>fidei</span> <span class='ocrx_word' id='word_1_42' title='bbox 952 1113 1119 1175; x_wconf 88' lang='lat' dir='ltr'>articulos</span> <span class='ocrx_word' id='word_1_43' title='bbox 1143 1124 1204 1176; x_wconf 89' lang='lat' dir='ltr'>aut</span> <span class='ocrx_word' id='word_1_44' title='bbox 1233 1114 1458 1194; x_wconf 86' lang='lat' dir='ltr'>evangelium</span> 
     </span>
     <span class='ocr_line' id='line_1_7' title="bbox 177 1220 1459 1303; baseline -0.001 -19"><span class='ocrx_word' id='word_1_45' title='bbox 177 1223 378 1301; x_wconf 78' lang='lat' dir='ltr'>militarent,</span> <span class='ocrx_word' id='word_1_46' title='bbox 402 1224 466 1284; x_wconf 88' lang='lat' dir='ltr'>sed</span> <span class='ocrx_word' id='word_1_47' title='bbox 490 1241 631 1303; x_wconf 84' lang='lat' dir='ltr'>semper</span> <span class='ocrx_word' id='word_1_48' title='bbox 655 1231 780 1283; x_wconf 89' lang='lat' dir='ltr'>contra</span> <span class='ocrx_word' id='word_1_49' title='bbox 803 1220 1004 1282; x_wconf 90' lang='lat' dir='ltr'>haereticos</span> <span class='ocrx_word' id='word_1_50' title='bbox 1029 1239 1221 1300; x_wconf 85' lang='lat' dir='ltr'>perversos</span> <span class='ocrx_word' id='word_1_51' title='bbox 1237 1222 1403 1284; x_wconf 89' lang='lat' dir='ltr'>doctores</span> <span class='ocrx_word' id='word_1_52' title='bbox 1424 1231 1459 1283; x_wconf 91' lang='lat' dir='ltr'>et</span> 
     </span>
     <span class='ocr_line' id='line_1_8' title="bbox 177 1327 1459 1392; baseline 0.001 -4"><span class='ocrx_word' id='word_1_53' title='bbox 177 1342 337 1392; x_wconf 80' lang='lat' dir='ltr'>errantes</span> <span class='ocrx_word' id='word_1_54' title='bbox 362 1328 506 1390; x_wconf 89' lang='lat' dir='ltr'>summis</span> <span class='ocrx_word' id='word_1_55' title='bbox 531 1328 665 1391; x_wconf 87' lang='lat' dir='ltr'>viribus</span> <span class='ocrx_word' id='word_1_56' title='bbox 691 1331 855 1390; x_wconf 88' lang='lat' dir='ltr'>laborare</span> <span class='ocrx_word' id='word_1_57' title='bbox 879 1327 986 1388; x_wconf 87' lang='lat' dir='ltr'>fidem</span> <span class='ocrx_word' id='word_1_58' title='bbox 1003 1327 1237 1389; x_wconf 82' lang='lat' dir='ltr'>Christianam</span> <span class='ocrx_word' id='word_1_59' title='bbox 1263 1327 1459 1390; x_wconf 84' lang='lat' dir='ltr'>defendere</span> 
     </span>
     <span class='ocr_line' id='line_1_9' title="bbox 177 1433 1458 1518; baseline -0.002 -19"><span class='ocrx_word' id='word_1_60' title='bbox 177 1458 287 1518; x_wconf 86' lang='lat' dir='ltr'>usque</span> <span class='ocrx_word' id='word_1_61' title='bbox 311 1438 358 1499; x_wconf 93' lang='lat' dir='ltr'>ad</span> <span class='ocrx_word' id='word_1_62' title='bbox 382 1435 565 1517; x_wconf 86' lang='lat' dir='ltr'>sanguinis</span> <span class='ocrx_word' id='word_1_63' title='bbox 589 1436 618 1497; x_wconf 89' lang='lat' dir='ltr'>si</span> <span class='ocrx_word' id='word_1_64' title='bbox 644 1435 841 1517; x_wconf 85' lang='lat' dir='ltr'>oportuerit</span> <span class='ocrx_word' id='word_1_65' title='bbox 863 1433 1101 1496; x_wconf 85' lang='lat' dir='ltr'>effussionem.</span> <span class='ocrx_word' id='word_1_66' title='bbox 1137 1435 1322 1516; x_wconf 84' lang='lat' dir='ltr'>Rogamus</span> <span class='ocrx_word' id='word_1_67' title='bbox 1338 1435 1458 1517; x_wconf 90' lang='lat' dir='ltr'>itaque</span> 
     </span>
     <span class='ocr_line' id='line_1_10' title="bbox 177 1540 1456 1624; baseline -0.002 -18"><span class='ocrx_word' id='word_1_68' title='bbox 177 1544 250 1607; x_wconf 75' lang='lat' dir='ltr'>Nos</span> <span class='ocrx_word' id='word_1_69' title='bbox 267 1545 406 1606; x_wconf 87' lang='lat' dir='ltr'>Rector</span> <span class='ocrx_word' id='word_1_70' title='bbox 426 1543 560 1605; x_wconf 81' lang='lat' dir='ltr'>llecani</span> <span class='ocrx_word' id='word_1_71' title='bbox 583 1554 834 1624; x_wconf 82' lang='lat' dir='ltr'>procuratores</span> <span class='ocrx_word' id='word_1_72' title='bbox 859 1540 1050 1604; x_wconf 88' lang='lat' dir='ltr'>consiliarii</span> <span class='ocrx_word' id='word_1_73' title='bbox 1076 1553 1110 1602; x_wconf 93' lang='lat' dir='ltr'>et</span> <span class='ocrx_word' id='word_1_74' title='bbox 1136 1563 1335 1604; x_wconf 83' lang='lat' dir='ltr'>assessores</span> <span class='ocrx_word' id='word_1_75' title='bbox 1361 1555 1456 1605; x_wconf 88' lang='lat' dir='ltr'>ante-</span> 
     </span>
     <span class='ocr_line' id='line_1_11' title="bbox 178 1648 1459 1730; baseline -0.001 -18"><span class='ocrx_word' id='word_1_76' title='bbox 178 1652 262 1713; x_wconf 90' lang='lat' dir='ltr'>dicti</span> <span class='ocrx_word' id='word_1_77' title='bbox 289 1663 324 1713; x_wconf 93' lang='lat' dir='ltr'>et</span> <span class='ocrx_word' id='word_1_78' title='bbox 349 1650 550 1713; x_wconf 90' lang='lat' dir='ltr'>nominibus</span> <span class='ocrx_word' id='word_1_79' title='bbox 565 1650 693 1730; x_wconf 81' lang='lat' dir='ltr'>quibus</span> <span class='ocrx_word' id='word_1_80' title='bbox 710 1669 827 1730; x_wconf 89' lang='lat' dir='ltr'>supra,</span> <span class='ocrx_word' id='word_1_81' title='bbox 845 1669 910 1729; x_wconf 83' lang='lat' dir='ltr'>per</span> <span class='ocrx_word' id='word_1_82' title='bbox 925 1669 990 1711; x_wconf 79' lang='lat' dir='ltr'>vos</span> <span class='ocrx_word' id='word_1_83' title='bbox 1007 1648 1180 1710; x_wconf 89' lang='lat' dir='ltr'>notarium</span> <span class='ocrx_word' id='word_1_84' title='bbox 1202 1650 1383 1730; x_wconf 89' lang='lat' dir='ltr'>publicum</span> <span class='ocrx_word' id='word_1_85' title='bbox 1408 1671 1459 1711; x_wconf 90' lang='lat' dir='ltr'>su-</span> 
     </span>
     <span class='ocr_line' id='line_1_12' title="bbox 176 1754 1457 1839; baseline -0.002 -18"><span class='ocrx_word' id='word_1_86' title='bbox 176 1779 242 1839; x_wconf 91' lang='lat' dir='ltr'>per</span> <span class='ocrx_word' id='word_1_87' title='bbox 264 1761 332 1820; x_wconf 88' lang='lat' dir='ltr'>hac</span> <span class='ocrx_word' id='word_1_88' title='bbox 357 1768 478 1821; x_wconf 90' lang='lat' dir='ltr'>nostra</span> <span class='ocrx_word' id='word_1_89' title='bbox 502 1756 761 1838; x_wconf 85' lang='lat' dir='ltr'>protestatione</span> <span class='ocrx_word' id='word_1_90' title='bbox 795 1754 920 1818; x_wconf 90' lang='lat' dir='ltr'>confici</span> <span class='ocrx_word' id='word_1_91' title='bbox 951 1755 986 1816; x_wconf 92' lang='lat' dir='ltr'>in</span> <span class='ocrx_word' id='word_1_92' title='bbox 1011 1755 1150 1836; x_wconf 86' lang='lat' dir='ltr'>signum</span> <span class='ocrx_word' id='word_1_93' title='bbox 1177 1776 1282 1818; x_wconf 84' lang='lat' dir='ltr'>verae</span> <span class='ocrx_word' id='word_1_94' title='bbox 1313 1767 1349 1819; x_wconf 91' lang='lat' dir='ltr'>et</span> <span class='ocrx_word' id='word_1_95' title='bbox 1373 1758 1457 1819; x_wconf 88' lang='lat' dir='ltr'>inte·</span> 
     </span>
     <span class='ocr_line' id='line_1_13' title="bbox 177 1861 1460 1947; baseline -0.002 -20"><span class='ocrx_word' id='word_1_96' title='bbox 177 1887 264 1947; x_wconf 79' lang='lat' dir='ltr'>grae</span> <span class='ocrx_word' id='word_1_97' title='bbox 288 1865 373 1927; x_wconf 87' lang='lat' dir='ltr'>fidei</span> <span class='ocrx_word' id='word_1_98' title='bbox 391 1874 545 1944; x_wconf 88' lang='lat' dir='ltr'>nostrae,</span> <span class='ocrx_word' id='word_1_99' title='bbox 563 1884 670 1926; x_wconf 90' lang='lat' dir='ltr'>unum</span> <span class='ocrx_word' id='word_1_100' title='bbox 687 1866 745 1926; x_wconf 89' lang='lat' dir='ltr'>vel</span> <span class='ocrx_word' id='word_1_101' title='bbox 763 1866 865 1944; x_wconf 88' lang='lat' dir='ltr'>plura</span> <span class='ocrx_word' id='word_1_102' title='bbox 879 1874 965 1944; x_wconf 91' lang='lat' dir='ltr'>quot</span> <span class='ocrx_word' id='word_1_103' title='bbox 989 1872 1076 1943; x_wconf 90' lang='lat' dir='ltr'>quot</span> <span class='ocrx_word' id='word_1_104' title='bbox 1100 1861 1231 1925; x_wconf 88' lang='lat' dir='ltr'>fuerint</span> <span class='ocrx_word' id='word_1_105' title='bbox 1245 1865 1460 1943; x_wconf 86' lang='lat' dir='ltr'>necessaria,</span> 
     </span>
     <span class='ocr_line' id='line_1_14' title="bbox 177 1970 1458 2052; baseline 0.001 -18"><span class='ocrx_word' id='word_1_106' title='bbox 177 1973 411 2034; x_wconf 88' lang='lat' dir='ltr'>instrumenta</span> <span class='ocrx_word' id='word_1_107' title='bbox 440 1971 593 2052; x_wconf 89' lang='lat' dir='ltr'>publica:</span> <span class='ocrx_word' id='word_1_108' title='bbox 651 1971 760 2033; x_wconf 89' lang='lat' dir='ltr'>Lecta</span> <span class='ocrx_word' id='word_1_109' title='bbox 792 1971 911 2051; x_wconf 90' lang='lat' dir='ltr'>itaque</span> <span class='ocrx_word' id='word_1_110' title='bbox 947 1989 1012 2052; x_wconf 90' lang='lat' dir='ltr'>per</span> <span class='ocrx_word' id='word_1_111' title='bbox 1043 1970 1232 2033; x_wconf 91' lang='lat' dir='ltr'>Dominum</span> <span class='ocrx_word' id='word_1_112' title='bbox 1265 1972 1458 2035; x_wconf 87' lang='lat' dir='ltr'>Doctorem</span> 
     </span>
     <span class='ocr_line' id='line_1_15' title="bbox 181 2077 1459 2168; baseline 0.001 -27"><span class='ocrx_word' id='word_1_113' title='bbox 181 2081 362 2142; x_wconf 73' lang='lat' dir='ltr'>Andream</span> <span class='ocrx_word' id='word_1_114' title='bbox 388 2080 550 2160; x_wconf 83' lang='lat' dir='ltr'>prefatae</span> <span class='ocrx_word' id='word_1_115' title='bbox 567 2077 836 2168; x_wconf 86' lang='lat' dir='ltr'>protestationis</span> <span class='ocrx_word' id='word_1_116' title='bbox 852 2077 968 2158; x_wconf 83' lang='lat' dir='ltr'>papiri</span> <span class='ocrx_word' id='word_1_117' title='bbox 994 2079 1137 2156; x_wconf 83' lang='lat' dir='ltr'>scheda,</span> <span class='ocrx_word' id='word_1_118' title='bbox 1162 2079 1371 2160; x_wconf 86' lang='lat' dir='ltr'>magnificus</span> <span class='ocrx_word' id='word_1_119' title='bbox 1391 2082 1459 2142; x_wconf 72' lang='lat' dir='ltr'>llo-</span> 
     </span>
     <span class='ocr_line' id='line_1_16' title="bbox 178 2184 1460 2265; baseline -0.002 -16"><span class='ocrx_word' id='word_1_120' title='bbox 178 2188 292 2250; x_wconf 89' lang='lat' dir='ltr'>minus</span> <span class='ocrx_word' id='word_1_121' title='bbox 322 2188 479 2263; x_wconf 90' lang='lat' dir='ltr'>Rector,</span> <span class='ocrx_word' id='word_1_122' title='bbox 518 2185 654 2248; x_wconf 89' lang='lat' dir='ltr'>Decani</span> <span class='ocrx_word' id='word_1_123' title='bbox 686 2194 938 2265; x_wconf 87' lang='lat' dir='ltr'>procuratores</span> <span class='ocrx_word' id='word_1_124' title='bbox 970 2184 1161 2246; x_wconf 81' lang='lat' dir='ltr'>consiliarii</span> <span class='ocrx_word' id='word_1_125' title='bbox 1195 2197 1230 2248; x_wconf 89' lang='lat' dir='ltr'>et</span> <span class='ocrx_word' id='word_1_126' title='bbox 1260 2207 1460 2250; x_wconf 84' lang='lat' dir='ltr'>assessores</span> 
     </span>
     <span class='ocr_line' id='line_1_17' title="bbox 179 2291 1457 2374; baseline 0.001 -19"><span class='ocrx_word' id='word_1_127' title='bbox 179 2294 350 2357; x_wconf 88' lang='lat' dir='ltr'>antedicti</span> <span class='ocrx_word' id='word_1_128' title='bbox 375 2293 442 2356; x_wconf 91' lang='lat' dir='ltr'>sibi</span> <span class='ocrx_word' id='word_1_129' title='bbox 467 2314 487 2354; x_wconf 86' lang='lat' dir='ltr'>a</span> <span class='ocrx_word' id='word_1_130' title='bbox 512 2314 567 2355; x_wconf 92' lang='lat' dir='ltr'>me</span> <span class='ocrx_word' id='word_1_131' title='bbox 585 2296 723 2355; x_wconf 85' lang='lat' dir='ltr'>notario</span> <span class='ocrx_word' id='word_1_132' title='bbox 748 2291 975 2373; x_wconf 85' lang='lat' dir='ltr'>infrascripto</span> <span class='ocrx_word' id='word_1_133' title='bbox 1003 2311 1107 2353; x_wconf 90' lang='lat' dir='ltr'>unum</span> <span class='ocrx_word' id='word_1_134' title='bbox 1132 2295 1187 2354; x_wconf 89' lang='lat' dir='ltr'>vel</span> <span class='ocrx_word' id='word_1_135' title='bbox 1207 2294 1310 2374; x_wconf 91' lang='lat' dir='ltr'>plura</span> <span class='ocrx_word' id='word_1_136' title='bbox 1334 2295 1457 2356; x_wconf 90' lang='lat' dir='ltr'>instru-</span> 
     </span>
     <span class='ocr_line' id='line_1_18' title="bbox 180 2399 1460 2482; baseline 0 -18"><span class='ocrx_word' id='word_1_137' title='bbox 180 2411 335 2464; x_wconf 88' lang='lat' dir='ltr'>mentum</span> <span class='ocrx_word' id='word_1_138' title='bbox 348 2422 409 2463; x_wconf 92' lang='lat' dir='ltr'>seu</span> <span class='ocrx_word' id='word_1_139' title='bbox 424 2401 656 2463; x_wconf 87' lang='lat' dir='ltr'>instrumenta</span> <span class='ocrx_word' id='word_1_140' title='bbox 669 2400 745 2462; x_wconf 88' lang='lat' dir='ltr'>fieri</span> <span class='ocrx_word' id='word_1_141' title='bbox 759 2401 939 2482; x_wconf 89' lang='lat' dir='ltr'>petierunt</span> <span class='ocrx_word' id='word_1_142' title='bbox 950 2436 985 2444; x_wconf 97' lang='lat'>—</span> <span class='ocrx_word' id='word_1_143' title='bbox 1000 2399 1092 2460; x_wconf 84' lang='lat' dir='ltr'>Acta</span> <span class='ocrx_word' id='word_1_144' title='bbox 1105 2410 1186 2461; x_wconf 86' lang='lat' dir='ltr'>sunt</span> <span class='ocrx_word' id='word_1_145' title='bbox 1199 2401 1287 2462; x_wconf 90' lang='lat' dir='ltr'>haec</span> <span class='ocrx_word' id='word_1_146' title='bbox 1298 2400 1460 2464; x_wconf 89' lang='lat' dir='ltr'>Viennae</span> 
     </span>
     <span class='ocr_line' id='line_1_19' title="bbox 179 2505 1461 2590; baseline 0.001 -20"><span class='ocrx_word' id='word_1_147' title='bbox 179 2510 285 2571; x_wconf 79' lang='lat' dir='ltr'>Anno</span> <span class='ocrx_word' id='word_1_148' title='bbox 310 2509 514 2587; x_wconf 85' lang='lat' dir='ltr'>indictione,</span> <span class='ocrx_word' id='word_1_149' title='bbox 540 2507 607 2587; x_wconf 87' lang='lat' dir='ltr'>die,</span> <span class='ocrx_word' id='word_1_150' title='bbox 625 2527 757 2587; x_wconf 87' lang='lat' dir='ltr'>mense,</span> <span class='ocrx_word' id='word_1_151' title='bbox 782 2505 1020 2588; x_wconf 89' lang='lat' dir='ltr'>pontificatus,</span> <span class='ocrx_word' id='word_1_152' title='bbox 1046 2514 1080 2567; x_wconf 89' lang='lat' dir='ltr'>et</span> <span class='ocrx_word' id='word_1_153' title='bbox 1105 2508 1184 2567; x_wconf 90' lang='lat' dir='ltr'>loco</span> <span class='ocrx_word' id='word_1_154' title='bbox 1210 2507 1336 2587; x_wconf 92' lang='lat' dir='ltr'>quibus</span> <span class='ocrx_word' id='word_1_155' title='bbox 1353 2529 1461 2590; x_wconf 90' lang='lat' dir='ltr'>super</span> 
     </span>
     <span class='ocr_line' id='line_1_20' title="bbox 181 2612 1461 2697; baseline 0 -20"><span class='ocrx_word' id='word_1_156' title='bbox 181 2616 406 2697; x_wconf 86' lang='lat' dir='ltr'>presentibus</span> <span class='ocrx_word' id='word_1_157' title='bbox 436 2615 568 2677; x_wconf 91' lang='lat' dir='ltr'>ibidem</span> <span class='ocrx_word' id='word_1_158' title='bbox 597 2613 867 2677; x_wconf 88' lang='lat' dir='ltr'>honorabilibus</span> <span class='ocrx_word' id='word_1_159' title='bbox 904 2624 939 2675; x_wconf 93' lang='lat' dir='ltr'>et</span> <span class='ocrx_word' id='word_1_160' title='bbox 970 2612 1130 2694; x_wconf 87' lang='lat' dir='ltr'>providis</span> <span class='ocrx_word' id='word_1_161' title='bbox 1162 2612 1245 2675; x_wconf 89' lang='lat' dir='ltr'>viris</span> <span class='ocrx_word' id='word_1_162' title='bbox 1278 2613 1461 2677; x_wconf 90' lang='lat' dir='ltr'>Uldalrico</span> 
     </span>
     <span class='ocr_line' id='line_1_21' title="bbox 183 2719 1459 2803; baseline -0.001 -19"><span class='ocrx_word' id='word_1_163' title='bbox 183 2722 620 2803; x_wconf 60' lang='lat' dir='ltr'>sserhuchollsolffgango</span> <span class='ocrx_word' id='word_1_164' title='bbox 656 2721 787 2800; x_wconf 89' lang='lat' dir='ltr'>Henle,</span> <span class='ocrx_word' id='word_1_165' title='bbox 827 2721 923 2782; x_wconf 85' lang='lat' dir='ltr'>Luca</span> <span class='ocrx_word' id='word_1_166' title='bbox 964 2722 1112 2782; x_wconf 72' lang='lat' dir='ltr'>Alantsc</span> <span class='ocrx_word' id='word_1_167' title='bbox 1158 2731 1193 2781; x_wconf 90' lang='lat' dir='ltr'>et</span> <span class='ocrx_word' id='word_1_168' title='bbox 1224 2719 1459 2803; x_wconf 84' lang='lat' dir='ltr'>Wolffgango</span> 
     </span>
     <span class='ocr_line' id='line_1_22' title="bbox 182 2827 1460 2911; baseline 0 -20"><span class='ocrx_word' id='word_1_169' title='bbox 182 2830 345 2911; x_wconf 85' lang='lat' dir='ltr'>Mongolt</span> <span class='ocrx_word' id='word_1_170' title='bbox 369 2829 505 2890; x_wconf 87' lang='lat' dir='ltr'>civibus</span> <span class='ocrx_word' id='word_1_171' title='bbox 525 2828 788 2890; x_wconf 84' lang='lat' dir='ltr'>Viennensibus</span> <span class='ocrx_word' id='word_1_172' title='bbox 811 2829 959 2890; x_wconf 88' lang='lat' dir='ltr'>testibus</span> <span class='ocrx_word' id='word_1_173' title='bbox 984 2827 1028 2889; x_wconf 90' lang='lat' dir='ltr'>ad</span> <span class='ocrx_word' id='word_1_174' title='bbox 1054 2828 1225 2909; x_wconf 86' lang='lat' dir='ltr'>premissa</span> <span class='ocrx_word' id='word_1_175' title='bbox 1261 2828 1396 2891; x_wconf 89' lang='lat' dir='ltr'>vocatis</span> <span class='ocrx_word' id='word_1_176' title='bbox 1426 2841 1460 2891; x_wconf 92' lang='lat' dir='ltr'>et</span> 
     </span>
     <span class='ocr_line' id='line_1_23' title="bbox 181 2937 325 3017; baseline 0 -20"><span class='ocrx_word' id='word_1_177' title='bbox 181 2937 325 3017; x_wconf 86' lang='lat' dir='ltr'>rogatis.</span> 
     </span>
    </p>
   </div>
   <div class='ocr_carea' id='block_1_3' title="bbox 181 3149 1462 4304">
    <p class='ocr_par' dir='ltr' id='par_1_3' title="bbox 181 3149 1462 4304">
     <span class='ocr_line' id='line_1_24' title="bbox 270 3149 1460 3235; baseline 0.001 -22"><span class='ocrx_word' id='word_1_178' title='bbox 270 3151 315 3213; x_wconf 89' lang='lat' dir='ltr'>Et</span> <span class='ocrx_word' id='word_1_179' title='bbox 339 3170 408 3232; x_wconf 81' lang='lat' dir='ltr'>ego</span> <span class='ocrx_word' id='word_1_180' title='bbox 433 3150 590 3229; x_wconf 89' lang='lat' dir='ltr'>Joannes</span> <span class='ocrx_word' id='word_1_181' title='bbox 615 3149 813 3213; x_wconf 88' lang='lat' dir='ltr'>Favorinus</span> <span class='ocrx_word' id='word_1_182' title='bbox 837 3150 926 3213; x_wconf 90' lang='lat' dir='ltr'>alias</span> <span class='ocrx_word' id='word_1_183' title='bbox 950 3149 1039 3231; x_wconf 85' lang='lat' dir='ltr'>gniti</span> <span class='ocrx_word' id='word_1_184' title='bbox 1064 3150 1199 3213; x_wconf 86' lang='lat' dir='ltr'>shoffec</span> <span class='ocrx_word' id='word_1_185' title='bbox 1224 3151 1373 3214; x_wconf 90' lang='lat' dir='ltr'>clericus</span> <span class='ocrx_word' id='word_1_186' title='bbox 1402 3174 1460 3235; x_wconf 91' lang='lat' dir='ltr'>pa·</span> 
     </span>
     <span class='ocr_line' id='line_1_25' title="bbox 182 3257 1461 3341; baseline 0.002 -22"><span class='ocrx_word' id='word_1_187' title='bbox 182 3257 350 3320; x_wconf 87' lang='lat' dir='ltr'>laviensis</span> <span class='ocrx_word' id='word_1_188' title='bbox 382 3257 533 3319; x_wconf 88' lang='lat' dir='ltr'>diocesis</span> <span class='ocrx_word' id='word_1_189' title='bbox 571 3278 673 3339; x_wconf 80' lang='lat' dir='ltr'>sacra</span> <span class='ocrx_word' id='word_1_190' title='bbox 712 3257 887 3340; x_wconf 86' lang='lat' dir='ltr'>imperiali</span> <span class='ocrx_word' id='word_1_191' title='bbox 923 3258 1137 3320; x_wconf 86' lang='lat' dir='ltr'>authoritate</span> <span class='ocrx_word' id='word_1_192' title='bbox 1168 3259 1341 3331; x_wconf 71' lang='lat' dir='ltr'>notarius:</span> <span class='ocrx_word' id='word_1_193' title='bbox 1380 3261 1461 3341; x_wconf 90' lang='lat' dir='ltr'>quia</span> 
     </span>
     <span class='ocr_line' id='line_1_26' title="bbox 181 3364 1460 3448; baseline 0.002 -22"><span class='ocrx_word' id='word_1_194' title='bbox 181 3369 297 3428; x_wconf 87' lang='lat' dir='ltr'>dictae</span> <span class='ocrx_word' id='word_1_195' title='bbox 314 3365 469 3428; x_wconf 90' lang='lat' dir='ltr'>schedae</span> <span class='ocrx_word' id='word_1_196' title='bbox 485 3365 627 3428; x_wconf 90' lang='lat' dir='ltr'>lectioni</span> <span class='ocrx_word' id='word_1_197' title='bbox 652 3365 900 3446; x_wconf 88' lang='lat' dir='ltr'>protestationi</span> <span class='ocrx_word' id='word_1_198' title='bbox 926 3364 1158 3446; x_wconf 87' lang='lat' dir='ltr'>omnibusque</span> <span class='ocrx_word' id='word_1_199' title='bbox 1182 3365 1260 3429; x_wconf 89' lang='lat' dir='ltr'>aliis</span> <span class='ocrx_word' id='word_1_200' title='bbox 1284 3378 1319 3429; x_wconf 90' lang='lat' dir='ltr'>et</span> <span class='ocrx_word' id='word_1_201' title='bbox 1344 3367 1460 3448; x_wconf 85' lang='lat' dir='ltr'>singu·</span> 
     </span>
     <span class='ocr_line' id='line_1_27' title="bbox 181 3471 1461 3555; baseline 0.001 -20"><span class='ocrx_word' id='word_1_202' title='bbox 181 3474 233 3553; x_wconf 89' lang='lat' dir='ltr'>lis,</span> <span class='ocrx_word' id='word_1_203' title='bbox 259 3474 342 3535; x_wconf 92' lang='lat' dir='ltr'>dum</span> <span class='ocrx_word' id='word_1_204' title='bbox 367 3472 417 3534; x_wconf 90' lang='lat' dir='ltr'>sic</span> <span class='ocrx_word' id='word_1_205' title='bbox 441 3482 479 3534; x_wconf 93' lang='lat' dir='ltr'>ut</span> <span class='ocrx_word' id='word_1_206' title='bbox 498 3472 713 3554; x_wconf 88' lang='lat' dir='ltr'>premittitur</span> <span class='ocrx_word' id='word_1_207' title='bbox 735 3471 862 3536; x_wconf 86' lang='lat' dir='ltr'>fierent</span> <span class='ocrx_word' id='word_1_208' title='bbox 886 3481 922 3534; x_wconf 89' lang='lat' dir='ltr'>et</span> <span class='ocrx_word' id='word_1_209' title='bbox 946 3483 1149 3553; x_wconf 85' lang='lat' dir='ltr'>agerentur,</span> <span class='ocrx_word' id='word_1_210' title='bbox 1174 3493 1244 3535; x_wconf 92' lang='lat' dir='ltr'>una</span> <span class='ocrx_word' id='word_1_211' title='bbox 1267 3492 1345 3536; x_wconf 90' lang='lat' dir='ltr'>cum</span> <span class='ocrx_word' id='word_1_212' title='bbox 1362 3493 1461 3555; x_wconf 91' lang='lat' dir='ltr'>prae·</span> 
     </span>
     <span class='ocr_line' id='line_1_28' title="bbox 181 3577 1459 3660; baseline -0.001 -19"><span class='ocrx_word' id='word_1_213' title='bbox 181 3579 371 3642; x_wconf 90' lang='lat' dir='ltr'>nominatis</span> <span class='ocrx_word' id='word_1_214' title='bbox 395 3579 546 3643; x_wconf 87' lang='lat' dir='ltr'>testibus</span> <span class='ocrx_word' id='word_1_215' title='bbox 569 3578 728 3642; x_wconf 89' lang='lat' dir='ltr'>interfui:</span> <span class='ocrx_word' id='word_1_216' title='bbox 754 3600 868 3660; x_wconf 89' lang='lat' dir='ltr'>eaque</span> <span class='ocrx_word' id='word_1_217' title='bbox 894 3579 943 3642; x_wconf 89' lang='lat' dir='ltr'>sic</span> <span class='ocrx_word' id='word_1_218' title='bbox 968 3577 1044 3642; x_wconf 87' lang='lat' dir='ltr'>fieri</span> <span class='ocrx_word' id='word_1_219' title='bbox 1068 3579 1139 3641; x_wconf 89' lang='lat' dir='ltr'>vidi</span> <span class='ocrx_word' id='word_1_220' title='bbox 1165 3588 1201 3641; x_wconf 87' lang='lat' dir='ltr'>et</span> <span class='ocrx_word' id='word_1_221' title='bbox 1217 3580 1336 3642; x_wconf 90' lang='lat' dir='ltr'>audivi</span> <span class='ocrx_word' id='word_1_222' title='bbox 1361 3579 1459 3642; x_wconf 90' lang='lat' dir='ltr'>acin</span> 
     </span>
     <span class='ocr_line' id='line_1_29' title="bbox 182 3687 1460 3769; baseline 0 -20"><span class='ocrx_word' id='word_1_223' title='bbox 182 3698 301 3749; x_wconf 93' lang='lat' dir='ltr'>notam</span> <span class='ocrx_word' id='word_1_224' title='bbox 325 3687 478 3769; x_wconf 89' lang='lat' dir='ltr'>sumpsi:</span> <span class='ocrx_word' id='word_1_225' title='bbox 511 3688 592 3750; x_wconf 89' lang='lat' dir='ltr'>ideo</span> <span class='ocrx_word' id='word_1_226' title='bbox 616 3689 684 3749; x_wconf 92' lang='lat' dir='ltr'>hoc</span> <span class='ocrx_word' id='word_1_227' title='bbox 708 3707 879 3769; x_wconf 88' lang='lat' dir='ltr'>praesens</span> <span class='ocrx_word' id='word_1_228' title='bbox 904 3687 1084 3768; x_wconf 90' lang='lat' dir='ltr'>publicum</span> <span class='ocrx_word' id='word_1_229' title='bbox 1113 3688 1381 3768; x_wconf 89' lang='lat' dir='ltr'>protestationis</span> <span class='ocrx_word' id='word_1_230' title='bbox 1413 3687 1460 3749; x_wconf 94' lang='lat' dir='ltr'>in-</span> 
     </span>
     <span class='ocr_line' id='line_1_30' title="bbox 182 3792 1462 3876; baseline 0.002 -21"><span class='ocrx_word' id='word_1_231' title='bbox 182 3804 413 3857; x_wconf 90' lang='lat' dir='ltr'>strumentum</span> <span class='ocrx_word' id='word_1_232' title='bbox 461 3814 566 3856; x_wconf 90' lang='lat' dir='ltr'>manu</span> <span class='ocrx_word' id='word_1_233' title='bbox 614 3814 693 3856; x_wconf 88' lang='lat' dir='ltr'>mea</span> <span class='ocrx_word' id='word_1_234' title='bbox 737 3794 882 3876; x_wconf 90' lang='lat' dir='ltr'>propria</span> <span class='ocrx_word' id='word_1_235' title='bbox 916 3792 1068 3856; x_wconf 88' lang='lat' dir='ltr'>fideliter</span> <span class='ocrx_word' id='word_1_236' title='bbox 1100 3794 1268 3876; x_wconf 91' lang='lat' dir='ltr'>scriptum</span> <span class='ocrx_word' id='word_1_237' title='bbox 1303 3815 1348 3857; x_wconf 82' lang='lat' dir='ltr'>ex</span> <span class='ocrx_word' id='word_1_238' title='bbox 1380 3796 1462 3857; x_wconf 91' lang='lat' dir='ltr'>inde</span> 
     </span>
     <span class='ocr_line' id='line_1_31' title="bbox 183 3901 1462 3983; baseline 0.001 -21"><span class='ocrx_word' id='word_1_239' title='bbox 183 3901 337 3981; x_wconf 85' lang='lat' dir='ltr'>confeci,</span> <span class='ocrx_word' id='word_1_240' title='bbox 369 3901 564 3983; x_wconf 88' lang='lat' dir='ltr'>subscripsi</span> <span class='ocrx_word' id='word_1_241' title='bbox 595 3910 630 3963; x_wconf 88' lang='lat' dir='ltr'>et</span> <span class='ocrx_word' id='word_1_242' title='bbox 660 3901 840 3983; x_wconf 90' lang='lat' dir='ltr'>publicavi</span> <span class='ocrx_word' id='word_1_243' title='bbox 874 3912 910 3965; x_wconf 90' lang='lat' dir='ltr'>et</span> <span class='ocrx_word' id='word_1_244' title='bbox 934 3901 968 3964; x_wconf 93' lang='lat' dir='ltr'>in</span> <span class='ocrx_word' id='word_1_245' title='bbox 993 3903 1085 3964; x_wconf 94' lang='lat' dir='ltr'>hanc</span> <span class='ocrx_word' id='word_1_246' title='bbox 1109 3901 1258 3963; x_wconf 91' lang='lat' dir='ltr'>formam</span> <span class='ocrx_word' id='word_1_247' title='bbox 1284 3902 1462 3983; x_wconf 90' lang='lat' dir='ltr'>publicam</span> 
     </span>
     <span class='ocr_line' id='line_1_32' title="bbox 184 4007 1461 4089; baseline 0.002 -21"><span class='ocrx_word' id='word_1_248' title='bbox 184 4008 325 4087; x_wconf 84' lang='lat' dir='ltr'>redegi,</span> <span class='ocrx_word' id='word_1_249' title='bbox 357 4007 532 4089; x_wconf 83' lang='lat' dir='ltr'>signoque</span> <span class='ocrx_word' id='word_1_250' title='bbox 557 4018 594 4070; x_wconf 89' lang='lat' dir='ltr'>et</span> <span class='ocrx_word' id='word_1_251' title='bbox 617 4008 758 4071; x_wconf 90' lang='lat' dir='ltr'>nomine</span> <span class='ocrx_word' id='word_1_252' title='bbox 783 4009 871 4071; x_wconf 89' lang='lat' dir='ltr'>meis</span> <span class='ocrx_word' id='word_1_253' title='bbox 895 4010 1007 4072; x_wconf 90' lang='lat' dir='ltr'>solitis</span> <span class='ocrx_word' id='word_1_254' title='bbox 1038 4020 1073 4070; x_wconf 89' lang='lat' dir='ltr'>et</span> <span class='ocrx_word' id='word_1_255' title='bbox 1097 4010 1276 4070; x_wconf 88' lang='lat' dir='ltr'>consuetis</span> <span class='ocrx_word' id='word_1_256' title='bbox 1311 4008 1461 4089; x_wconf 77' lang='lat' dir='ltr'>signavi,</span> 
     </span>
     <span class='ocr_line' id='line_1_33' title="bbox 184 4113 1461 4198; baseline 0.002 -23"><span class='ocrx_word' id='word_1_257' title='bbox 184 4113 218 4176; x_wconf 92' lang='lat' dir='ltr'>in</span> <span class='ocrx_word' id='word_1_258' title='bbox 242 4114 349 4176; x_wconf 87' lang='lat' dir='ltr'>fidem</span> <span class='ocrx_word' id='word_1_259' title='bbox 373 4118 484 4177; x_wconf 88' lang='lat' dir='ltr'>robur</span> <span class='ocrx_word' id='word_1_260' title='bbox 506 4127 544 4177; x_wconf 87' lang='lat' dir='ltr'>et</span> <span class='ocrx_word' id='word_1_261' title='bbox 567 4116 805 4178; x_wconf 88' lang='lat' dir='ltr'>testimonium</span> <span class='ocrx_word' id='word_1_262' title='bbox 831 4116 985 4179; x_wconf 89' lang='lat' dir='ltr'>omnium</span> <span class='ocrx_word' id='word_1_263' title='bbox 1015 4127 1050 4177; x_wconf 88' lang='lat' dir='ltr'>et</span> <span class='ocrx_word' id='word_1_264' title='bbox 1073 4117 1293 4198; x_wconf 83' lang='lat' dir='ltr'>singulorum</span> <span class='ocrx_word' id='word_1_265' title='bbox 1319 4116 1461 4198; x_wconf 89' lang='lat' dir='ltr'>premis·</span> 
     </span>
     <span class='ocr_line' id='line_1_34' title="bbox 184 4223 755 4304; baseline 0.007 -22"><span class='ocrx_word' id='word_1_266' title='bbox 184 4241 299 4283; x_wconf 91' lang='lat' dir='ltr'>sorum</span> <span class='ocrx_word' id='word_1_267' title='bbox 324 4231 471 4303; x_wconf 85' lang='lat' dir='ltr'>rogatus</span> <span class='ocrx_word' id='word_1_268' title='bbox 496 4234 531 4284; x_wconf 88' lang='lat' dir='ltr'>et</span> <span class='ocrx_word' id='word_1_269' title='bbox 555 4223 755 4304; x_wconf 83' lang='lat' dir='ltr'>requisitus.</span> 
     </span>
    </p>
   </div>
   <div class='ocr_carea' id='block_1_4' title="bbox 0 0 1795 5734">
    <p class='ocr_par' dir='ltr' id='par_1_4' title="bbox 0 0 1795 5734">
     <span class='ocr_line' id='line_1_35' title="bbox 0 0 1795 5734; baseline 0 0"><span class='ocrx_word' id='word_1_270' title='bbox 0 0 1795 5734; x_wconf 95' lang='lat' dir='ltr'> </span> 
     </span>
    </p>
   </div>
  </div>
 </body>
</html>
