3559 5734
836 532 1083 589 &isoes

321 680 414 744 enim
447 701 526 760 ero,
556 680 584 741 si
618 681 765 742 edoctus
796 679 916 760 fuero,
952 701 1208 761 quemcumque
1237 700 1393 742 errorem
1417 699 1598 759 revocare,

321 807 453 867 eroque
477 786 622 868 primus,
647 787 705 867 qui
730 785 869 848 libellos
894 807 992 849 meos
1016 786 1051 849 in
1075 787 1194 867 ignem
1219 787 1405 867 proiitiam.

409 893 464 956 Ex
489 893 542 956 his
566 893 720 957 arbitror
745 893 915 974 liquidum
939 893 1026 973 fieri,
1051 914 1107 955 me
1131 893 1216 956 satis
1241 914 1383 955 curasse
1409 903 1444 954 et
1467 895 1599 974 ponde·

320 1023 418 1064 rasse
443 1001 645 1064 discrimina
680 1011 715 1063 et
737 1000 916 1082 pericula,
949 1021 1011 1063 seu
1043 1000 1161 1063 studia
1193 1010 1228 1062 et
1260 1000 1495 1063 dissentiones
1523 1022 1600 1063 mee

320 1109 482 1171 doctrine
508 1108 696 1171 occasione
720 1108 755 1170 in
781 1110 867 1170 orbe
894 1107 1067 1184 excitata,
1103 1109 1147 1169 de
1177 1108 1304 1188 quibus
1334 1106 1410 1169 heri
1441 1106 1600 1189 graviter

320 1227 356 1279 et
386 1216 528 1278 fortiter
556 1215 756 1278 admonitus
784 1215 846 1278 fui.
908 1214 995 1276 Mihi
1028 1216 1135 1295 plane
1164 1214 1317 1277 omnium
1350 1215 1601 1278 iocundissima

319 1322 446 1402 facies,
471 1324 539 1385 ista
563 1323 597 1384 in
623 1326 730 1386 rebus
754 1332 808 1385 est
832 1321 955 1384 videre
979 1325 1025 1383 ob
1050 1324 1196 1383 verbum
1223 1323 1289 1384 Dei
1314 1322 1447 1404 studia,
1473 1335 1510 1384 et
1533 1323 1599 1385 dis-

321 1411 615 1501 sentiones‘fierh
640 1431 674 1492 Is
697 1431 790 1492 enim
815 1438 869 1492 est
893 1429 1006 1491 Verbi
1030 1429 1098 1491 l)ei
1122 1448 1253 1508 cursuS,
1279 1449 1382 1491 casus
1399 1439 1434 1491 et
1451 1439 1601 1492 eventus

320 1537 411 1601 sicut
434 1537 537 1600 dicit:
561 1537 640 1599 Non
667 1537 748 1599 veni
771 1557 896 1618 pacem
921 1536 1060 1598 mittere
1085 1537 1148 1598 sed
1173 1535 1340 1618 gladium.
1387 1536 1481 1598 Veni
1508 1535 1599 1599 enim

320 1644 496 1707 hominem
521 1664 688 1725 seperare
713 1646 884 1707 adversus
909 1652 1047 1724 patrem
1071 1663 1170 1705 suum
1195 1652 1261 1708 etc.
1319 1644 1474 1705 Proinde
1506 1643 1599 1725 cogi-

320 1752 465 1813 tandum
491 1750 593 1813 nobis
617 1761 689 1828 est,
713 1771 818 1831 quam
842 1752 941 1813 Deus
966 1759 1087 1811 noster
1111 1749 1162 1810 sit
1180 1748 1350 1811 mirabilis
1375 1762 1409 1812 et
1433 1749 1601 1813 terribilis

321 1858 355 1920 in
381 1858 538 1921 consiliis
561 1856 647 1937 suis,
673 1878 717 1920 ne
742 1857 845 1936 forte,
870 1857 905 1919 id
931 1857 1025 1938 quod
1050 1877 1116 1937 pro
1141 1855 1308 1918 sedandis
1332 1856 1458 1918 studiis
1488 1865 1600 1919 tenta-

320 1975 393 2045 tur,
418 1965 447 2026 si
472 1986 493 2025 a
517 1965 684 2027 damnato
709 1968 820 2027 verbo
842 1964 909 2026 Dei
935 1962 1173 2044 exordiamur,
1197 1974 1325 2044 vergat
1349 1963 1467 2043 potius
1491 1964 1527 2026 in
1551 1964 1600 2025 in-

320 2070 521 2133 tollerabile
546 2071 714 2132 malorum
741 2071 921 2150 diluvium,
947 2079 982 2133 et
1006 2071 1199 2136 curandum
1225 2069 1270 2132 sit
1295 2091 1338 2132 ne
1363 2070 1601 2133 adolescentis

319 2177 423 2240 huius
447 2177 570 2260 optimi
595 2176 766 2258 principis
791 2179 910 2240 Caroli
934 2177 983 2257 (in
1018 2197 1088 2259 quo
1121 2186 1202 2259 post
1233 2178 1346 2238 Deum
1379 2179 1488 2239 multa
1518 2198 1602 2258 spes

321 2286 387 2365 est)
411 2284 559 2347 infoelix
584 2285 842 2365 inauspicatum
863 2284 925 2346 fiat
948 2285 1147 2366 imperium.
1191 2285 1338 2346 Possem
1364 2286 1602 2365 locupletibus

321 2391 509 2475 exemplis,
534 2390 707 2472 scripture
731 2393 775 2454 de
800 2393 998 2471 Pharaone,
1023 2393 1130 2473 Rege
1155 2390 1350 2470 Babilonis,
1376 2401 1412 2453 et
1436 2392 1602 2473 Regibus

320 2498 466 2578 Israhel,
491 2517 565 2559 rem
589 2499 783 2577 declarare,
809 2498 866 2579 qui
892 2507 964 2560 tum
990 2519 1068 2560 sese
1084 2497 1237 2561 maxime
1253 2498 1497 2579 perdiderunt,
1522 2520 1601 2561 cum

320 2604 588 2687 sapientissimis
613 2605 767 2668 consiliis
791 2627 854 2668 sua
887 2625 999 2686 regna
1030 2605 1220 2687 pacificare
1252 2608 1471 2668 studuerunt.
1519 2607 1601 2689 Ipse

321 2713 412 2775 enim
438 2721 502 2792 est,
527 2712 586 2793 qui
611 2713 878 2794 comprehendit
907 2723 1043 2775 astutos
1067 2712 1102 2775 in
1126 2734 1189 2774 sua
1213 2714 1343 2775 astutia
1367 2724 1402 2775 et
1426 2714 1603 2777 subvertit

320 2832 459 2884 montes
491 2830 682 2902 antequam
715 2831 946 2901 cognoscant.
1002 2821 1125 2901 ltaque
1157 2820 1281 2883 timore
1315 2821 1382 2883 Dei
1413 2842 1503 2902 opus
1536 2831 1602 2884 est.

320 2928 400 2990 Non
425 2930 489 2990 hec
515 2927 605 3006 dice,
631 2929 725 3007 quod
751 2947 840 3007 opus
864 2927 909 2989 sit
933 2948 1021 3004 mea,
1046 2930 1105 2989 vel
1129 2927 1289 2989 doctrina
1312 2930 1371 2990 vel
1395 2928 1601 3008 monitione,

321 3035 429 3097 tantis
453 3034 662 3096 verticibus:
688 3036 750 3095 sed
776 3035 870 3114 quod
896 3034 1103 3115 obsequium
1127 3055 1204 3097 mee
1226 3034 1417 3097 Germanic
1442 3036 1601 3097 debitum

320 3144 533 3204 subtrahere
558 3161 629 3203 non
655 3139 848 3203 debuerim.
897 3142 941 3202 Et
971 3141 1025 3202 his
1056 3163 1111 3203 me
1142 3161 1243 3203 sacre
1273 3142 1447 3205 maiestati
1471 3153 1603 3222 vestre,

321 3248 692 3331 dominationibusque
725 3248 854 3311 vestris
885 3248 1133 3311 illustrissimis
1165 3250 1392 3328 commendo,
1423 3249 1603 3312 humiliter

320 3376 467 3437 rogans,
499 3378 543 3419 ne
577 3356 765 3438 paciantur
795 3355 920 3418 studiis
954 3357 1260 3435 adversariorum,
1292 3378 1347 3419 me
1379 3356 1455 3420 sine
1485 3378 1603 3438 causa,

321 3463 388 3526 sibi
413 3463 515 3526 reddi
538 3463 698 3525 invisum.
746 3463 840 3524 Dixi.
872 3498 915 3506 -·

411 3570 475 3631 His
500 3569 603 3631 dictis
628 3568 759 3631 Orator
782 3569 926 3651 Imperii
950 3569 1219 3651 increpabundo
1244 3569 1383 3651 similis,
1409 3570 1499 3633 dixit
1522 3591 1603 3633 mea

321 3698 391 3740 non
418 3679 462 3739 ad
488 3698 560 3738 rem
595 3677 839 3758 respondisse,
875 3698 939 3738 nec
976 3677 1108 3738 debere
1140 3676 1174 3738 in
1206 3676 1427 3758 questionem
1459 3697 1601 3756 vocare,
1670 3717 1673 3721 -

322 3805 391 3866 que
416 3784 498 3846 olim
523 3783 558 3846 in
583 3783 748 3846 Conciliis
772 3793 892 3846 essent
917 3785 1083 3845 damnata
1108 3795 1143 3844 et
1168 3783 1328 3845 diffinita.
1375 3784 1461 3846 Ideo
1490 3804 1511 3845 a
1545 3805 1601 3846 me

320 3891 394 3972 peti
430 3889 581 3973 simplex
612 3911 681 3953 non
715 3900 899 3952 cornutum
933 3910 1150 3970 responsum.
1204 3892 1261 3952 Au
1293 3890 1397 3953 velim
1429 3910 1601 3952 revocare

319 4001 378 4061 vel
403 4019 483 4060 non.

408 4142 449 4150 -
475 4104 611 4185 Quibus
628 4125 693 4186 per
709 4104 873 4166 Luterum
890 4115 1078 4186 utcumque
1095 4103 1208 4184 dictis,
1232 4101 1415 4182 praefatus
1432 4102 1602 4164 Notarius

320 4214 365 4275 ad
390 4212 575 4274 Caesareo.
590 4209 701 4274 Sacre
725 4211 921 4292 Majestatis
945 4222 1075 4273 nutum.
1125 4212 1178 4272 lta
1202 4229 1351 4270 exorsus
1375 4217 1446 4271 est:

408 4318 492 4397 Jure
517 4319 568 4380 Te
592 4321 734 4381 beatum
760 4321 825 4380 hac
850 4328 952 4399 parte
977 4317 1180 4380 existimare
1205 4326 1308 4396 potes
1333 4315 1478 4396 Lutere,
1503 4318 1601 4397 quod

320 4424 384 4486 tibi
408 4445 526 4486 coram
551 4435 622 4487 tam
647 4426 810 4487 clementi
836 4426 1055 4507 Imperatore
1081 4424 1268 4486 dicendum
1293 4421 1372 4501 fuit,
1407 4423 1466 4503 qui
1490 4425 1600 4503 longe

319 4543 390 4593 tam
415 4531 548 4594 maiore
573 4532 746 4594 modestia
770 4531 946 4594 dicentem
971 4544 1006 4594 te
1031 4530 1225 4610 audiverit,
1258 4550 1363 4610 quam
1388 4540 1424 4591 tu
1449 4529 1525 4611 ipse
1549 4531 1600 4594 di-

318 4637 431 4711 xeris;
458 4659 561 4720 quem
586 4638 678 4700 enim
703 4638 824 4719 aequis
849 4648 910 4701 aut
933 4639 1055 4720 pronis
1079 4637 1222 4700 auribus
1246 4635 1440 4717 piissimum
1470 4636 1599 4719 princi·

319 4765 412 4826 pem,
437 4766 480 4807 ea
504 4766 572 4825 que
597 4745 851 4807 vehementiori
868 4745 993 4827 spiritu
1011 4759 1047 4808 et
1062 4744 1234 4826 acerbius,
1259 4765 1363 4825 quam
1388 4743 1599 4824 religionem

319 4861 355 4914 et
377 4851 635 4935 professionem
661 4860 756 4914 tuam
781 4854 884 4914 decet
915 4852 949 4915 in
975 4850 1183 4915 Pontificem
1216 4852 1411 4915 maximum
1436 4850 1600 4915 invectus
