3559 5734
678 596 924 652 043467&

162 740 301 805 rusticis
336 739 543 825 profligaret
576 742 794 825 Episcopos‚
828 753 1007 808 everteret
1040 746 1274 827 monasteria,
1306 766 1348 809 ac
1373 745 1444 810 alia

163 850 254 911 mala
278 859 433 912 tentaret
441 871 448 921 ;
474 852 565 912 adeo
589 870 759 932 perverse
784 861 940 933 aguntur
963 851 1092 914 omnia.

162 995 164 999 -
250 955 553 1038 Archiepiscopus
566 953 853 1039 Saltzburgensis
870 967 925 1021 est
941 968 1038 1022 certe
1062 958 1097 1021 in
1121 978 1250 1040 magno
1267 959 1441 1043 periculo;

162 1084 242 1127 nam
266 1084 321 1127 me
345 1084 411 1145 per
434 1063 653 1146 provinciam
677 1086 776 1128 suam
805 1074 1028 1145 transeunte,
1060 1066 1137 1148 ipse
1172 1066 1259 1130 meis
1291 1067 1435 1130 auribus

163 1170 282 1233 audivi
305 1170 565 1235 mussitationes
590 1171 803 1235 rebellionis.

251 1279 370 1341 Duces
394 1278 572 1342 Bavariae
596 1279 793 1361 spoliarunt
807 1280 1024 1344 monasteria
1037 1280 1140 1344 bonis
1165 1280 1247 1362 suis,
1260 1281 1442 1364 potissime

18 1437 20 1454 ,
68 1419 71 1422 -
165 1385 336 1449 clenodiis
360 1394 466 1467 atque
490 1386 569 1448 aliis
594 1386 698 1449 etiam
722 1386 777 1450 his
801 1408 893 1469 quae
916 1387 951 1451 in
977 1387 1146 1450 Ecclesiis
1170 1398 1282 1452 erant.

252 1492 523 1575 Herbipolensis
546 1493 746 1576 Episcopus
770 1494 955 1558 obsidetur
978 1493 1013 1558 in
1038 1503 1166 1558 castro.

251 1601 325 1664 Nec
350 1600 464 1663 minus
488 1621 592 1683 quam
617 1610 758 1665 centum
782 1600 997 1665 monasteria
1019 1601 1151 1684 passim
1175 1601 1211 1664 in
1235 1603 1383 1684 predam
1408 1612 1444 1665 et

164 1718 311 1772 exausta
334 1707 487 1787 fuerunt,
512 1728 626 1789 neque
651 1708 827 1791 baptismo
852 1728 968 1790 neque
992 1709 1147 1772 sacrario
1170 1710 1336 1791 parcitur.

251 1815 291 1877 In
316 1814 512 1878 Waldshuc
537 1814 790 1879 nihilomnino
815 1816 860 1879 de
877 1813 1118 1879 Sacramentis
1142 1825 1294 1897 curatur,
1319 1837 1444 1880 eversa

167 1933 247 1984 sunt
271 1920 407 2002 altaria,
432 1943 535 1985 nemo
560 1923 770 2004 baptizatur,
787 1943 902 2004 neque
918 1925 984 1985 sub
1001 1943 1071 1985 una
1088 1942 1203 2004 neque
1224 1926 1290 1986 sub
1316 1922 1448 2005 duplici

163 2028 283 2111 specie
307 2027 348 2091 fit
371 2029 587 2104 communio;
622 2030 668 2093 de
701 2029 927 2094 confessione
958 2039 994 2093 et
1026 2028 1104 2092 aliis
1128 2031 1235 2093 rebus
1259 2030 1369 2093 sacris
1392 2050 1447 2093 ac·

164 2146 236 2199 turn
261 2144 325 2199 est.

254 2243 354 2324 Quae
372 2242 553 2326 Zuinglius
567 2243 604 2306 in
620 2243 865 2308 Eucharistiae
881 2244 1023 2307 laudem
1038 2242 1180 2325 scripsit
1194 2242 1263 2306 iam
1279 2262 1448 2307 revocan-

166 2362 220 2414 tur
244 2360 279 2415 et
302 2351 395 2413 ridet
419 2371 497 2414 cum
522 2350 734 2415 Carbstadio
758 2353 827 2416 hoc
851 2348 1131 2415 Sacramentum.

251 2459 453 2522 Verulanus
478 2458 669 2541 episcopus
693 2468 881 2522 revocatus
906 2460 1025 2522 Roma
1049 2457 1163 2520 rediit.

252 2564 425 2628 Dominus
450 2565 495 2627 de
519 2565 662 2629 Bredan
687 2564 792 2629 rediit
822 2585 844 2627 a
871 2564 1025 2628 Caesare
1056 2584 1098 2628 ac
1126 2563 1324 2647 reportavit
1351 2565 1447 2645 quod

166 2672 331 2756 princeps
360 2672 419 2754 qui
450 2671 548 2753 prius
573 2654 623 2735 'in
656 2672 779 2755 Tyroli
813 2674 998 2734 dumtaxat
1028 2669 1288 2753 gubernatione
1318 2670 1446 2753 fuerat,

167 2781 269 2843 modo
293 2782 409 2843 iactus
432 2778 478 2841 sit
501 2779 673 2844 dominus.

252 2886 382 2950 Elvetii
406 2885 497 2949 inter
520 2907 559 2950 se
577 2885 748 2951 dissident
764 2896 837 2949 tum
852 2894 1001 2968 propter
1015 2887 1238 2949 lutheranam
1251 2883 1444 2948 factionem

166 3004 236 3057 tum
260 3003 409 3076 propter
430 3012 554 3076 regem
578 2993 772 3059 Gallorum.

253 3101 336 3163 Dux
361 3100 697 3182 Vertembergensis
720 3102 830 3163 habet
860 3121 979 3164 secum
1003 3119 1075 3163 non
1099 3098 1213 3162 minus
1237 3119 1342 3182 quam
1367 3098 1446 3162 XX

166 3208 275 3272 millia
299 3207 520 3272 rusticorum.

255 3315 382 3380 Comes
416 3313 600 3378 Palatinus
634 3324 688 3378 est
723 3315 830 3379 etiam
865 3314 901 3377 in
939 3314 1045 3377 armis
1057 3362 1066 3395 ,
1101 3334 1183 3377 nam
1218 3313 1346 3378 seditio
1380 3334 1446 3396 per

166 3423 333 3487 Rhenum
358 3422 572 3485 extenditur.
892 3407 895 3414 ’

254 3530 386 3593 Dicunt
409 3527 597 3593 Caesarem
621 3529 657 3592 in
680 3529 782 3592 brevi
805 3529 1034 3593 traiecturum
1057 3528 1093 3591 in
1118 3528 1266 3594 Italiam.

254 3638 454 3721 Episcopus
478 3636 759 3701 Constantiensis
782 3646 877 3701 totus
902 3638 1102 3700 destructus
1126 3646 1190 3700 est.

253 3746 342 3808 Item
366 3754 401 3808 et
426 3745 663 3828 Augustensis
686 3748 817 3809 nullam
841 3745 993 3827 amplius
1016 3742 1257 3808 obedientiam
1280 3744 1400 3806 habet.

254 3852 476 3916 Brixinensis
499 3873 625 3936 passus
650 3861 703 3915 est
726 3852 1029 3916 sacchezationem
1053 3851 1089 3914 in
1113 3850 1271 3914 Brixina.

255 3959 342 4023 Item
367 3960 462 4043 quod
487 3980 556 4042 ego
581 3962 625 4023 de
650 3962 746 4023 nullo
770 3959 944 4022 beneficio
969 3959 1203 4042 quadrantem
1226 3959 1354 4022 habe0.

254 4067 343 4132 Item
366 4067 462 4149 quod
485 4069 553 4130 hoc
576 4067 655 4148 ipso
679 4078 857 4130 momento
882 4066 1026 4148 quidam
1056 4075 1271 4129 mercatores
1294 4085 1359 4147 per

167 4174 362 4238 referentes
385 4173 509 4237 nullibi
533 4193 604 4237 non
628 4195 707 4237 esse
732 4176 910 4239 tumultus,

255 4281 360 4362 Quod
384 4280 509 4345 nullibi
537 4290 633 4344 tutus
662 4282 729 4345 erit
759 4282 926 4345 manendi
955 4283 1053 4344 locus
1086 4280 1229 4344 domino
1259 4279 1444 4342 Reveren-

169 4390 310 4453 dissimo
335 4400 584 4472 preterquam
608 4388 643 4452 in
668 4388 812 4453 civitate
836 4409 940 4454 nova.

702 4684 909 4698 mmm
