3559 5734
705 555 934 612 &istob-0

268 706 387 788 Dopoi
404 705 528 786 giunto
546 726 567 766 a
584 703 751 765 Wormes
775 703 827 765 sei
851 724 873 765 o
897 713 987 765 sette
1013 701 1140 783 giomi,
1164 700 1308 763 retornd
1328 719 1460 763 messer

183 812 338 877 Antonio
364 812 542 876 Casulano
576 813 609 874 el
643 812 726 893 qual
758 811 793 874 io
829 813 948 873 havea
971 810 1139 879 mandato
1175 808 1367 882 aTreveri
1392 827 1460 870 con

183 923 307 983 lettere
329 921 386 983 del
403 920 526 992 Revnn
541 920 702 996 elettore‚
728 928 764 981 et
786 918 893 999 porto
917 916 1121 980 authentico
1138 918 1350 978 documento
1366 916 1461 977 della

182 1031 300 1091 buona
324 1027 536 1090 executione
560 1025 650 1088 satta
674 1027 709 1087 in
735 1026 854 1107 quella
878 1024 1090 1103 universim,
1123 1044 1223 1086 come
1255 1043 1275 1083 a
1301 1022 1459 1100 Colonia,

182 1156 247 1198 con
262 1137 384 1197 buona
408 1133 638 1196 observantia
663 1134 708 1195 de
733 1132 831 1203 tutti;
857 1144 894 1195 et
917 1130 1049 1213 perche
1074 1132 1098 1194 il
1124 1131 1222 1193 detto
1239 1130 1460 1192 Treverense

181 1245 226 1304 ha
251 1242 274 1305 li
298 1241 376 1304 suoi
400 1240 626 1322 Suffraganei
652 1241 710 1302 nel
735 1260 842 1321 paese
868 1239 903 1301 di
930 1240 1078 1316 Lorena,
1104 1238 1138 1301 io
1163 1238 1188 1299 li
1212 1236 1319 1299 donai
1342 1236 1458 1319 aequi-

181 1352 323 1411 valente
348 1347 451 1430 copie
477 1349 572 1410 della
594 1349 703 1425 bulla,
728 1348 832 1428 quale
856 1347 904 1408 lui
920 1366 1103 1427 promesse
1118 1346 1287 1408 mandare
1316 1345 1460 1407 omnino

181 1470 217 1519 et
240 1477 366 1519 curare
395 1455 541 1536 reliqua.
597 1455 673 1518 Ben
710 1454 756 1516 mi
787 1453 937 1518 consilio
971 1455 1038 1516 che
1062 1453 1259 1533 guardasse
1293 1473 1393 1515 come
1427 1456 1460 1514 io

181 1566 333 1626 andasse
351 1583 416 1645 per
440 1561 588 1641 camino,
614 1560 745 1643 perche
770 1561 915 1623 auribus
940 1559 1011 1623 suis
1035 1562 1150 1623 havea
1175 1559 1273 1621 udito
1304 1561 1349 1622 da
1373 1559 1458 1622 Hut·

181 1683 264 1733 teno
289 1672 356 1733 che
379 1690 531 1733 cercava
554 1669 657 1731 farmi
682 1687 769 1749 gran
797 1668 1023 1749 despiacere,
1055 1669 1114 1729 dal
1147 1669 1212 1729 che
1245 1667 1460 1730 sforrerome

180 1779 361 1859 guardare
385 1797 452 1840 con
477 1779 511 1839 lo
536 1777 658 1839 adiuto
684 1777 718 1838 di
743 1775 822 1839 Dio.

271 1886 395 1947 Hora
420 1883 584 1946 Wormes
610 1905 679 1947 non
705 1906 744 1946 so
777 1886 931 1965 perche
956 1904 1063 1944 causa
1087 1902 1173 1962 pare
1197 1883 1264 1945 che
1296 1883 1336 1945 sii
1368 1891 1460 1945 stato

181 1994 352 2074 alquanto
384 1991 591 2054 obnubilato
621 1990 645 2053 il
671 2002 793 2054 nostro
817 2010 944 2053 sereno
969 1999 1005 2051 et
1030 1990 1211 2052 retardato
1236 2009 1281 2051 un
1307 2008 1398 2070 poco
1428 1989 1461 2051 el

182 2098 286 2161 felice
312 2119 416 2162 curso
442 2098 476 2160 di
501 2109 624 2161 nostra
648 2096 877 2179 navigatione
902 2097 937 2159 in
963 2106 1088 2177 questo
1114 2098 1229 2160 modo

273 2206 402 2268 Havea
426 2205 617 2286 impetrato
641 2209 692 2286 (ut
716 2204 941 2286 scripseram)
965 2224 986 2266 a
1006 2203 1165 2266 Lovanio
1191 2205 1236 2265 da
1261 2203 1391 2267 Cesare
1415 2224 1461 2266 un

182 2315 350 2376 mandato
376 2333 441 2394 per
464 2312 544 2375 tutti
568 2313 644 2375 suoi
669 2311 830 2391 dominii,
859 2326 954 2375 terre
986 2321 1020 2374 et
1044 2312 1148 2393 regni
1172 2321 1296 2375 contra
1328 2311 1349 2373 li
1381 2310 1461 2373 libri

182 2419 217 2481 di
242 2419 298 2481 fra
313 2419 445 2481 Martin
463 2420 596 2482 liuther
620 2429 655 2481 et
679 2419 714 2481 di
739 2419 819 2481 tutti
844 2419 923 2481 altri
941 2420 1006 2481 che
1023 2421 1215 2482 havessero
1233 2418 1355 2482 scritto
1371 2421 1461 2481 male

181 2527 217 2588 di
243 2526 284 2590 N.
311 2526 348 2589 S.
373 2547 404 2589 o.
431 2528 525 2589 della
550 2524 683 2589 Sancta
707 2524 819 2607 Sede,
852 2528 935 2608 qual
960 2528 1127 2589 mandato
1159 2528 1206 2589 ho
1237 2546 1377 2607 sempre
1401 2546 1459 2607 ap·

182 2653 308 2714 presso
332 2633 368 2694 di
393 2654 459 2696 me.
513 2634 558 2696 Al
587 2642 754 2715 presente
778 2633 976 2697 instavamo
1000 2654 1066 2715 per
1088 2634 1199 2695 havet
1223 2654 1269 2695 un
1294 2634 1462 2697 mandato

181 2743 248 2802 sub
273 2740 400 2823 poenis
422 2740 537 2803 banni
561 2740 753 2822 imperialis
778 2740 841 2821 (sic
865 2742 1056 2822 loquuntur
1079 2740 1149 2821 isti)
1173 2759 1239 2821 per
1262 2750 1373 2803 totum
1398 2740 1460 2803 Im-

181 2847 320 2929 perium
352 2858 388 2910 et
419 2848 620 2911 universam
646 2846 888 2926 Germaniam,
919 2847 1051 2929 perche
1082 2858 1165 2911 ante
1196 2847 1462 2910 coronationem

181 2954 216 3016 in
243 2953 462 3036 Aquisgrani
497 2954 625 3017 dicono
657 2956 723 3017 che
748 2975 818 3017 non
844 2954 872 3017 si
897 2965 1006 3036 potea
1030 2953 1085 3016 far
1117 2954 1153 3016 in
1182 2956 1232 3017 tal
1255 2953 1387 3033 forma,
1428 2957 1462 3016 la

182 3063 288 3143 quale
312 3065 466 3124 sarebbe
490 3066 600 3125 molto
624 3061 783 3143 proficua
808 3063 877 3124 imo
904 3062 1104 3125 necessaria
1136 3074 1171 3125 et
1196 3072 1321 3125 contra
1344 3082 1460 3143 perso·

182 3189 263 3231 nam
287 3168 400 3250 ipsius
417 3168 562 3232 Lutheri
583 3180 619 3233 et
635 3180 758 3232 contra
782 3169 1015 3250 impressores
1037 3170 1139 3250 juxta
1162 3170 1310 3234 formam
1327 3168 1461 3233 decreti

182 3274 453 3347 Lateranensis;
486 3298 542 3339 ma
567 3289 733 3358 questoro
759 3298 875 3340 vanno
901 3276 1196 3340 summussitando
1226 3289 1261 3340 et
1291 3276 1460 3359 tergiver-

182 3383 295 3445 sando
328 3394 364 3444 et
388 3383 516 3447 dicono
548 3385 613 3446 che
638 3405 708 3447 non
741 3384 770 3446 si
795 3385 890 3466 possi
924 3384 1001 3447 fare
1034 3384 1110 3447 sine
1139 3404 1268 3464 magno
1294 3384 1462 3446 scandalo

184 3499 310 3552 contra
334 3490 511 3553 hominem
537 3491 752 3555 Germanum
784 3493 1056 3554 condemnatum
1086 3491 1121 3554 in
1154 3492 1249 3554 dieta
1273 3511 1397 3569 causa,
1428 3500 1462 3552 et

183 3599 248 3659 che
274 3600 429 3660 sarebbe
453 3601 547 3660 bono
572 3599 687 3660 udirlo
712 3600 777 3661 che
796 3598 842 3660 lui
861 3599 1003 3661 venisse
1027 3601 1097 3661 alla
1122 3599 1227 3676 dieta,
1252 3598 1390 3660 benche
1415 3597 1461 3659 di-

184 3724 273 3766 cono
299 3705 365 3766 che
390 3725 460 3767 non
485 3704 679 3768 intendano
697 3707 776 3767 chel
792 3705 925 3786 venghi
942 3726 980 3768 se
1003 3727 1072 3768 non
1090 3727 1154 3789 per
1178 3706 1368 3783 revocarsi,
1392 3705 1462 3767 imo

184 3812 249 3874 che
275 3811 404 3875 dicono
429 3811 490 3893 gia
513 3814 698 3894 pensando
732 3815 802 3875 ben
827 3813 905 3875 fare
930 3815 1062 3877 havere
1092 3814 1214 3876 scritto
1243 3816 1276 3875 al
1302 3815 1403 3875 Duca
1428 3812 1462 3873 di

185 3917 345 3981 Saxonia
376 3922 441 3981 che
475 3922 509 3981 lo
534 3941 695 3983 menasse
729 3941 811 3983 seco
845 3921 923 4002 qui:
955 3921 1035 3984 altri
1065 3921 1214 3984 diceano
1247 3923 1313 3983 che
1344 3923 1463 3982 buono

185 4045 244 4087 era
269 4024 351 4088 farli
376 4028 604 4090 commandar
628 4030 693 4091 che
718 4028 766 4090 lui
781 4039 1004 4091 rettrattasse
1022 4049 1065 4090 ea
1081 4049 1174 4110 quae
1190 4040 1272 4090 sunt
1295 4028 1463 4089 damnata

184 4152 204 4195 a
227 4132 388 4196 conciliis
412 4135 642 4216 generalibus
667 4145 702 4198 et
726 4134 999 4217 imperatoribus
1028 4147 1064 4198 et
1092 4135 1165 4198 cosi
1189 4155 1277 4216 pare
1301 4135 1367 4197 che
1392 4155 1462 4196 non

184 4242 412 4303 vorrebbeno
436 4241 513 4303 fare
538 4244 665 4304 alcuna
688 4242 868 4305 mentione
899 4242 943 4304 ne
980 4244 1035 4304 del
1071 4242 1253 4306 Pontefice
1292 4242 1463 4304 moderno

184 4345 227 4408 ne
252 4345 314 4409 dili
339 4347 473 4426 antiqui
498 4359 534 4411 et
557 4351 670 4411 lassar
692 4351 801 4430 quelli
824 4349 925 4430 punti
951 4351 995 4411 de
1013 4349 1195 4413 Potestate
1214 4350 1335 4431 Papae
1358 4348 1462 4410 indis·

185 4452 287 4516 cussi.
335 4453 367 4517 O
389 4454 592 4518 ribaldaria.
647 4456 763 4519 Hasse
789 4458 865 4518 loro
889 4456 1045 4538 risposto
1068 4459 1135 4520 che
1159 4477 1229 4519 non
1255 4476 1293 4519 se
1318 4455 1463 4517 intende

185 4562 403 4623 condemnat
432 4562 467 4625 in
502 4563 597 4625 dicta
630 4584 737 4627 causa
769 4567 912 4646 quando
940 4565 965 4627 li
989 4567 1066 4627 suoi
1089 4564 1201 4627 scritti
1224 4584 1289 4646 per
1313 4563 1361 4625 lui
1385 4584 1463 4645 par-

186 4669 265 4730 lano
298 4678 334 4729 et
358 4688 424 4749 pur
449 4679 597 4751 troppo,
629 4681 664 4732 et
697 4672 763 4733 che
788 4670 885 4733 molti
917 4671 1049 4753 antiqui
1085 4671 1232 4735 heretici
1263 4690 1351 4734 sono
1372 4669 1462 4733 stati

185 4778 256 4837 cosi
285 4776 514 4839 condemnati
548 4776 636 4839 dalli
660 4774 794 4839 Summi
819 4776 996 4857 Pontifici,
1028 4776 1088 4840 alli
1119 4778 1215 4859 quali
1240 4787 1359 4860 spetta
1387 4780 1459 4840 tale

186 4881 404 4946 discussione
428 4894 464 4946 et
487 4884 519 4947 a'
543 4883 694 4965 principi
719 4886 754 4946 la
778 4883 989 4947 executione
1023 4885 1182 4946 seculare
1207 4887 1350 4965 quando
1374 4905 1462 4950 sono
