3559 5734
828 550 1074 613 &filib-0

312 722 418 789 quum
445 703 677 768 Atrianorum
702 713 738 767 et
760 704 1024 785 Montanorum,
1049 704 1341 769 Photinianorum
1367 703 1449 770 item
1465 706 1590 771 Nesto·

311 813 490 876 rianorum
526 821 561 873 et
584 811 918 890 Euthichianorum,
956 821 992 874 et
1024 810 1172 874 aliorum
1206 813 1445 877 hereticorum
1469 815 1592 896 libros,

311 921 370 1003 pia
396 931 431 983 et
455 917 631 982 catholica
655 921 764 982 multa
795 918 1018 981 continentes
1049 918 1217 1001 religiosa
1243 921 1418 983 exusserit
1442 921 1590 1004 antiqui·

311 1038 377 1092 tas.
423 1027 530 1090 Nulla
554 1026 647 1090 enim
664 1035 718 1089 est
741 1027 787 1089 ad
811 1025 1006 1088 fallendum
1022 1024 1203 1088 efficacior
1217 1026 1379 1090 doctrina
1394 1048 1498 1110 quam
1521 1049 1592 1109 que

312 1135 428 1199 multis
452 1135 558 1209 veris,
583 1154 698 1215 pauca
721 1132 813 1195 falsa
837 1132 994 1195 misceat.
1041 1131 1110 1213 Qui
1134 1143 1250 1196 autem
1282 1144 1463 1217 postremo
1487 1146 1522 1199 te
1547 1157 1592 1199 eo

311 1243 440 1325 recipis
465 1252 501 1305 et
524 1241 688 1323 confugis
709 1240 873 1321 Martine,
899 1260 968 1320 quo
993 1260 1115 1303 omnes
1138 1239 1285 1303 heretici
1310 1262 1348 1305 se
1372 1241 1531 1325 recipere
1555 1252 1593 1306 et

311 1349 507 1430 confugere
535 1356 814 1421 consueverunt;
850 1354 1013 1428 paratum
1037 1346 1173 1410 scilicet
1197 1368 1275 1411 esse
1300 1358 1352 1430 te,
1384 1370 1461 1412 cum
1485 1351 1593 1413 homo

312 1458 371 1538 sis,
396 1456 454 1539 qui
469 1456 541 1519 labi
566 1464 602 1518 et
628 1455 701 1518 falli
725 1453 851 1536 possis,
876 1475 897 1517 a
921 1474 1143 1536 quocumque
1168 1475 1302 1518 summo
1326 1456 1384 1518 vel
1400 1454 1520 1520 infimo
1545 1479 1592 1521 ex

312 1564 422 1627 sacris
445 1563 572 1626 litteris
595 1561 881 1625 informationem
897 1561 1070 1642 recipere,
1095 1561 1268 1624 neminem
1286 1572 1404 1626 tamen
1420 1564 1594 1627 hactenus

311 1671 439 1752 fuisse,
468 1670 528 1753 qui
551 1670 588 1732 id
611 1670 731 1732 facere
755 1677 984 1750 temptasset,
1021 1688 1150 1749 equum
1175 1678 1348 1750 putarem,
1373 1672 1468 1751 quod
1493 1670 1592 1752 dicis,

312 1780 342 1842 si
366 1799 436 1842 non
462 1798 584 1840 omnes
608 1775 755 1839 heretici
780 1775 873 1838 idem
898 1795 1040 1857 semper
1063 1775 1284 1838 fastitassent
1318 1787 1354 1839 et
1376 1777 1404 1839 si
1422 1798 1491 1840 non
1509 1798 1592 1860 que·

313 1887 537 1949 madmodum
562 1893 597 1946 et
621 1883 701 1966 ipsi,
726 1891 762 1945 tu
787 1903 852 1966 pro
877 1883 1025 1945 arbitrio
1051 1892 1086 1945 et
1109 1882 1160 1946 tui
1184 1882 1310 1965 capitis
1333 1895 1447 1965 motu,
1472 1906 1593 1949 sacras

311 1994 449 2057 litteras
472 1992 673 2055 intellectas
698 2010 776 2054 esse
801 1990 907 2071 velis,
938 1989 1038 2070 sique
1062 2010 1232 2053 novarum
1257 2001 1393 2054 tantum
1417 1995 1593 2073 heresum,

312 2111 348 2163 et
372 2121 442 2163 non
460 2100 529 2162 iam
543 2100 674 2160 dudum
688 2098 1004 2159 condemnatorum
1020 2107 1176 2160 assertor
1188 2097 1418 2172 accessisses;
1441 2098 1594 2180 plurima

312 2209 406 2272 enim
430 2227 552 2270 eorum
576 2225 645 2286 que
670 2203 818 2267 adducis
842 2204 1087 2286 Pegardorum
1110 2213 1201 2284 sunt,
1225 2199 1471 2268 Waldensium
1499 2216 1591 2286 sunt,

312 2315 513 2395 Pauperum
539 2313 584 2373 de
601 2311 776 2393 Lugduno
801 2320 905 2388 sunt,
920 2308 1069 2373 Wicleff
1085 2319 1120 2372 et
1137 2310 1269 2392 Huysz,
1294 2320 1330 2374 et
1351 2311 1500 2375 aliorum
1521 2313 1590 2374 iam

312 2422 444 2483 dudum
469 2417 675 2482 sinodaliter
700 2419 849 2498 explose
874 2418 1029 2480 hereses.
1077 2417 1159 2496 Ista,
1185 2437 1229 2480 ne
1245 2416 1414 2481 refricare
1439 2419 1473 2481 in
1489 2439 1591 2500 ques·

312 2529 443 2590 tionem
469 2535 505 2588 et
529 2524 804 2606 disputationem
828 2525 971 2586 trahere
1004 2526 1169 2604 oportet?
1193 2543 1262 2604 que
1288 2523 1449 2587 Ecclesia
1464 2525 1590 2588 Catho-

313 2636 381 2698 lica
401 2633 614 2716 judicialiter
639 2626 898 2706 determinavit,
924 2650 992 2711 que
1016 2629 1051 2692 in
1069 2650 1163 2709 usus,
1188 2630 1275 2692 ritus
1291 2642 1327 2692 et
1344 2632 1592 2695 observantias

313 2741 537 2819 transierunt,
563 2759 631 2820 que
656 2748 776 2819 patres
799 2736 909 2799 nostri
934 2747 1032 2798 certa
1054 2735 1124 2800 fide
1149 2746 1349 2819 tenuerunt,
1373 2758 1438 2820 pro
1463 2740 1592 2821 quibus

312 2851 410 2913 nulla
442 2868 512 2910 non
546 2866 739 2927 poenarum
765 2864 910 2926 genera,
936 2845 1032 2907 nulla
1056 2864 1124 2906 non
1150 2854 1327 2907 tormenta
1351 2846 1591 2928 pertulissent,

312 2957 417 3019 immo
454 2955 547 3016 mille
584 2962 714 3015 mortes
749 2951 850 3013 ritius
889 2951 1100 3032 subiissent,
1145 2971 1249 3040 quam
1283 2971 1425 3034 quaqua
1466 2973 1593 3016 versus

312 3067 358 3126 ab
382 3063 451 3125 illis
483 3061 738 3132 declinassent;
772 3067 809 3121 et
838 3068 876 3121 tu
910 3078 975 3121 nos
999 3078 1020 3119 a
1044 3058 1188 3138 semita,
1222 3079 1292 3139 qua
1323 3068 1444 3140 patres
1468 3062 1591 3141 nostri,

313 3169 464 3232 fideliter
488 3168 709 3229 incesserunt
732 3166 787 3228 vis
811 3164 1041 3228 deorbitare?

402 3274 496 3355 Quid
520 3275 609 3361 haec
634 3273 821 3334 audientes
846 3272 966 3333 dicent
989 3272 1102 3351 Judei,
1128 3271 1212 3353 quid
1236 3272 1362 3352 Turce,
1387 3273 1471 3354 quid
1488 3270 1591 3336 Sara·

312 3382 391 3444 ceni
416 3390 452 3443 et
474 3380 543 3442 alie
568 3389 665 3442 secte
689 3378 771 3441 fidei
793 3391 913 3441 nostre
929 3379 1183 3442 adversantes?
1231 3379 1344 3461 Quam
1368 3382 1592 3444 solverentur

312 3489 347 3551 in
384 3488 568 3551 cachinos!
607 3507 712 3567 quam
746 3489 1024 3549 subsannarent!
1058 3507 1151 3549 nunc
1184 3488 1334 3568 primum
1372 3486 1592 3551 Christianos

313 3596 495 3677 disputare
528 3614 611 3672 nos,
646 3614 690 3656 an
727 3595 899 3656 hactenus
935 3602 1031 3656 recte
1065 3595 1327 3658 crediderimus
1374 3594 1455 3657 Noli
1481 3616 1592 3677 queso

312 3702 483 3780 Martine,
519 3701 591 3763 noli
616 3700 679 3762 tibi
705 3720 892 3782 arrogare,
931 3701 1026 3782 quod
1051 3710 1088 3762 tu
1112 3701 1179 3780 sis,
1213 3715 1250 3764 tu
1275 3701 1417 3783 inquam
1441 3723 1532 3765 unus
1556 3713 1592 3765 et
1658 3718 1661 3722 ·

312 3810 407 3872 solus
431 3808 489 3888 sis,
514 3807 573 3888 qui
597 3807 779 3870 scientiam
804 3806 1058 3890 scripturarum
1082 3808 1235 3887 habeas,
1261 3807 1320 3889 qui
1345 3828 1466 3871 verum
1491 3830 1591 3873 sacre

311 3916 486 3997 scripture
504 3935 643 3977 sensum
662 3916 801 3976 teneas!
827 3935 931 3996 quem
949 3913 1175 3977 sacratissimi
1190 3915 1356 3977 doctores
1372 3915 1407 3977 in
1424 3918 1591 3997 explana-

312 4024 408 4085 tione
433 4022 695 4102 scripturarum,
721 4022 846 4083 diebus
868 4024 1037 4084 sudantes
1061 4031 1096 4084 et
1121 4021 1295 4101 noctibuS,
1320 4041 1450 4104 magno
1468 4023 1591 4085 labore

312 4140 348 4193 et
372 4130 488 4192 studio
512 4130 691 4191 consecuti
717 4138 806 4191 sunt.

400 4237 455 4299 Ne
476 4235 637 4318 juditium
662 4246 758 4299 tuum
783 4245 835 4297 tot
859 4234 1063 4298 clarissimis
1087 4236 1172 4298 viris
1195 4234 1433 4317 proposueris,
1462 4255 1506 4297 ne
1525 4235 1591 4297 tibi

312 4346 392 4427 plus
427 4343 589 4406 omnibus
625 4363 752 4424 sapere
785 4343 958 4421 videaris,
992 4363 1036 4405 ne
1062 4343 1318 4405 sanctissimam
1343 4342 1448 4404 fidem
1474 4344 1591 4404 ortho-

312 4452 442 4514 doxam
477 4449 512 4512 in
546 4450 690 4512 dubium
721 4449 963 4529 revocaveris,
999 4470 1104 4530 quam
1129 4450 1288 4513 Christus
1311 4449 1592 4531 perfectissimus

312 4558 497 4640 legislator
521 4555 681 4638 instituit,
705 4556 871 4639 Apostoli
894 4577 960 4638 per
976 4560 1098 4620 orbem
1115 4567 1286 4620 terrarum
1305 4557 1591 4640 divulgaverunt,

313 4665 480 4727 miracula
498 4664 775 4743 elucidaverunt,
799 4663 966 4726 Martires
981 4664 1122 4726 rubenti
1137 4664 1310 4747 sanguine
1327 4663 1591 4742 confirmarunt,

312 4792 416 4853 quarn
447 4771 576 4833 deinde
606 4771 696 4832 sacri
721 4771 886 4833 doctores
910 4771 1165 4851 prophetarum
1189 4772 1342 4833 obscura
1365 4769 1591 4849 disserentes,

312 4887 347 4941 et
371 4888 442 4941 tam
467 4879 550 4942 novi
574 4899 678 4960 quam
702 4877 834 4940 veteris
849 4873 1071 4940 instrumenti
1087 4879 1288 4940 revelantes
1304 4877 1457 4939 maxima
1474 4896 1589 4939 sacra-
