3559 5734
723 559 781 613 ζμΒ
820 561 872 614 237
912 556 970 610 &a

207 706 267 768 alli
300 708 334 767 dr
369 707 502 788 passati
528 708 592 768 che
619 709 736 768 hanno
767 708 839 768 tale
863 702 1031 786 opinione
1056 705 1121 765 che
1146 701 1265 763 avanti
1291 721 1356 782 per
1379 701 1487 762 molte

208 814 367 877 decenne
391 815 436 876 de
464 812 547 876 anni
572 832 680 875 erano
705 812 787 875 stati
812 810 969 893 coperti,
994 819 1030 873 et
1053 808 1161 891 dopoi
1185 807 1356 889 publicati
1381 815 1416 869 et
1439 807 1486 869 fa-

209 920 409 1002 voreggiati
439 919 553 1002 questi
584 919 665 983 libri
697 920 742 983 de
766 897 916 1000 imber,
945 919 1062 981 hanno
1094 936 1200 998 proso
1226 915 1322 977 ardir
1344 916 1390 976 de
1414 934 1486 977 sco·

208 1028 330 1109 prirse.

296 1135 348 1196 La
373 1144 499 1217 quarta
523 1154 633 1215 opera
657 1136 723 1197 che
747 1154 802 1196 me
827 1132 951 1196 dubito
984 1133 1029 1194 de
1058 1139 1184 1213 questo
1217 1130 1376 1208 ribald0,
1408 1126 1487 1191 sarit

208 1244 273 1304 che
298 1243 470 1304 Dominus
496 1241 625 1303 Noster
648 1241 777 1320 Jeshus
802 1239 962 1303 Christus
995 1259 1064 1300 non
1095 1246 1150 1300 est
1174 1234 1487 1299 consubstantialis

210 1350 318 1430 patri,
351 1359 387 1411 et
419 1351 512 1430 quod
548 1358 625 1410 erat
657 1358 797 1430 tempus
821 1347 965 1428 quando
989 1333 1060 1408 non
1086 1344 1292 1422 eratfilius,
1325 1352 1360 1405 et
1391 1342 1485 1424 quod

208 1454 300 1518 filius
325 1467 379 1518 est
403 1467 566 1532 creatura
590 1457 654 1517 sed
678 1476 747 1517 non
774 1465 812 1516 ut
836 1465 978 1516 ceterae
1002 1461 1197 1531 creaturae,
1223 1462 1259 1514 et
1276 1451 1371 1532 quod
1394 1449 1487 1511 filius

210 1573 263 1624 est
287 1564 332 1626 de
356 1563 461 1625 nullis
485 1562 691 1624 extantibus
716 1574 751 1624 et
776 1582 846 1623 non
872 1563 916 1623 de
941 1561 1019 1622 Deo
1044 1571 1164 1642 patre,
1198 1560 1231 1621 le
1255 1557 1351 1640 quali
1375 1556 1485 1638 opini-

209 1670 266 1732 oni
289 1670 394 1732 furno
419 1671 477 1732 del
502 1667 737 1751 perfidissimo
762 1678 798 1731 et
822 1667 1000 1730 diabolico
1024 1666 1151 1747 Arrio,
1176 1686 1284 1728 causa
1307 1665 1352 1726 tle
1377 1674 1488 1726 morte

209 1777 254 1839 de
286 1786 385 1840 tante
416 1776 566 1839 milliara
599 1777 644 1838 de
668 1775 860 1838 christiani.
908 1775 953 1836 Et
984 1784 1110 1856 questo
1141 1794 1212 1836 non
1243 1793 1349 1835 senza
1381 1792 1488 1834 causa

209 1887 308 1966 parlo
340 1884 472 1967 perche
505 1885 537 1945 el
567 1882 759 1945 Confessor
789 1883 834 1944 de
859 1880 969 1944 Cesar
1001 1882 1108 1944 m’ha
1141 1881 1240 1943 detto
1272 1881 1336 1941 che
1369 1879 1487 1960 quello

209 1990 346 2052 ribaldo
370 1990 426 2052 fra
449 1990 605 2052 Martino
620 1991 747 2052 Putzer
762 1988 977 2069 predicator,
1002 1989 1034 2050 el
1050 1989 1132 2069 qual
1150 1986 1268 2049 scrissi
1283 1988 1373 2049 altre
1390 1987 1487 2048 volte

210 2117 306 2160 esser
336 2097 452 2180 fugito
487 2109 523 2160 et
556 2117 653 2159 esser
677 2097 712 2158 in
737 2098 771 2158 la
794 2096 949 2159 fortezza
978 2095 1013 2157 di
1039 2095 1230 2157 Francisco
1255 2091 1486 2174 Sichinghen,

211 2207 274 2268 hor
298 2217 423 2287 questo
448 2206 586 2267 ribaldo
611 2202 829 2266 conferendo
854 2223 875 2265 a
899 2205 1050 2284 qualche
1074 2200 1259 2283 proposito
1284 2221 1362 2262 curn
1387 2201 1486 2262 detto

211 2312 392 2375 confessor
416 2312 510 2374 disse
535 2322 778 2391 apertamente
797 2310 862 2371 che
887 2308 934 2371 lui
951 2318 1058 2370 tenea
1081 2310 1147 2371 che
1165 2308 1271 2376 Arrio
1296 2328 1366 2370 non
1390 2307 1488 2370 fusse

211 2430 302 2482 stato
342 2421 410 2481 ben
450 2429 486 2480 et
524 2418 734 2480 iustamente
772 2416 998 2479 condennato
1028 2418 1084 2478 nel
1109 2415 1267 2479 Concilio
1292 2414 1428 2478 Niceno
1454 2422 1489 2477 et

212 2528 361 2607 qualche
392 2547 463 2588 uno
495 2528 539 2587 de
571 2544 660 2606 gran
696 2544 799 2585 nome
827 2523 862 2585 in
887 2533 1013 2603 questo
1038 2532 1159 2586 nostro
1184 2533 1304 2603 tempo
1328 2521 1363 2584 in
1388 2531 1442 2584 tre
1467 2542 1488 2583 o

212 2642 351 2715 quattro
384 2634 478 2697 loehi
513 2634 556 2694 de
587 2652 649 2694 sue
674 2651 784 2712 opere
813 2650 880 2712 par
912 2631 977 2692 che
1000 2639 1100 2692 senta
1132 2631 1165 2693 el
1189 2629 1322 2704 simile;
1347 2639 1384 2691 et
1407 2627 1489 2691 tutti

212 2742 324 2823 questi
353 2761 441 2804 sono
476 2738 669 2817 lutherani,
710 2736 870 2818 quamvis
912 2736 1131 2800 dissimulent
1165 2736 1332 2809 maxime;
1375 2736 1487 2817 perho

211 2849 303 2911 Rme
318 2847 471 2910 Domine
495 2867 539 2909 ne
564 2865 712 2927 spernas
737 2847 848 2907 verba
872 2843 1011 2925 parvuli
1036 2864 1155 2907 coram
1180 2855 1215 2905 te
1239 2842 1428 2924 loquentiS,
1453 2851 1489 2906 et

212 2954 353 3017 facciasi
371 2953 430 3036 piir
449 2953 643 3035 provisioni
667 2973 707 3014 se
731 2963 864 3033 poteno
888 2972 954 3033 per
977 2950 1081 3033 piliar
1105 2960 1230 3033 questo
1255 2971 1344 3014 cane
1368 2950 1489 3013 avanti

212 3065 287 3124 chel
313 3061 395 3124 vadi
419 3062 454 3123 in
476 3059 624 3122 Boemia
647 3068 683 3123 et
706 3062 772 3122 che
796 3059 929 3139 venghi
953 3060 1000 3121 tal
1023 3058 1263 3120 abomination
1289 3060 1322 3120 al
1348 3058 1488 3139 mund0,

211 3181 245 3232 et
269 3170 303 3231 in
328 3169 383 3230 his
407 3167 570 3230 omnibus
596 3167 662 3229 Dio
686 3167 771 3229 volii
797 3167 862 3228 che
887 3166 922 3228 io
947 3166 1065 3228 menti.

299 3276 542 3360 Altrihhanno
573 3274 739 3356 opinione
773 3275 839 3336 che
863 3273 998 3335 Luther
1030 3293 1069 3336 se
1097 3271 1194 3335 retiri
1219 3271 1254 3334 in
1279 3271 1386 3335 Datia
1410 3272 1488 3335 ete

210 3383 304 3446 fama
340 3386 405 3446 che
444 3403 509 3465 per
540 3382 661 3444 avanti
697 3384 729 3443 el
754 3402 792 3444 re
816 3381 851 3443 lo
876 3384 992 3443 havea
1015 3380 1104 3442 fatto
1129 3379 1314 3442 rechieder
1337 3380 1430 3442 assai
1455 3388 1491 3442 et

209 3511 279 3553 non
316 3491 473 3570 potendo
508 3490 655 3552 haverlo
690 3489 737 3550 ha
772 3488 918 3550 retirato
951 3487 1010 3569 gi‘a
1044 3486 1158 3572 (come
1184 3508 1238 3549 me
1262 3487 1308 3548 ha
1333 3487 1431 3548 detto
1456 3488 1489 3548 el

210 3599 330 3661 dottor
354 3594 495 3681 Capito)
528 3596 694 3679 Philippo
718 3595 925 3657 Melancton
959 3596 991 3656 el
1023 3596 1127 3675 quale
1155 3597 1202 3656 ha
1226 3615 1272 3656 un
1296 3592 1489 3656 bellissimo

210 3727 266 3767 ma
288 3704 544 3784 malignissimo
569 3703 737 3784 ingegno,
763 3712 798 3765 et
822 3702 930 3765 credo
955 3704 1021 3764 che
1037 3700 1083 3764 lui
1099 3701 1196 3764 habii
1211 3710 1395 3782 composto
1420 3721 1489 3763 una

210 3815 304 3875 bona
335 3822 438 3893 parte
464 3814 509 3872 de
538 3811 561 3873 li
593 3810 672 3874 libri
705 3812 749 3873 de
775 3811 910 3872 Luther
933 3830 954 3871 o
978 3811 1103 3871 saltem
1126 3811 1235 3871 molto
1260 3808 1429 3871 adiutado
1454 3817 1490 3870 et

209 3929 308 3983 tanto
347 3917 408 4000 pit
448 3920 480 3981 el
520 3939 559 3980 re
593 3919 637 3980 de
662 3918 770 3980 Datia
794 3915 940 3979 cereata
963 3918 1075 3978 haver
1099 3926 1266 3997 questoro
1291 3937 1355 3997 per
1379 3917 1489 3978 havet

210 4026 354 4108 aliquod
387 4026 549 4088 solatium
582 4036 618 4087 et
645 4024 871 4107 refrigerium
900 4024 945 4086 de
973 4025 1008 4084 la
1040 4022 1233 4086 coscientia
1257 4044 1322 4106 per
1346 4042 1489 4085 enorme

211 4133 318 4196 crime
343 4134 409 4194 che
433 4133 478 4193 ha
503 4131 592 4194 fatto
617 4132 651 4194 in
677 4150 871 4194 ammazzar
895 4128 1003 4211 quelli
1028 4130 1203 4211 episcopi,
1228 4150 1265 4192 se
1290 4149 1357 4210 pur
1381 4148 1419 4191 se
1444 4148 1487 4189 ne

209 4241 257 4303 ha
279 4238 497 4303 conscientia
520 4241 602 4320 quel
627 4260 665 4301 re
695 4241 761 4301 che
793 4236 860 4300 mai
884 4239 1002 4299 hebhe
1032 4235 1267 4310 conscientia;
1306 4234 1418 4317 perhb
1450 4237 1488 4295 se

210 4367 275 4428 per
307 4356 479 4408 aventura
510 4347 557 4408 lui
591 4367 695 4409 cerea
718 4366 739 4407 a
763 4345 883 4408 Roma
917 4344 939 4407 l'
953 4344 1196 4422 absolutione,
1233 4363 1303 4406 non
1336 4343 1487 4404 sarebbe

210 4456 280 4516 mal
303 4454 522 4534 redarguere
547 4453 689 4533 quidem
714 4461 749 4514 et
773 4452 903 4514 acriter
927 4453 1034 4514 talem
1060 4471 1183 4534 regern
1206 4471 1262 4513 ma
1286 4469 1356 4512 non
1382 4448 1405 4510 li
1437 4468 1488 4511 es·

211 4580 289 4623 sere
313 4570 443 4642 troppo
467 4558 634 4622 renitenti
658 4560 715 4623 all'
740 4559 974 4638 absolutione,
1000 4559 1165 4622 acciochit
1189 4578 1254 4638 per
1278 4559 1442 4638 despetto
1468 4577 1488 4618 o

209 4687 277 4748 per
299 4665 547 4749 desperatione
578 4687 649 4729 non
679 4687 717 4728 se
747 4668 900 4729 donasse
935 4667 994 4728 del
1027 4674 1117 4727 tutto
1148 4685 1169 4726 a
1193 4665 1311 4746 quella
1334 4664 1489 4745 pessima

210 4772 269 4834 via
293 4773 338 4836 de
363 4773 512 4851 Luther,
541 4774 576 4835 la
608 4775 690 4853 qual
722 4773 886 4836 conforta
918 4773 964 4834 ad
994 4792 1170 4834 ammazar
1201 4771 1224 4834 li
1247 4772 1358 4853 preti,
1389 4780 1488 4833 tanto

211 4881 388 4945 crudelior
412 4882 574 4962 Johanne
599 4881 744 4945 Hussita
775 4891 945 4963 quantum
977 4880 1036 4945 ille
1069 4880 1272 4946 sacerdotes
1302 4889 1487 4964 presentes
