3559 5734
682 550 740 603 οὔ
779 545 912 602 21ἱῖ>Ὀ

157 714 258 756 rones
292 694 455 757 dominos
485 695 700 776 temporales
736 704 771 757 et
802 694 891 756 alios
926 713 1168 774 quoscumque
1200 702 1269 753 tam
1299 691 1333 752 in
1360 710 1436 771 ger·

156 800 269 863 mania
302 821 409 882 quam
441 800 477 863 in
510 801 792 883 quibuscumque
821 799 899 862 aliis
924 799 1195 861 christianorum
1226 797 1323 877 locis,
1349 818 1438 878 quos

155 908 361 989 apostolicis
379 909 554 972 mandatis
570 907 819 971 inobedientes
833 906 1051 985 inveneritis
1076 905 1292 987 deponendi,
1317 907 1437 987 appel·

156 1014 307 1078 lationes
331 1015 478 1097 insuper
502 1015 781 1097 provocationes
806 1023 842 1077 et
866 1012 1037 1095 suffragia
1061 1033 1281 1094 quecumque
1306 1033 1371 1094 per
1389 1012 1437 1074 M.

156 1121 213 1184 W.
230 1122 289 1185 Ul.
308 1132 345 1185 et
369 1123 422 1201 J0.
449 1143 490 1184 ac
516 1122 605 1184 alios
630 1141 873 1203 quoscumque
898 1119 1017 1183 forsan
1043 1120 1253 1201 interposita
1269 1121 1327 1181 vel
1343 1119 1437 1181 dein·

155 1247 239 1309 ceps
265 1228 394 1309 quavis
420 1228 609 1291 occasione
634 1231 691 1291 vel
715 1249 824 1291 causa
846 1228 1119 1309 interponenda,
1144 1227 1274 1289 frivola
1307 1238 1343 1289 et
1367 1228 1437 1288 ina-

153 1335 211 1397 nia
234 1335 438 1417 nulliusque
462 1335 601 1399 roboris
634 1338 691 1398 vel
724 1336 892 1399 momenti
915 1335 1025 1398 fuisse
1059 1345 1094 1398 et
1128 1356 1206 1397 esse
1239 1335 1344 1397 etiam
1374 1355 1440 1416 per

156 1442 312 1505 edictum
327 1442 508 1523 publicum
529 1443 748 1522 declarandi,
773 1462 837 1505 nec
867 1463 938 1504 non
963 1442 1245 1505 contradictores
1269 1461 1438 1524 quoscun-

152 1570 220 1630 que
244 1570 313 1631 per
337 1569 506 1612 censuras
523 1548 784 1611 ecclesiasticas
810 1559 845 1612 et
860 1549 930 1611 alia
946 1560 1150 1631 opportuna
1170 1549 1257 1630 juris
1281 1550 1439 1612 remedia

153 1656 400 1738 appellatione
425 1656 624 1737 postposita
649 1655 911 1737 compescendi,
948 1666 983 1717 et
1017 1657 1046 1720 si
1079 1667 1114 1719 et
1144 1666 1320 1739 quatenus
1350 1678 1439 1738 opus

152 1763 262 1826 fuerit
287 1763 459 1825 auxilium
483 1763 620 1825 brachii
645 1763 839 1826 charissimi
870 1763 907 1825 in
932 1762 1071 1828 Christo
1099 1764 1162 1827 filii
1180 1764 1297 1840 nostri
1322 1765 1438 1828 Caroli

154 1871 406 1933 Romanorum
430 1881 466 1933 et
490 1870 743 1952 Hispaniarum
767 1870 884 1952 Regis
914 1869 1088 1934 Catholici
1117 1872 1153 1934 in
1183 1872 1439 1953 Imperatorem

152 1978 261 2040 electi
289 1997 332 2039 ac
357 1987 480 2040 sancte
504 1977 670 2040 Romane
696 1976 845 2040 ecclesie
869 1978 1036 2041 advocati
1070 2001 1112 2041 ac
1140 1979 1288 2042 aliorum
1313 1979 1438 2042 Catho-

152 2085 303 2147 licorum
318 2083 526 2164 Principum
551 2084 751 2149 invocandi.
778 2084 912 2146 Verum
937 2085 1126 2168 omniaque
1150 2085 1220 2148 alia
1243 2085 1440 2168 acsingula

152 2212 222 2273 que
249 2194 297 2254 ad
321 2191 524 2254 huiusmodi
541 2202 678 2274 pestem
703 2192 982 2272 extinguendam
1007 2203 1043 2255 et
1066 2191 1236 2256 radicitus
1260 2193 1438 2275 extirpan-

151 2300 235 2361 dam
268 2307 471 2379 opportuna
502 2318 580 2361 esse
606 2298 873 2380 quomodolibet
898 2299 1085 2377 noveritis,
1110 2299 1266 2362 faciendi
1290 2300 1439 2379 gerendi

152 2405 351 2469 mandandi
376 2406 565 2468 ordinandi
595 2406 787 2468 exercendi
820 2416 855 2468 et
887 2405 1090 2488 excipiendi
1122 2418 1158 2470 et
1187 2409 1233 2469 ad
1266 2408 1440 2489 premissa

151 2513 273 2575 omnia
300 2521 337 2574 et
362 2513 503 2592 singula
527 2512 557 2574 si
581 2524 617 2575 et
641 2514 784 2595 quando
817 2512 990 2594 expedire
1020 2513 1180 2576 videritis
1210 2514 1306 2576 uiros
1337 2524 1441 2597 aptos

152 2631 187 2681 et
212 2620 379 2702 ydoneos
403 2639 484 2681 cum
509 2618 697 2683 simili‘aut
721 2619 871 2683 limitata
895 2620 1065 2682 facultate
1087 2621 1289 2684 assumendi
1314 2623 1439 2685 subde·

151 2725 303 2808 legandi
321 2736 357 2789 et
381 2726 590 2808 deputandi,
615 2726 784 2809 ipsosque
809 2727 973 2809 quotiens
998 2737 1236 2808 opportunum
1260 2726 1440 2791 videbitur

150 2832 350 2897 revocandi
379 2842 414 2894 et
446 2835 525 2896 loco
556 2833 713 2916 ipsorum
744 2833 833 2896 alios
857 2833 1018 2896 similiter
1048 2835 1208 2916 ydoneos
1244 2835 1439 2916 deputandi

151 2942 299 3022 plenam
331 2950 367 3001 et
398 2938 546 3003 liberam
580 2951 705 3003 tenore
729 2940 946 3022 presentium
971 2941 1199 3004 concedimus
1223 2941 1439 3006 facultatem.

152 3046 229 3110 Vos
254 3045 365 3128 igitur
390 3047 448 3108 vel
472 3047 598 3128 aliquis
622 3057 789 3129 vestrum,
814 3048 943 3110 ceteris
971 3046 1092 3110 forsan
1130 3047 1320 3129 impeditis,
1351 3069 1440 3112 onus

151 3165 224 3217 tam
251 3152 428 3216 meritorii
452 3155 588 3236 negotii
613 3156 743 3218 devota
766 3164 885 3217 mente
910 3153 1154 3235 suscipientes,
1190 3175 1253 3215 vos
1287 3153 1320 3215 in
1347 3155 1440 3218 illius

152 3260 370 3325 executione
395 3260 445 3323 sic
472 3261 643 3324 sollicitos
668 3282 709 3324 ac
733 3264 845 3324 verbo
871 3271 906 3324 et
931 3281 1040 3343 opere
1065 3261 1242 3323 studiosos
1267 3271 1373 3342 atque
1391 3261 1435 3322 di·

153 3370 314 3452 ligentes
338 3367 539 3431 exhibeatis
563 3371 658 3451 quod
683 3388 729 3431 ex
755 3367 883 3431 vestris
907 3368 1089 3430 laboribus
1114 3367 1234 3430 divina
1265 3368 1367 3431 vobis
1390 3368 1438 3431 fa·

150 3485 261 3539 vente
293 3474 413 3558 gratia
444 3475 580 3557 sperati
612 3475 750 3537 fructus
774 3475 977 3555 adveniant,
1011 3494 1053 3537 ac
1077 3494 1142 3556 per
1167 3474 1439 3537 sollicitudinem

151 3594 313 3647 vestram
337 3603 406 3663 que
430 3603 556 3645 causas
584 3582 662 3663 pias
693 3582 901 3663 gerentibus
932 3602 997 3662 pro
1029 3581 1263 3643 retributione
1288 3582 1439 3645 debetur

152 3693 310 3772 palmam
341 3688 457 3772 glorie
488 3710 559 3752 non
592 3692 704 3753 solum
736 3689 906 3770 consequi
938 3689 1153 3766 mereamini,
1178 3708 1300 3751 verum
1332 3688 1438 3751 etiam

151 3798 251 3880 apud
277 3817 344 3859 nos
368 3807 405 3859 et
429 3797 551 3859 sedern
575 3796 774 3879 predictam
799 3817 868 3859 non
894 3795 1067 3858 immerito
1085 3795 1234 3858 valeatis
1249 3796 1294 3857 de
1311 3805 1439 3858 exacta

152 3904 344 3986 diligentia
394 3913 514 3967 vestra
554 3903 696 3966 uberius
734 3902 984 3966 commendari.
1057 3903 1187 3964 Datum
1221 3903 1339 3965 Rome
1372 3913 1441 3967 etc.

155 4013 264 4075 Anno
304 4010 492 4074 millesimo
535 4010 818 4091 quingentesimo
859 4009 1050 4092 vigesimo;
1095 4009 1200 4071 tertio
1241 4011 1344 4072 nonis
1383 4010 1438 4089 Ja-

154 4117 268 4181 nuarii
294 4117 403 4180 Anno
429 4126 567 4179 octavu.

1133 4257 1164 4317 t.
1185 4256 1313 4318 tantillo.

1045 4347 1154 4413 (collat.
1173 4348 1238 4411 Hip.
1258 4349 1290 4395 (le
1310 4346 1404 4413 Cesis.)
