3559 5734
706 556 763 610 ’μῦ
802 560 836 611 89
876 558 934 610 ΕΜ

178 701 427 764 Ecclesiastica
452 713 487 765 et
512 701 735 765 Sacerdotali
760 704 903 784 ordine,
935 724 1028 786 quae
1053 705 1097 766 de
1120 703 1196 766 iure
1222 703 1343 765 divino
1368 714 1459 785 sunt,

177 811 284 891 longe
309 809 447 874 facilius
472 813 690 874 destructum
714 811 755 874 iri
780 812 982 874 dominatus
1006 812 1233 894 temporales,
1258 810 1317 893 qui
1333 833 1398 875 nec
1412 813 1459 875 de

177 915 252 978 iure
288 916 441 979 naturali
481 927 572 981 sunt.
629 917 708 981 Non
745 919 836 982 enim
871 939 1054 1000 speremus
1087 920 1241 1001 populos
1275 930 1461 981 curaturos

177 1024 340 1105 profana,
368 1024 429 1106 qui
453 1027 562 1088 semel
586 1027 789 1108 spreverint
812 1046 925 1089 sacra.

265 1132 440 1195 Martinus
471 1142 586 1196 autem
619 1145 655 1196 et
687 1154 809 1196 omnes
841 1137 942 1215 leges
975 1133 1135 1196 funditus
1159 1135 1336 1197 tollendas
1360 1154 1454 1215 aper

177 1239 310 1302 tissime
335 1239 420 1302 dicit
444 1250 480 1302 et
504 1241 648 1303 decreta
673 1242 819 1303 Patrum
843 1240 1046 1322 scriptaque
1062 1241 1328 1322 'sheologorum
1351 1242 1400 1303 ita
1424 1241 1463 1302 in·

176 1346 248 1409 suis
282 1346 381 1409 libris
412 1349 575 1425 damnat,
608 1357 646 1410 ut
676 1369 719 1411 ea
749 1349 893 1429 publico
918 1347 993 1429 igni
1018 1348 1268 1429 combusserit,
1302 1349 1461 1411 facturus

175 1446 307 1535 peiora
334 1454 520 1535 pandectis
551 1465 587 1516 et
617 1455 781 1518 civilibus
809 1456 968 1536 legibus,
1001 1455 1029 1517 si
1055 1476 1125 1517 non
1150 1457 1264 1537 magis
1288 1456 1461 1519 timuisset

176 1560 336 1642 gladium
368 1561 547 1642 Caesaris,
582 1582 687 1643 quam
721 1561 905 1626 Pontificis
938 1563 1319 1625 excomunic‘ationem:
1355 1563 1460 1626 etiam

175 1670 260 1752 quia
284 1671 430 1733 nolebat
454 1669 522 1732 sibi
546 1680 599 1733 tot
623 1671 745 1733 hostes
768 1670 871 1732 simul
896 1669 1086 1733 concitare.

266 1777 392 1840 Fuisse
416 1776 484 1840 iam
509 1777 603 1841 mille
628 1777 730 1840 annis
755 1788 837 1840 ante
866 1786 1027 1859 tempora
1057 1779 1183 1841 horum
1207 1779 1369 1859 Regum,
1401 1779 1460 1860 qui

176 1904 269 1946 nunc
293 1884 329 1946 in
354 1884 498 1966 Europa
520 1882 659 1964 florent,
683 1885 823 1966 aliquos
847 1886 1024 1948 interdum
1049 1888 1160 1948 malos
1178 1885 1372 1949 Pontifices
1387 1887 1457 1949 Ro·

177 2012 314 2059 manos:
341 2002 376 2054 et
400 1992 435 2052 in
463 1991 672 2072 Apostolica
696 1992 909 2057 auctoritate
935 1993 1100 2075 Pipinum
1124 1992 1159 2054 in
1184 1992 1327 2075 Regem
1352 1993 1455 2056 Fran·

176 2119 299 2161 corum
330 2098 440 2161 fuisse
470 2097 661 2179 inunctum,
687 2100 850 2162 Carolum
877 2099 913 2162 in
939 2101 1203 2182 Imperatorem.
1240 2100 1317 2163 Hac
1343 2111 1458 2163 aucto-

177 2206 282 2268 ritate
307 2205 497 2287 Imperium
521 2205 557 2268 in
582 2207 740 2270 Francos
773 2210 820 2270 ab
845 2206 992 2270 Oriente
1026 2216 1249 2287 revocatum,
1277 2228 1298 2270 a
1329 2208 1461 2271 francis

175 2315 212 2376 in
227 2312 436 2378 Germanos.
475 2314 730 2395 Imperatorem
755 2313 912 2396 eligendi
936 2314 1020 2377 solis
1039 2314 1227 2378 Germanis
1250 2316 1317 2377 hac
1336 2317 1460 2379 eadem

175 2420 390 2483 auctoritate
423 2441 649 2502 concessum,
683 2441 774 2504 quae
806 2422 835 2484 si
868 2424 965 2484 nulla
989 2432 1059 2500 est,
1093 2422 1122 2485 si
1147 2443 1269 2485 omnes
1294 2424 1461 2505 aequales

176 2538 259 2591 sunt
293 2536 343 2610 (ut
375 2527 461 2590 dicit
484 2528 631 2609 Luther)
662 2530 691 2591 si
723 2529 791 2592 iam
822 2528 918 2592 mille
945 2529 1047 2592 annis
1071 2528 1124 2615 (ut
1147 2529 1240 2593 idem
1265 2531 1460 2611 asseverat)

177 2635 265 2697 nulli
291 2633 448 2697 Romani
472 2633 666 2699 Pontifices
689 2635 764 2698 veri
788 2635 942 2715 fuerunt,
971 2637 1104 2700 nullum
1127 2637 1237 2718 igitur
1260 2637 1461 2721 Imperium,

176 2743 295 2804 nullus
319 2742 528 2823 Imperator,
553 2744 638 2805 nulli
655 2743 849 2824 Electores,
875 2743 961 2806 nihil
986 2745 1129 2806 omnino
1154 2754 1208 2807 est
1231 2746 1368 2824 horum,
1393 2766 1460 2829 que

175 2858 273 2914 totus
297 2850 394 2913 orbis
418 2852 589 2913 hactenus
613 2849 739 2921 tenuit;
765 2852 800 2913 in
825 2852 934 2914 chaos
959 2850 1141 2932 antiquum
1167 2851 1426 2915 confundimur.

267 2958 324 3020 De
351 2977 507 3038 persona
533 2955 714 3020 Pontificis
738 2958 867 3020 Leonis
892 2958 940 3021 X.
970 2957 1146 3022 neminem
1170 2980 1276 3042 posse
1300 2959 1376 3022 iure
1401 2963 1460 3022 ob·
1556 2998 1559 3003 »

175 3063 293 3144 loqui,
325 3064 384 3144 qui
418 3064 520 3127 sicuti
554 3066 650 3127 nullo
675 3062 854 3127 Simoniae
888 3065 1102 3128 adminiculo
1136 3069 1270 3129 electus
1294 3065 1377 3146 fuit,
1411 3066 1461 3130 ita

176 3171 321 3252 optimis
344 3191 486 3253 semper
509 3170 666 3234 moribus
691 3181 726 3233 et
750 3171 892 3252 integra
915 3171 989 3234 vita
1012 3171 1079 3235 suit
1104 3183 1139 3236 et
1164 3173 1265 3235 vixit.

267 3279 318 3341 At
342 3279 387 3340 de
410 3278 641 3342 abusionibus
658 3278 785 3342 Curiae
802 3279 1001 3359 Romanae,
1028 3280 1189 3361 quamvis
1213 3280 1242 3343 si
1263 3290 1461 3362 temperato

177 3384 310 3448 affectu
325 3386 603 3469 perpendantur,
626 3386 740 3449 minus
755 3388 886 3449 multae
903 3387 1089 3469 minusque
1104 3406 1234 3469 graves
1251 3387 1330 3469 sint,
1356 3408 1460 3469 quam

177 3491 367 3556 Germanis
398 3503 453 3555 est
483 3512 708 3574 persuasum,
742 3494 900 3557 scribant
932 3505 1051 3558 tamen
1085 3516 1129 3558 ea
1159 3514 1249 3577 quae
1276 3495 1462 3559 offendunt

179 3602 272 3662 hanc
297 3599 517 3682 potissimum
542 3599 729 3663 Nationem
754 3599 939 3683 inclytam,
973 3612 1008 3664 et
1033 3600 1155 3664 Cesari
1186 3603 1461 3677 communicent;

177 3707 256 3789 ipse
280 3727 345 3789 per
360 3703 532 3769 Oratores
555 3728 638 3769 suos
653 3708 794 3770 Romae
819 3719 913 3790 aget,
938 3718 976 3770 ut
1000 3709 1186 3771 desideriis
1210 3710 1339 3773 nostris
1363 3712 1460 3775 satis·

177 3813 254 3885 fiat;
295 3813 348 3877 sin
381 3814 494 3877 minus
526 3814 646 3896 aliqua
676 3816 801 3878 saltem
835 3816 949 3897 magis
982 3826 1184 3898 opportuna
1217 3828 1253 3879 et
1286 3819 1463 3882 salubrior

176 3921 380 3985 invenietur
403 3921 472 4002 via,
496 3941 561 4003 per
585 3942 688 4003 quam
713 3922 780 3985 ista
805 3922 1040 4004 corrigantur,
1065 3944 1131 3986 nec
1148 3935 1266 3987 tamen
1283 3925 1461 4017 dividatur

177 4027 299 4090 tunica
330 4027 548 4091 inconsutilis
580 4026 662 4092 fidei
687 4028 909 4093 Catholicae:
942 4030 1044 4093 sicuti
1073 4031 1134 4093 fiat
1158 4032 1305 4096 necesse
1330 4043 1400 4113 est,
1432 4034 1461 4096 si

179 4134 372 4197 Lutherum
397 4154 597 4216 sequamur.

268 4239 313 4303 Et
347 4241 513 4322 quoniam
539 4242 731 4305 Lutherani
762 4263 903 4324 semper
934 4243 1096 4308 iactitant
1129 4267 1166 4309 se
1199 4267 1277 4310 esse
1309 4247 1461 4328 optimos

178 4347 270 4411 filios
302 4346 386 4410 fidei
411 4348 625 4428 Catholicae,
661 4350 792 4412 nullam
824 4349 990 4414 faciendo
1027 4353 1241 4416 mentionem
1273 4354 1461 4417 Romanae

178 4454 361 4517 Ecclesiae
393 4466 453 4518 aut
478 4454 582 4519 Sedis
608 4456 857 4539 Apostolicae,
889 4467 926 4520 et
951 4458 1171 4540 persuasisse
1197 4460 1362 4523 videntur
1385 4460 1459 4523 iilu-

178 4561 350 4625 strissimo
382 4562 462 4625 duci
492 4572 530 4624 ut
561 4564 667 4626 etiam
698 4564 775 4646 ipse
806 4565 856 4627 sic
884 4565 995 4645 dicat,
1030 4587 1177 4629 necesse
1202 4578 1256 4630 est
1279 4568 1388 4650 igitur
1411 4568 1458 4630 fa-

177 4678 321 4732 teantur
334 4672 392 4731 vel
417 4691 455 4732 se
478 4671 591 4750 aliter,
617 4692 720 4753 quam
745 4673 877 4751 dicunt,
901 4671 1035 4735 facere:
1062 4677 1118 4736 vel
1143 4674 1229 4736 illud
1246 4674 1280 4735 in
1296 4674 1460 4737 confesso

178 4778 313 4838 habere
337 4796 375 4839 se
400 4779 495 4840 solos
512 4778 731 4841 Catholicam
754 4762 861 4841 sidem
885 4780 996 4860 sequi,
1021 4801 1085 4844 nos
1109 4802 1196 4843 vero
1221 4781 1310 4844 alios
1332 4780 1368 4843 in
1385 4790 1462 4845 tota

179 4883 255 4946 fere
289 4883 449 4965 Europa,
483 4885 541 4967 qui
575 4886 763 4949 Romanae
795 4907 961 4967 paremus
989 4888 1188 4969 Ecclesiae,
1224 4911 1254 4951 a.
1275 4900 1373 4951 recta
1403 4889 1461 4952 via
