3559 5734
702 541 949 600 edalo&

186 712 320 776 gregar
343 693 376 757 el
401 690 575 777 Concilio)
600 700 636 755 et
659 689 846 755 tractarasi
869 691 920 753 tal
945 710 1027 752 cosa
1051 709 1129 751 cum
1160 687 1183 750 li
1213 685 1294 750 altri
1317 686 1392 765 Re,
1428 703 1465 749 et

185 800 346 882 Principi
370 798 561 863 Christiani
584 799 716 882 perche
740 818 846 863 senza
869 799 947 862 loro
971 815 1043 859 non
1073 795 1103 859 si
1132 796 1192 878 pol
1221 793 1276 856 far
1304 792 1464 857 Concilio

185 906 397 978 Universale
421 906 487 969 che
511 905 594 968 vadi
617 908 699 969 ben.

276 1013 357 1076 Non
380 1015 542 1095 besogna
566 1013 631 1075 che
656 1011 730 1076 Sua
752 1011 890 1075 Maesta
921 1011 1061 1075 remetti
1093 1019 1220 1090 questa
1247 1026 1345 1088 cosa,
1376 1027 1398 1069 a
1429 1008 1465 1069 la

185 1129 318 1183 venuta
341 1119 392 1183 dil
415 1139 505 1201 gran
530 1117 741 1182 Cancellieri
765 1119 811 1181 de
834 1138 919 1200 qua,
943 1118 1075 1201 perche
1100 1117 1118 1180 ὲ
1143 1113 1346 1179 necessaria
1369 1113 1390 1176 l'
1406 1132 1463 1176 au·

185 1226 292 1290 torita
316 1247 391 1306 sua,
416 1240 452 1289 et
476 1246 547 1288 non
571 1227 616 1289 de
639 1245 763 1290 menor
784 1245 950 1308 persone,
973 1226 1019 1288 ad
1043 1223 1100 1287 far
1122 1226 1188 1287 che
1212 1222 1321 1303 quelli
1340 1220 1465 1302 populi

186 1333 416 1397 obediscano.
463 1332 579 1396 Etiam
602 1333 734 1415 perche
760 1333 793 1396 el
821 1351 911 1414 gran
941 1330 1151 1395 Cancellieri
1182 1350 1252 1393 non
1288 1329 1464 1410 potrebbe

185 1441 278 1505 cossi
302 1441 388 1525 ogni
419 1439 504 1504 fiata
536 1440 643 1525 piliar
667 1440 896 1503 conclusione
920 1442 966 1504 de
990 1440 1014 1502 li
1038 1438 1185 1502 remedii
1208 1440 1274 1501 che
1297 1437 1463 1518 perereb-

186 1551 280 1612 beno
315 1569 337 1611 a
364 1549 399 1611 la
429 1547 595 1624 giornata
627 1567 726 1611 esser
749 1547 960 1628 necessarii,
984 1567 1091 1611 senza
1114 1566 1209 1609 nova
1231 1551 1395 1625 resposta
1418 1543 1463 1604 de

185 1653 259 1719 Sua
285 1654 421 1719 Maesta
445 1655 511 1717 che
535 1655 688 1718 sarebbe
713 1675 798 1717 cosa
820 1654 1064 1737 longhissima.
1111 1652 1156 1715 Et
1180 1660 1280 1715 tanto
1303 1650 1365 1733 piu
1397 1650 1463 1712 che

186 1765 220 1825 la
243 1762 398 1826 Natione
422 1760 637 1826 Germanica
660 1761 965 1843 suspiciosissima,
990 1770 1026 1824 et
1049 1763 1094 1824 de
1110 1769 1236 1823 natura
1252 1777 1365 1840 pocco
1381 1758 1462 1819 obe-

186 1870 328 1949 diente,
354 1889 424 1932 non
449 1869 608 1932 darebbe
631 1867 715 1933 sede
738 1890 760 1932 a
782 1871 816 1932 le
840 1868 1070 1951 ordinationi,
1103 1868 1169 1930 che
1197 1865 1380 1929 venissero
1405 1864 1463 1927 dal

185 1996 274 2058 gran
300 1975 510 2039 Cancellieri
532 1976 685 2039 essendo
710 1976 758 2039 lui
781 1976 817 2038 in
841 1975 957 2055 Italia,
980 1976 1059 2040 anci
1083 1975 1280 2038 direbbeno
1304 1973 1371 2036 che
1394 1970 1462 2034 fus·

184 2102 265 2147 sero
289 2081 485 2146 inventioni
511 2091 641 2147 nostre.
688 2083 717 2146 Il
750 2085 816 2147 che
852 2103 924 2146 non
952 2094 1104 2166 potrano
1129 2081 1205 2145 dire
1229 2101 1268 2144 se
1292 2079 1366 2144 Sua
1389 2078 1462 2142 Ma·

184 2188 261 2254 esta
275 2190 446 2254 mandata
462 2189 519 2254 un'
531 2191 637 2253 homo
653 2190 699 2253 de
715 2189 890 2272 Hispania
910 2211 976 2272 per
999 2200 1125 2273 questa
1147 2210 1232 2254 cosa
1256 2191 1462 2253 solamente.

248 2297 437 2360 ‚Adverta
460 2298 495 2359 la
518 2295 673 2361 Cesarea
695 2295 834 2361 Maesti
865 2299 932 2361 che
962 2317 1027 2379 per
1056 2297 1079 2360 l'
1094 2300 1209 2361 honor
1237 2298 1282 2359 de
1315 2295 1384 2358 Dio
1427 2302 1464 2357 et

185 2425 248 2468 suo
274 2406 426 2467 sarebbe
450 2406 547 2467 bono
570 2404 600 2467 si
615 2424 786 2485 pensasse
811 2406 856 2468 de
880 2404 1002 2487 privar
1024 2407 1059 2469 lo
1077 2406 1215 2469 Elettor
1231 2405 1275 2467 de
1291 2400 1462 2483 Saxonis,

185 2519 220 2573 et
244 2510 430 2575 transierit
453 2513 488 2575 lo
511 2511 710 2576 Elettorato
733 2511 769 2575 in
793 2532 840 2575 un
864 2512 1033 2595 Principe
1066 2514 1132 2576 che
1163 2512 1224 2594 piu
1255 2510 1416 2594 piacesse
1441 2530 1463 2573 a

172 2613 259 2681 ¹Sua
282 2615 422 2681 Maesta
449 2629 485 2681 et
508 2638 654 2700 paresse
677 2618 734 2681 far
757 2621 790 2682 al
815 2619 1000 2702 proposito
1025 2621 1069 2683 de
1094 2628 1221 2702 questa
1245 2617 1402 2698 materia,
1426 2625 1463 2680 et

185 2726 232 2787 de
255 2726 290 2787 le
313 2745 396 2788 cose
419 2744 491 2788 sue.
539 2725 675 2790 Perche
700 2728 733 2789 el
758 2727 856 2790 detto
882 2729 927 2791 de
951 2726 1109 2791 Saxonia
1140 2747 1206 2808 per
1239 2745 1337 2789 esser
1368 2733 1461 2788 stato

185 2841 288 2895 autor
310 2839 346 2895 et
366 2831 484 2896 fautor
499 2833 544 2895 de
559 2841 685 2913 questa
700 2833 873 2913 haeresia,
888 2833 1045 2898 meritasi
1069 2854 1132 2916 per
1157 2834 1190 2897 le
1215 2832 1287 2915 legi
1310 2851 1411 2896 sacre
1427 2839 1463 2895 et

184 2938 360 3021 imperiali
373 2938 631 3020 esserprivat0,
639 2957 740 3002 como
750 2938 855 3003 etiam
864 2961 930 3022 per
938 2943 973 3005 la
982 2940 1219 3024 ignominiosa
1230 2939 1461 3003 desobedien·

185 3045 243 3126 tia,
264 3047 300 3109 la
316 3047 399 3128 qual
411 3046 519 3110 luiba
535 3058 637 3109 usato
651 3039 775 3110 contra
788 3048 823 3109 lo
835 3046 963 3111 Edicto
976 3049 1022 3111 de
1033 3045 1107 3111 Sua
1118 3047 1257 3111 Maesti
1270 3056 1306 3109 et
1324 3045 1368 3108 de
1383 3052 1460 3107 tuto

186 3155 220 3216 lo
230 3152 397 3235 Imperi0,
422 3153 487 3215 che
511 3152 547 3215 in
571 3173 657 3216 vero
682 3153 802 3217 &cosa
826 3174 896 3218 non
922 3156 1117 3219 solamente
1142 3156 1186 3218 de
1211 3174 1324 3236 pocco
1347 3153 1462 3215 honor

184 3280 206 3323 a
229 3257 304 3323 Sua
326 3260 467 3323 Maesta
490 3281 547 3324 ma
570 3280 702 3323 ancora
725 3261 927 3343 periculosa
959 3261 995 3325 in
1018 3261 1100 3326 farli
1131 3261 1274 3342 minuit,
1308 3268 1344 3323 et
1373 3258 1462 3321 forsi

183 3367 308 3431 levarli
332 3368 366 3429 la
390 3366 595 3430 obedientia
618 3368 664 3429 de
688 3366 712 3430 li
736 3367 816 3430 altri
840 3367 1009 3450 Principi,
1034 3379 1070 3432 et
1093 3369 1233 3452 Populi,
1258 3389 1297 3430 se
1320 3367 1460 3429 vedeno

184 3493 230 3538 un
256 3474 348 3538 cossi
370 3473 560 3538 manifesto
585 3494 685 3537 error
708 3475 764 3536 del
782 3473 885 3537 Duca
909 3477 955 3538 de
976 3473 1135 3538 Saxonia
1158 3496 1256 3540 esser
1279 3472 1461 3556 impunito

273 3581 433 3644 Sarebbe
457 3601 566 3644 ancor
589 3582 685 3644 bono
710 3581 776 3643 che
799 3579 873 3644 Sua
901 3580 1039 3645 Maesta
1064 3602 1250 3666 pensasse,
1275 3603 1296 3644 a
1321 3578 1460 3643 dechia·

183 3708 242 3751 rar
265 3708 331 3771 per
354 3689 482 3751 adesso
506 3708 577 3751 una
599 3689 676 3751 sola
699 3686 744 3749 de
768 3688 886 3769 quelle
911 3698 1006 3752 terre
1028 3687 1176 3753 francho
1201 3710 1298 3753 esser
1321 3688 1461 3751 incorsa

185 3792 222 3857 in
257 3795 289 3857 le
323 3814 439 3876 poene
471 3794 528 3858 del
561 3793 686 3857 Banno
710 3792 915 3876 Imperiale,
952 3804 988 3859 et
1009 3795 1163 3859 metterli
1203 3797 1236 3858 le
1266 3795 1462 3879 represalia

183 3901 212 3964 si
235 3921 302 3983 per
325 3898 528 3981 Germania,
553 3920 653 3964 como
677 3921 742 3983 per
758 3900 824 3963 tuti
839 3900 863 3964 li
879 3902 984 3983 lochi,
1009 3905 1101 3967 dove
1124 3905 1244 3967 hanno
1267 3903 1460 3966 mercantie

183 4017 281 4071 tanto
305 4007 366 4091 piir
391 4009 456 4070 che
481 4007 509 4070 si
533 4008 624 4071 vede
649 4007 718 4071 essi
742 4008 912 4071 medesmi
937 4010 1107 4073 mercanti
1128 4013 1238 4075 molto
1253 4012 1365 4073 haver
1379 4030 1459 4091 pec·

183 4125 263 4178 cato
293 4114 329 4178 in
362 4124 489 4197 questa
522 4113 695 4178 haeresia.
751 4113 886 4195 Questo
927 4117 1113 4181 volentieri
1147 4119 1398 4181 vederebbeno
1434 4116 1458 4178 li

183 4220 341 4306 Principi
365 4223 411 4285 de
436 4220 643 4303 Germania,
669 4230 766 4285 etse
791 4223 955 4287 metterie
978 4235 1103 4307 terror,
1134 4246 1155 4288 a
1185 4228 1218 4288 le
1242 4226 1331 4287 altre
1354 4232 1459 4303 terre,

183 4337 218 4391 et
242 4329 381 4413 Populi,
406 4329 512 4393 etiam
536 4350 606 4393 non
631 4349 736 4392 senza
760 4331 897 4411 grande
925 4330 1010 4395 utile
1043 4332 1088 4395 de
1124 4329 1197 4395 Sua
1219 4330 1368 4395 Maesta.
1415 4331 1461 4394 Et

182 4435 298 4517 questi
322 4456 393 4498 non
418 4456 505 4500 sono
529 4437 676 4500 remedii
701 4436 801 4517 novi,
826 4457 883 4500 ma
907 4438 1175 4518 consuetissimi,
1201 4448 1237 4503 et
1259 4460 1325 4521 per
1348 4442 1457 4502 molto

183 4561 307 4606 menor
330 4562 436 4605 causa
461 4542 507 4605 da
530 4542 554 4604 li
578 4543 663 4606 boni
687 4543 897 4625 Imperatori
921 4544 981 4627 piu
1005 4548 1102 4608 volte
1127 4545 1227 4608 usati.

220 4719 222 4722 .
270 4649 493 4714 Finalmente
515 4649 639 4731 tenghi
663 4661 762 4714 certo
786 4649 859 4714 Sua
883 4651 1022 4715 Maesta
1050 4652 1115 4714 che
1144 4651 1274 4714 Nostro
1303 4649 1457 4733 Signore

183 4776 253 4820 non
277 4757 307 4821 si
332 4777 436 4819 move
460 4756 495 4820 in
520 4768 646 4840 questa
670 4777 754 4821 cosa
777 4777 844 4840 per
867 4760 900 4821 el
924 4757 1064 4841 privato
1089 4759 1293 4839 commodo,
1317 4779 1338 4821 ο
1361 4759 1458 4836 utile,

184 4864 248 4932 che
273 4863 407 4954 venghi
433 4865 477 4935 de
501 4866 536 4934 la
552 4862 744 4935 Germania
767 4884 789 4928 a
811 4874 938 4952 queste
962 4864 1087 4938 Corte;
1113 4866 1178 4933 che
1201 4875 1299 4936 certo
1323 4865 1456 4934 etanto
