3559 5734
744 452 1036 525 'rosnae

273 609 397 672 tiorem
422 612 625 693 reddendo,
650 615 800 676 studebo
826 637 967 698 semper
991 614 1260 698 diligentissime
1285 623 1454 694 quantum
1489 612 1554 673 erit

273 716 308 779 in
338 739 393 779 me
425 728 463 780 ut
494 719 612 782 omnia
641 731 797 802 prestem
832 743 1053 803 quecumque
1086 743 1107 786 a
1143 719 1349 783 fidelissimo
1381 718 1554 781 servitore

271 837 421 905 possunt
446 826 639 907 expectari,
665 828 772 909 idque
796 831 854 892 vel
879 832 926 892 ob
949 832 1016 893 hoc
1032 829 1238 911 diligentius
1262 841 1386 890 curare
1409 846 1554 907 possum

273 941 461 1013 postquam
499 932 595 996 evasi
630 934 700 997 iam
734 935 821 999 illud
856 937 1050 1018 periculum
1088 937 1183 1019 quod
1207 934 1307 1017 quasi
1332 935 1493 996 incautus
1519 940 1554 994 et

273 1059 319 1100 ex
343 1038 538 1121 improviso
572 1042 697 1104 diebus
731 1044 973 1125 superioribus
1001 1043 1194 1106 incideram
1231 1061 1336 1122 quum
1370 1060 1426 1103 me
1451 1049 1486 1102 et
1510 1038 1554 1101 ci-

271 1143 418 1210 vitatem
453 1148 543 1210 hanc
579 1148 807 1212 tridentinam
841 1151 983 1214 Rustici
1012 1154 1136 1213 horum
1169 1147 1358 1211 confinium
1388 1156 1423 1210 et
1447 1145 1553 1218 alieni

272 1263 307 1316 et
331 1254 399 1316 mei
424 1275 469 1317 ex
492 1254 673 1337 insperato
698 1255 1039 1320 circumvalaverant
1064 1259 1144 1319 dum
1171 1254 1432 1338 presensissent
1457 1253 1551 1333 quod

272 1359 367 1423 Ser¹¹⁵
387 1361 558 1443 Princeps
582 1363 813 1425 constituerat
838 1386 883 1428 ex
908 1367 975 1428 hoc
1001 1367 1079 1427 loco
1094 1363 1196 1426 sicuti
1214 1361 1398 1425 commodo
1415 1378 1554 1422 sumere

271 1469 440 1531 ultionem
465 1470 636 1532 adversus
660 1473 848 1534 nonnullos
872 1472 1029 1554 ipsorum
1054 1481 1089 1534 et
1113 1472 1181 1535 iam
1205 1474 1274 1533 huc
1298 1469 1452 1551 cepisset
1476 1488 1552 1550 pre·

271 1576 411 1639 mittere
436 1577 571 1657 aliquot
596 1577 753 1658 pedites,
780 1578 878 1641 cuius
900 1579 951 1642 rei
975 1599 1082 1641 causa
1101 1600 1206 1660 quam
1230 1578 1419 1640 voluerant
1445 1575 1552 1637 iidem

272 1683 392 1745 rustici
404 1682 630 1763 praevenire;
644 1686 707 1746 sed
722 1705 842 1747 eorum
857 1696 1005 1748 conatus
1015 1685 1104 1748 irriti
1113 1686 1264 1750 fuerunt.
1278 1684 1396 1749 Unum
1405 1701 1551 1744 nonom-

272 1789 406 1852 mittam
430 1790 475 1882 de
499 1811 569 1872 quo
600 1810 656 1853 me
680 1792 863 1872 praeteriti
887 1795 1055 1856 tumultus
1080 1803 1115 1855 et
1139 1791 1333 1855 seditiones
1357 1790 1551 1853 admonent

271 1898 463 1978 plerosque
488 1898 693 1960 sacerdotes
716 1899 772 1961 his
802 1899 889 1982 ipsis
922 1900 1156 1963 seditionibus
1187 1898 1343 1962 irretitos
1378 1894 1486 1958 fuisse
1518 1903 1553 1957 et

272 2003 384 2066 debiti
409 2004 461 2066 sui
485 2023 611 2085 parum
635 2025 809 2068 memores
840 2006 959 2088 ignem
992 2027 1180 2069 accensum
1211 2025 1281 2068 non
1312 2012 1449 2066 tantum
1481 2022 1551 2064 non

272 2110 468 2174 extinxisse
492 2131 614 2173 verum
640 2112 746 2174 etiam
770 2122 809 2174 ut
832 2113 948 2176 acrius
980 2114 1256 2177 succenderetur
1285 2111 1433 2189 favisse,
1464 2108 1551 2172 nihil

272 2238 416 2299 prorsus
441 2218 600 2281 omisisse
624 2221 803 2300 loquendo
828 2231 863 2283 et
887 2221 1078 2284 scribendo
1103 2221 1198 2302 quod
1222 2220 1267 2282 ad
1292 2239 1410 2282 rerum
1434 2215 1550 2278 interi·

271 2337 344 2388 tum
370 2334 405 2388 et
429 2325 616 2406 pernitiem
640 2325 791 2408 faceret,
826 2336 950 2391 contra
984 2349 1072 2410 quos
1095 2332 1189 2391 bene
1213 2328 1428 2389 conduceret
1452 2322 1549 2406 quip-

272 2431 365 2513 piam
397 2431 527 2494 remitti
555 2434 600 2495 de
632 2452 674 2494 eo
710 2434 804 2514 quod
841 2435 997 2517 alioquin
1034 2435 1110 2497 iura
1148 2442 1344 2498 sanxerunt
1379 2432 1551 2495 adversus

271 2539 476 2600 sacerdotes
500 2540 624 2601 horum
649 2541 791 2620 noxios,
815 2554 853 2603 ut
877 2542 990 2623 magis
1015 2542 1259 2624 temporaliter
1282 2538 1390 2622 plecti
1413 2536 1551 2620 possint

273 2666 377 2727 quam
402 2645 645 2726 spiritualibus
669 2647 795 2727 poenis
819 2649 958 2728 subiici,
985 2669 1076 2731 quae
1101 2648 1255 2712 criminis
1278 2645 1456 2709 atrocitati
1480 2664 1551 2707 non

272 2751 358 2813 satis
389 2756 685 2834 correspondent;
719 2755 813 2834 quod
839 2754 889 2814 Vt
917 2755 962 2815 Β0
998 2755 1111 2836 magis
1144 2755 1243 2818 cordi
1277 2756 1419 2831 habeat,
1444 2751 1549 2814 velim

272 2859 367 2921 illam
392 2878 463 2921 non
488 2861 600 2923 latere
625 2861 716 2922 inter
739 2863 804 2923 hos
830 2863 967 2943 pedites
996 2864 1055 2944 qui
1086 2862 1143 2924 hic
1177 2861 1319 2925 fuerunt
1350 2880 1416 2942 pro
1449 2858 1551 2921 casti·

272 2965 476 3046 gationibus
507 2968 631 3029 horum
665 2969 885 3031 subditorum
923 2981 959 3032 et
996 2972 1085 3034 sermi
1114 2969 1284 3052 principis
1320 2979 1356 3030 et
1393 2986 1550 3030 meorum

273 3083 474 3154 compertos
497 3073 606 3137 fuisse
631 3077 724 3137 ultra
753 3087 894 3139 centum
929 3080 1121 3140 monachos
1152 3086 1188 3139 et
1223 3077 1401 3138 seculares
1436 3093 1549 3136 sacer·

273 3181 375 3243 dotes
399 3180 458 3262 qui
490 3182 594 3244 huius
629 3182 760 3246 saeculi
796 3182 954 3246 militiam
992 3184 1137 3247 coelesti
1172 3183 1437 3265 preponendam
1473 3200 1551 3243 esse

273 3288 461 3362 duxerunt)
485 3299 523 3349 ut
547 3309 636 3370 opus
661 3310 739 3352 esse
763 3309 929 3353 censeam
952 3303 1013 3352 v⁸11¹
1037 3293 1083 3353 b¹¹¹
1110 3291 1305 3372 prudenter
1337 3299 1373 3351 et
1400 3291 1551 3352 solerter

273 3395 460 3456 advertere
484 3396 529 3456 ad
555 3416 674 3458 curam
686 3396 862 3459 Dominici
887 3397 1019 3479 gregis,
1037 3397 1194 3478 alioquin
1210 3397 1397 3478 plurimum
1422 3415 1550 3458 vereor

273 3503 367 3582 quod
404 3503 448 3563 de
473 3500 663 3565 Germania
695 3523 839 3584 prorsus
864 3504 931 3566 erit
955 3505 1237 3585 desperandum,
1273 3504 1301 3565 si
1331 3523 1469 3565 erorres
1501 3501 1551 3565 illi

274 3608 404 3669 diutius
435 3608 568 3672 suerint
592 3610 793 3691 supportati
924 3611 978 3672 Ex
1014 3610 1185 3673 Tridento
1218 3611 1356 3673 decima
1385 3609 1551 3674 Octobris

273 3714 473 3778 MDXXV.
