3559 5734
839 531 1068 587 roso&

923 784 977 849 20.

526 891 719 973 Cuiusdam
747 892 900 993 epistola
928 893 970 971 (13
998 891 1117 971 Rebus
1146 888 1375 970 Germanicia.

753 1021 894 1089 (111311.
914 1020 1081 1095 capitu.
1101 1020 1150 1089 st)

802 1126 836 1186 (7,
859 1123 995 1173 Februarii
1018 1125 1102 1184 1521.)

419 1220 736 1284 Reverendissimo
752 1220 963 1303 Monsignor
978 1220 1049 1282 mio
1063 1219 1398 1282 observandissime
1436 1218 1558 1299 Hoggi
1576 1220 1594 1280 ὲ

311 1329 445 1391 intrato
473 1329 499 1391 il
522 1329 710 1392 Marchese
734 1329 1060 1409 Brandeburgense
1093 1330 1202 1390 molto
1235 1330 1328 1390 bene
1358 1348 1378 1388 a
1403 1326 1528 1388 ordine
1560 1336 1595 1386 et

312 1455 390 1498 cum
415 1457 485 1498 una
509 1437 604 1498 bella
628 1435 858 1517 compagnia;
886 1437 976 1498 hora
1000 1455 1041 1497 ce
1065 1454 1179 1497 sonno
1203 1433 1283 1496 tutti
1307 1433 1332 1494 li
1356 1432 1514 1513 electori,
1538 1453 1596 1494 ma

311 1544 426 1624 prima
457 1545 523 1605 che
556 1542 604 1605 lui
631 1541 727 1606 fusse
751 1550 902 1619 venut0,
936 1542 995 1622 gii
1020 1553 1074 1603 tre
1097 1543 1196 1603 volte
1220 1542 1254 1602 la
1278 1540 1416 1603 Maesti
1441 1540 1596 1601 Cesarea

312 1671 391 1713 cum
407 1651 431 1712 li
448 1651 528 1713 altri
545 1649 692 1713 electori
717 1660 753 1712 et
776 1649 904 1730 grandi
929 1670 968 1712 se
993 1670 1102 1713 erano
1126 1648 1273 1711 adunati
1296 1648 1442 1710 insieme
1467 1658 1503 1709 et
1531 1667 1597 1728 per

312 1760 468 1820 anchora
493 1778 562 1820 non
588 1757 613 1819 s'
632 1757 650 1819 (1
675 1766 800 1839 potuto
825 1756 1011 1819 intendere
1033 1776 1117 1818 cosa
1133 1766 1232 1818 certa
1248 1754 1284 1816 di
1301 1757 1420 1835 quello
1438 1755 1595 1817 habbino

312 1874 494 1946 propost0.
542 1865 676 1926 Tamen
701 1885 738 1927 se
764 1864 842 1926 dice
867 1874 965 1926 certe
989 1884 1072 1926 cose
1097 1865 1278 1944 generale,
1303 1862 1380 1924 eloe
1405 1863 1471 1923 che
1494 1857 1530 1924 S.
1546 1860 1595 1925 M.

311 1972 334 2033 li
366 1973 413 2033 ha
444 1969 629 2052 regratiati
661 1971 706 2032 de
737 1972 773 2032 la
805 1972 958 2033 election
990 1973 1067 2033 loro
1095 1969 1192 2032 facta
1215 1970 1250 2031 in
1275 1988 1431 2050 persona
1455 1987 1534 2046 sua,
1560 1976 1596 2028 et

312 2081 378 2141 che
409 2099 475 2160 per
507 2098 578 2141 non
606 2080 717 2141 havet
740 2080 874 2143 havuto
899 2088 1019 2158 tempo
1042 2077 1091 2139 lui
1116 2077 1160 2139 de
1186 2076 1330 2138 visitare
1355 2075 1378 2136 11
1402 2074 1526 2157 populi
1550 2074 1595 2135 de

313 2185 461 2267 Spagna
484 2185 659 2248 facevano
683 2204 772 2267 gran
798 2184 919 2247 novitia
945 2196 979 2246 et
1003 2185 1069 2246 che
1092 2204 1158 2264 per
1172 2194 1298 2264 questo
1314 2190 1480 2262 respecto
1498 2181 1519 2241 l'
1534 2201 1596 2242 era

311 2293 461 2356 forciato
492 2303 676 2355 retornare
700 2312 765 2374 per
787 2290 1027 2372 remediargli,
1052 2299 1088 2352 et
1111 2292 1177 2352 che
1202 2290 1224 2350 'l
1249 2289 1272 2351 11
1297 2308 1459 2370 pregava
1482 2289 1593 2349 voles·

312 2421 392 2462 sero
422 2396 503 2462 finir
530 2410 655 2480 questa
680 2399 776 2462 dieta
800 2408 835 2460 et
858 2399 936 2461 fare
961 2397 1135 2460 electione
1161 2398 1205 2458 de
1230 2415 1383 2477 persone
1408 2394 1536 2457 idonee
1561 2401 1597 2454 et

311 2507 402 2569 iuste
435 2526 501 2587 per
532 2526 732 2589 governare
764 2506 800 2569 13
832 2504 995 2568 absentia
1028 2524 1092 2566 sua
1116 2505 1150 2565 la
1175 2500 1368 2565 Germania
1392 2509 1427 2563 et
1451 2498 1594 2562 admini-

312 2613 455 2693 strargli
485 2612 634 2693 iustitia,
669 2622 705 2675 et
737 2613 803 2675 che
834 2612 1052 2675 concordato
1080 2610 1146 2672 che
1171 2609 1361 2671 l’havesse
1386 2609 1419 2669 le
1443 2626 1525 2669 cose
1550 2606 1596 2667 de

313 2717 478 2800 Spagna,
512 2719 608 2801 dipoi
639 2719 739 2781 daria
770 2718 945 2802 principio
978 2720 1047 2780 alla
1073 2716 1304 2799 expeditione
1329 2716 1373 2778 de
1400 2714 1515 2787 Italia;
1550 2714 1595 2775 de

312 2838 407 2890 sorte
439 2829 505 2890 che
538 2826 594 2909 qui
620 2847 659 2890 se
683 2838 743 2889 ten
767 2847 833 2907 per
857 2826 970 2889 fermo
996 2826 1060 2886 che
1084 2822 1140 2885 fra
1165 2822 1224 2884 dui
1248 2822 1335 2884 mesi
1359 2821 1433 2883 Sua
1457 2821 1595 2882 Maesta

312 2934 447 2997 andara
471 2933 506 2996 in
523 2934 678 2996 Fiandra
702 2943 738 2995 et
762 2935 795 2995 al
820 2937 891 2995 bon
916 2943 1036 3013 tempo
1059 2952 1097 2992 se
1114 2929 1336 2992 imbarchari
1354 2947 1419 3009 per
1436 2926 1595 3008 Spagna‚

313 3053 348 3103 et
372 3042 452 3104 chel
475 3041 527 3103 sia
551 3061 637 3103 vero
661 3040 769 3102 credo
795 3042 860 3102 che
884 3039 906 3101 l'
924 3040 1055 3100 andata
1080 3039 1136 3099 del
1156 3056 1245 3117 gran
1264 3034 1424 3097 Scudero
1441 3035 1477 3096 in
1493 3034 1595 3095 Fian-

312 3149 377 3210 dra
408 3167 477 3209 non
509 3147 606 3210 fosse
637 3166 703 3228 per
727 3149 836 3225 altr0,
870 3166 908 3208 se
933 3165 1002 3207 non
1026 3165 1092 3224 per
1115 3144 1192 3206 fare
1217 3145 1283 3206 che
1308 3141 1423 3223 questi
1450 3141 1596 3204 electori

312 3257 574 3317 accelerassero
606 3255 641 3315 la
673 3254 769 3315 dieta
801 3264 836 3315 et
860 3273 925 3334 per
949 3253 1195 3315 demonstrare
1219 3272 1241 3312 a
1265 3248 1442 3331 Spagnoli
1467 3250 1532 3311 che
1558 3248 1595 3310 S.

312 3362 450 3425 Maesti
472 3363 588 3423 havea
612 3361 831 3423 comenciato
856 3382 877 3422 a
901 3362 987 3422 dare
1012 3358 1187 3440 principio
1205 3378 1226 3419 a
1247 3357 1268 3419 l’
1287 3368 1424 3419 armata
1448 3376 1513 3438 per
1536 3376 1595 3418 vo·

312 3472 386 3531 lere
418 3470 570 3548 andare,
605 3468 682 3530 acio
708 3488 777 3530 non
801 3467 989 3530 facesseno
1013 3468 1104 3528 altre
1129 3464 1264 3536 novitiu
1300 3465 1442 3526 alchimi
1467 3464 1595 3525 dicono

313 3578 378 3639 che
404 3576 439 3638 S.
464 3576 602 3638 Maesta
627 3575 770 3638 3133313
796 3575 834 3637 X
859 3575 895 3636 in
919 3574 993 3636 XII
1022 3572 1106 3636 mila
1132 3572 1387 3651 lancechenec,
1420 3572 1453 3633 el
1485 3572 1595 3633 eheie

313 3682 493 3761 credibile,
517 3683 648 3763 perche
674 3682 695 3744 l'
712 3686 802 3744 altro
823 3681 962 3762 giorno,
987 3681 1138 3743 essendo
1153 3678 1187 3741 io
1202 3680 1263 3740 dal
1280 3696 1370 3758 gran
1386 3678 1595 3741 Cancellero

313 3794 402 3852 senti
427 3792 493 3852 che
518 3810 587 3852 uno
613 3791 708 3852 della
732 3789 831 3852 Cova
855 3789 1022 3852 mandato
1047 3790 1107 3850 dal
1132 3787 1375 3850 Contestabile
1400 3786 1435 3847 al
1457 3805 1512 3863 re,
1545 3785 1596 3866 gli

313 3897 407 3959 disse
440 3899 571 3959 havere
604 3895 699 3958 facto
731 3896 917 3958 intendere
950 3896 1020 3957 alla
1047 3894 1186 3956 Maesta
1211 3893 1366 3956 Cesarea
1396 3912 1461 3972 per
1493 3902 1596 3972 parte

313 4004 407 4065 dicto
433 4002 660 4065 Conestabile
684 4004 750 4064 che
774 4003 809 4064 la
841 4023 912 4065 non
945 4002 1098 4064 andasse
1122 4021 1228 4063 senza
1252 4009 1377 4080 gente,
1402 4010 1437 4060 et
1461 4018 1499 4061 se
1524 4019 1595 4061 non

312 4113 463 4172 bastava
491 4130 634 4172 menate
658 4109 832 4188 todeschi,
857 4129 1019 4171 13333553
1043 4108 1168 4170 turchi.
1207 4105 1299 4169 Altri
1325 4105 1494 4187 vogliono
1518 4105 1597 4168 dire

313 4218 378 4280 che
402 4217 426 4278 li
451 4215 598 4279 electori
622 4227 657 4278 et
681 4215 761 4278 altri
786 4214 955 4278 Germani
979 4216 1039 4297 gia
1064 4216 1183 4277 hanno
1209 4213 1465 4277 commenciato
1481 4233 1594 4294 apar-

313 4324 387 4386 lare
412 4325 456 4386 de
480 4325 515 4385 la
540 4323 770 4404 expeditione
795 4323 839 4385 de
858 4322 978 4402 Italia,
1013 4343 1097 4385 cosa
1120 4324 1186 4384 che
1210 4321 1351 4402 poteria
1375 4341 1514 4399 essere,
1539 4341 1598 4382 ma

313 4451 383 4493 non
407 4433 443 4493 13
466 4451 574 4511 posso
599 4431 757 4508 credere,
785 4449 850 4510 per
874 4450 945 4491 non
971 4429 1101 4492 esserci
1126 4427 1251 4490 dinari.
1300 4428 1432 4489 Tamen
1456 4428 1598 4507 poteria

313 4558 432 4600 essere
456 4540 537 4618 che,
563 4535 770 4599 trovandosi
795 4537 818 4598 li
843 4535 972 4617 grandi
997 4538 1067 4598 ben
1092 4535 1243 4616 disposti
1268 4544 1304 4596 et
1327 4535 1361 4596 le
1384 4544 1478 4596 terre
1503 4534 1595 4597 fran-

313 4645 378 4706 che
402 4665 481 4707 curn
505 4655 613 4726 gente
638 4654 674 4706 et
697 4643 821 4723 dinari,
848 4645 893 4706 de
917 4642 941 4705 li
966 4643 1060 4724 quali
1085 4642 1192 4704 credo
1217 4661 1262 4703 ne
1283 4641 1440 4703 habbino
1457 4643 1596 4723 grande

313 4751 483 4832 carestia,
519 4749 593 4813 Sua
617 4749 754 4813 Maesti
789 4749 880 4813 faria
912 4749 1008 4812 dicta
1039 4750 1211 4829 impresa,
1245 4767 1311 4829 per
1343 4746 1397 4809 far
1421 4767 1521 4810 come
1546 4747 1595 4828 gli

313 4859 407 4922 disse
431 4862 463 4922 el
489 4860 626 4921 duccha
651 4859 683 4919 d’
699 4858 805 4938 Alba,
829 4859 895 4919 che
921 4856 1075 4919 volendo
1099 4874 1300 4936 governare
1325 4852 1361 4915 S.
1382 4853 1428 4916 M.
1445 4852 1596 4936 Spagna
