3559 5734
1711 495 2011 557 ο-<ἷ3436
2090 497 2207 555 G>-0

1884 772 2011 836 199

1539 887 1962 992 Campegius
2018 824 2364 969 ‘Sadoletm

1423 1025 1775 1097 (Nuntiat.
1826 1027 2132 1087 German.
2181 1025 2331 1084 Lm
2368 1026 2474 1098 78.)

1693 1134 1765 1206 (3.
1805 1138 2013 1203 Aprilis
2058 1134 2230 1204 1525.)

1022 1268 1132 1332 De
1179 1268 1250 1332 la
1298 1268 1730 1333 adunatione
1792 1271 1881 1334 de
1930 1271 1980 1334 li
2026 1271 2273 1334 villani
2321 1270 2391 1334 in
2442 1270 2827 1334 Germania
2883 1270 2934 1332 il
2982 1268 3232 1332 nuncio

681 1377 765 1441 de
817 1377 1163 1458 'Inspruck
1229 1397 1318 1438 ne
1365 1378 1631 1439 havera
1683 1379 1850 1440 dato
1911 1378 2127 1460 pieno
2176 1377 2458 1451 avviso;
2532 1397 2756 1459 penso
2820 1379 2952 1440 che
3003 1376 3093 1438 mi
3139 1375 3233 1439 fa·

677 1505 901 1545 ranno
961 1481 1279 1572 profetta
1343 1504 1380 1544 e
1429 1485 1561 1546 che
1611 1504 2198 1566 cognosceranno
2262 1486 2394 1547 che
2443 1505 2612 1548 cosa
2673 1484 2712 1547 ὲ
2762 1485 2933 1547 dare
2982 1482 3236 1546 liberta

677 1593 745 1653 al
813 1592 1199 1673 pupulazzo
1265 1590 1333 1650 di
1365 1593 1704 1671 sparlare
1770 1591 1841 1654 in
1890 1592 2346 1675 religionem,
2417 1592 2679 1673 perche
2743 1590 2905 1653 dum
2953 1590 3237 1672 impune

677 1701 1055 1777 loquuntur
1120 1698 1458 1779 vogliono
1525 1698 1646 1779 poi
1713 1701 1941 1762 anche
2016 1698 2191 1762 fare.
2307 1699 2678 1779 Appresso
2746 1696 3239 1780 Nuremberga

677 1809 861 1865 hano
929 1814 1274 1885 occupate
1339 1805 1476 1867 due
1535 1804 1706 1867 citta
1754 1805 2127 1888 imperiale
2189 1815 2261 1868 et
2308 1805 2648 1888 captivati
2711 1805 2758 1867 li
2807 1804 3122 1869 senatori
3169 1815 3239 1868 et

677 1910 1071 1993 magistrati
1132 1913 1286 1973 loro
1350 1920 1419 1973 et
1466 1910 1536 1974 in
1586 1911 2084 1994 Nuremberga
2143 1913 2382 1974 hanno
2447 1912 2807 1994 prohibito
2871 1934 2914 1974 a
2968 1911 3128 1974 tutti
3190 1910 3239 1973 li

677 2016 1478 2109 monasterii—catholici
1544 2021 1608 2081 el
1657 2020 2032 2100 predicare
2097 2029 2167 2082 et
2230 2021 2362 2082 che
2411 2039 2552 2081 non
2620 2018 3045 2082 confessino.
3141 2017 3239 2080 Se

681 2129 817 2189 Diu
869 2125 929 2189 ci
977 2135 1185 2208 porta
1232 2124 1465 2206 gratia
1513 2128 1644 2188 che
1694 2129 1763 2188 la
1810 2123 2087 2189 Maesta
2124 2126 2454 2205 Cesarea,
2501 2126 2785 2189 reddita
2832 2146 3013 2208 pace
3060 2125 3238 2187 chri·

677 2233 925 2293 arianis
971 2231 1248 2312 voglia,
1322 2252 1520 2295 come
1571 2232 1606 2294 ὲ
1656 2252 1784 2295 suo
1836 2232 2115 2313 debito,
2190 2234 2517 2295 attender
2575 2233 2714 2294 alla
2762 2231 3242 2314 extirpatione

677 2345 769 2401 [le
817 2341 885 2401 la
933 2340 1208 2401 heresie
1259 2349 1332 2401 et
1362 2323 1706 2402 assettare
1751 2339 1980 2421 questi
2024 2338 2325 2421 tumulti,
2373 2340 2530 2402 sara
2566 2340 2990 2417 necessario.
3041 2360 3244 2403 come

677 2449 853 2509 altre
921 2447 1114 2509 volte
1163 2445 1435 2525 scrissi‚
1507 2455 1804 2509 mettere
1868 2444 1939 2507 in
1987 2446 2227 2508 bando
2294 2446 2549 2508 alcuna
2615 2446 2686 2507 di
2755 2457 3003 2530 queste
3052 2456 3244 2509 terre

677 2557 793 2633 pitz
845 2553 1117 2632 sibene,
1169 2566 1239 2615 et
1285 2552 1356 2614 la
1401 2552 1632 2634 prima
1682 2574 1720 2614 a
1767 2552 1907 2620 mio
1958 2552 2217 2616 iudicio
2270 2554 2638 2616 dovrebbe
2683 2573 2920 2616 essere
2949 2552 3242 2616 Nurem·

673 2665 921 2741 herga,
971 2669 1043 2722 et
1089 2659 1597 2741 specialmente
1646 2659 1961 2740 privarla
2011 2658 2082 2721 di
2129 2660 2177 2722 li
2228 2658 2618 2723 commertii
2668 2670 2737 2721 et
2785 2659 3149 2722 restituirli
3201 2681 3244 2723 a

681 2769 1114 2849 Ratispona,
1189 2767 1355 2848 qual
1402 2765 1670 2847 perche
1716 2765 1793 2829 fu
1844 2766 2225 2830 obediente
2275 2789 2317 2830 a
2362 2778 2603 2847 tempo
2653 2768 2784 2829 che
2836 2766 3087 2829 Boemi
3134 2787 3240 2830 re·

681 2884 1046 2937 cesserunt
1094 2875 1185 2935 ab
1235 2873 1497 2935 unione
1529 2872 1897 2935 Ecclesiae
1946 2893 2155 2954 perse
2204 2873 2252 2934 il
2302 2871 2549 2935 trafico
2600 2884 2671 2935 et
2718 2871 2795 2934 fu
2826 2871 3242 2935 transferito

677 3001 717 3041 a
769 2981 1238 3061 Nurenberga
1301 2999 1483 3060 quae
1532 3000 1671 3042 non
1723 2978 1949 3041 timuit
1997 3000 2333 3043 censuras
2398 2988 2469 3042 et
2514 2979 2968 3042 interdictum
3030 2989 3104 3042 et
3153 2980 3243 3042 de

677 3085 721 3149 li
773 3089 1100 3149 hebbeno
1150 3085 1501 3167 principio
1552 3087 1691 3148 alla
1741 3087 2140 3167 grandezza
2188 3107 2316 3149 soa
2380 3097 2450 3148 et
2498 3087 2673 3167 pero
2722 3088 3030 3149 sarebbe
3080 3107 3239 3149 con-

677 3193 1003 3257 veniente
1052 3192 1184 3255 che
1234 3192 1302 3254 in
1353 3212 1492 3273 quo
1541 3204 1930 3274 peccarunt
1976 3193 2283 3255 maxime
2334 3193 2545 3255 etiam
2594 3192 3036 3273 punirentur.

857 3320 1101 3379 Eudae
1151 3316 1335 3379 XIII
1381 3316 1652 3398 Aprilis
1699 3316 2102 3380 MDXXV.

1109 3878 1428 3959 Clemens
1481 3877 1638 3958 VH.
1695 3760 2027 3957 Erhaiffl·
2075 3875 2351 3958 Cardin.
2407 3878 2794 3960 Leodiensi.

1205 4025 1404 4099 (Epist.
1441 4024 1516 4085 ad
1551 4024 1834 4098 Principes
1868 4039 1971 4097 per
2007 4022 2252 4083 Sadolet..
2289 4040 2393 4083 sor.
2430 4024 2520 4084 fol.
2558 4026 2690 4088 126.)

1665 4143 1773 4209 (21.
1818 4144 2021 4208 Aprilis
2067 4141 2240 4212 1525.)

855 4289 960 4351 Ex
1030 4288 1322 4369 regione
1383 4287 1811 4351 Hollandiae
1884 4296 1955 4350 et
2026 4286 2287 4349 circum
2360 4286 2847 4350 adiacentibus
2915 4289 3095 4351 locis
3168 4289 3237 4354 in

673 4397 929 4481 quibus
994 4396 1297 4458 dilectae
1363 4395 1433 4456 in
1503 4394 1784 4458 Christo
1850 4392 2040 4456 filiae
2107 4393 2365 4455 nobilis
2431 4393 2738 4456 mulieris
2795 4394 3237 4475 Margaritae

677 4502 1222 4565 Archiducissae
1275 4501 1606 4563 Austriae
1675 4510 1745 4563 et
1805 4499 2204 4562 comitissae
2253 4499 2714 4581 Burgundiae
2774 4510 3097 4582 potestas
3166 4514 3239 4566 et

673 4613 1055 4673 auctmritas
1104 4629 1374 4671 summa
1423 4619 1548 4683 est,
1600 4606 1918 4689 quotidie
1968 4608 2062 4670 ad
2108 4627 2237 4669 nos
2286 4606 2701 4669 deferuntur
2747 4602 3083 4689 querelae
3117 4612 3234 4674 ad-

677 4741 917 4781 versus
966 4717 1368 4798 complures
1417 4714 1536 4795 qui
1572 4715 1722 4777 eius
1770 4734 1953 4795 quae
1986 4733 2168 4776 nunc
2202 4715 2685 4776 debacchatur
2712 4714 3049 4779 hereseos
3079 4737 3233 4799 per-

669 4825 837 4885 fidia
889 4821 1269 4904 inquinati,
1320 4829 1596 4883 vetusta
1647 4818 2011 4882 Ecclesiae
2066 4830 2514 4883 sacramenta
2576 4831 2646 4883 et
2691 4819 2899 4885 fidem
2950 4825 3237 4906 synceri
