<?xml version="1.0" encoding="UTF-8"?>
<!DOCTYPE html PUBLIC "-//W3C//DTD XHTML 1.0 Transitional//EN"
    "http://www.w3.org/TR/xhtml1/DTD/xhtml1-transitional.dtd">
<html xmlns="http://www.w3.org/1999/xhtml" xml:lang="en" lang="en">
 <head>
  <title>
</title>
<meta http-equiv="Content-Type" content="text/html;charset=utf-8" />
  <meta name='ocr-system' content='tesseract 3.04.00' />
  <meta name='ocr-capabilities' content='ocr_page ocr_carea ocr_par ocr_line ocrx_word'/>
</head>
<body>
  <div class='ocr_page' id='page_1' title='image "./monumentareform01vatigoog_0205.png"; bbox 0 0 3559 5734; ppageno 0'>
   <div class='ocr_carea' id='block_1_1' title="bbox 685 548 932 604">
    <p class='ocr_par' dir='ltr' id='par_1_1' title="bbox 685 548 932 604">
     <span class='ocr_line' id='line_1_1' title="bbox 685 548 932 604; baseline 0 0"><span class='ocrx_word' id='word_1_1' title='bbox 685 548 932 604; x_wconf 45' lang='lat' dir='ltr'>&amp;lube</span> 
     </span>
    </p>
   </div>
   <div class='ocr_carea' id='block_1_2' title="bbox 163 693 1454 4853">
    <p class='ocr_par' dir='ltr' id='par_1_2' title="bbox 165 693 1449 1614">
     <span class='ocr_line' id='line_1_2' title="bbox 168 693 1449 778; baseline 0.003 -22"><span class='ocrx_word' id='word_1_2' title='bbox 168 694 369 775; x_wconf 81' lang='lat' dir='ltr'>debuisset,</span> <span class='ocrx_word' id='word_1_3' title='bbox 411 693 497 757; x_wconf 91' lang='lat' dir='ltr'>velit</span> <span class='ocrx_word' id='word_1_4' title='bbox 533 694 759 758; x_wconf 84' lang='lat' dir='ltr'>nihilominus</span> <span class='ocrx_word' id='word_1_5' title='bbox 794 716 857 758; x_wconf 90' lang='lat' dir='ltr'>sua</span> <span class='ocrx_word' id='word_1_6' title='bbox 895 694 1060 759; x_wconf 88' lang='lat' dir='ltr'>maiestas</span> <span class='ocrx_word' id='word_1_7' title='bbox 1096 717 1139 758; x_wconf 88' lang='lat' dir='ltr'>ne</span> <span class='ocrx_word' id='word_1_8' title='bbox 1181 697 1449 778; x_wconf 81' lang='lat' dir='ltr'>quomodolibet</span> 
     </span>
     <span class='ocr_line' id='line_1_3' title="bbox 168 800 1447 886; baseline 0.004 -23"><span class='ocrx_word' id='word_1_9' title='bbox 168 800 235 864; x_wconf 90' lang='lat' dir='ltr'>sibi</span> <span class='ocrx_word' id='word_1_10' title='bbox 252 801 494 883; x_wconf 86' lang='lat' dir='ltr'>conquerendi</span> <span class='ocrx_word' id='word_1_11' title='bbox 509 822 632 864; x_wconf 84' lang='lat' dir='ltr'>ansam</span> <span class='ocrx_word' id='word_1_12' title='bbox 649 803 777 884; x_wconf 90' lang='lat' dir='ltr'>capiat,</span> <span class='ocrx_word' id='word_1_13' title='bbox 792 801 1057 885; x_wconf 64' lang='lat' dir='ltr'>xprecipitanter</span> <span class='ocrx_word' id='word_1_14' title='bbox 1073 823 1192 865; x_wconf 89' lang='lat' dir='ltr'>secum</span> <span class='ocrx_word' id='word_1_15' title='bbox 1216 814 1333 867; x_wconf 89' lang='lat' dir='ltr'>actum</span> <span class='ocrx_word' id='word_1_16' title='bbox 1357 825 1447 886; x_wconf 89' lang='lat' dir='ltr'>esse,</span> 
     </span>
     <span class='ocr_line' id='line_1_4' title="bbox 168 907 1446 993; baseline 0.004 -23"><span class='ocrx_word' id='word_1_17' title='bbox 168 907 462 972; x_wconf 82' lang='lat' dir='ltr'>deliberationem</span> <span class='ocrx_word' id='word_1_18' title='bbox 477 910 624 992; x_wconf 90' lang='lat' dir='ltr'>petitam</span> <span class='ocrx_word' id='word_1_19' title='bbox 641 913 834 974; x_wconf 87' lang='lat' dir='ltr'>clementer</span> <span class='ocrx_word' id='word_1_20' title='bbox 852 911 1040 993; x_wconf 89' lang='lat' dir='ltr'>indulgere</span> <span class='ocrx_word' id='word_1_21' title='bbox 1065 919 1100 973; x_wconf 91' lang='lat' dir='ltr'>et</span> <span class='ocrx_word' id='word_1_22' title='bbox 1123 931 1262 975; x_wconf 91' lang='lat' dir='ltr'>rursum</span> <span class='ocrx_word' id='word_1_23' title='bbox 1285 912 1331 975; x_wconf 89' lang='lat' dir='ltr'>ad</span> <span class='ocrx_word' id='word_1_24' title='bbox 1355 932 1446 975; x_wconf 91' lang='lat' dir='ltr'>com·</span> 
     </span>
     <span class='ocr_line' id='line_1_5' title="bbox 166 1016 1447 1101; baseline 0.004 -25"><span class='ocrx_word' id='word_1_25' title='bbox 166 1016 375 1098; x_wconf 86' lang='lat' dir='ltr'>parendum,</span> <span class='ocrx_word' id='word_1_26' title='bbox 401 1016 764 1100; x_wconf 85' lang='lat' dir='ltr'>deliberationemque</span> <span class='ocrx_word' id='word_1_27' title='bbox 788 1039 886 1080; x_wconf 90' lang='lat' dir='ltr'>suam</span> <span class='ocrx_word' id='word_1_28' title='bbox 910 1017 1151 1099; x_wconf 88' lang='lat' dir='ltr'>aperiendum,</span> <span class='ocrx_word' id='word_1_29' title='bbox 1167 1017 1261 1081; x_wconf 91' lang='lat' dir='ltr'>diem</span> <span class='ocrx_word' id='word_1_30' title='bbox 1284 1018 1447 1101; x_wconf 84' lang='lat' dir='ltr'>proxime</span> 
     </span>
     <span class='ocr_line' id='line_1_6' title="bbox 166 1123 1446 1207; baseline 0.005 -24"><span class='ocrx_word' id='word_1_31' title='bbox 166 1132 386 1203; x_wconf 87' lang='lat' dir='ltr'>sequentem,</span> <span class='ocrx_word' id='word_1_32' title='bbox 411 1124 500 1186; x_wconf 89' lang='lat' dir='ltr'>hora</span> <span class='ocrx_word' id='word_1_33' title='bbox 524 1124 647 1206; x_wconf 91' lang='lat' dir='ltr'>quinta</span> <span class='ocrx_word' id='word_1_34' title='bbox 670 1135 752 1206; x_wconf 92' lang='lat' dir='ltr'>post</span> <span class='ocrx_word' id='word_1_35' title='bbox 775 1123 968 1204; x_wconf 86' lang='lat' dir='ltr'>meridiem,</span> <span class='ocrx_word' id='word_1_36' title='bbox 993 1125 1161 1188; x_wconf 90' lang='lat' dir='ltr'>stutuisse</span> <span class='ocrx_word' id='word_1_37' title='bbox 1185 1135 1221 1190; x_wconf 90' lang='lat' dir='ltr'>et</span> <span class='ocrx_word' id='word_1_38' title='bbox 1244 1123 1446 1207; x_wconf 65' lang='lat' dir='ltr'>prestitisse,</span> 
     </span>
     <span class='ocr_line' id='line_1_7' title="bbox 166 1231 1446 1314; baseline 0.004 -24"><span class='ocrx_word' id='word_1_39' title='bbox 166 1231 464 1310; x_wconf 83' lang='lat' dir='ltr'>quemadmodum</span> <span class='ocrx_word' id='word_1_40' title='bbox 488 1252 552 1294; x_wconf 86' lang='lat' dir='ltr'>sua</span> <span class='ocrx_word' id='word_1_41' title='bbox 566 1232 743 1314; x_wconf 86' lang='lat' dir='ltr'>maiestas,</span> <span class='ocrx_word' id='word_1_42' title='bbox 769 1233 920 1295; x_wconf 90' lang='lat' dir='ltr'>eundem</span> <span class='ocrx_word' id='word_1_43' title='bbox 937 1231 1030 1295; x_wconf 92' lang='lat' dir='ltr'>diem</span> <span class='ocrx_word' id='word_1_44' title='bbox 1054 1234 1237 1296; x_wconf 85' lang='lat' dir='ltr'>ethoram</span> <span class='ocrx_word' id='word_1_45' title='bbox 1261 1231 1375 1295; x_wconf 90' lang='lat' dir='ltr'>eidem</span> <span class='ocrx_word' id='word_1_46' title='bbox 1400 1233 1446 1296; x_wconf 92' lang='lat' dir='ltr'>ad</span> 
     </span>
     <span class='ocr_line' id='line_1_8' title="bbox 165 1336 1446 1420; baseline 0.004 -22"><span class='ocrx_word' id='word_1_47' title='bbox 165 1336 341 1418; x_wconf 88' lang='lat' dir='ltr'>premissa</span> <span class='ocrx_word' id='word_1_48' title='bbox 363 1336 566 1400; x_wconf 87' lang='lat' dir='ltr'>faciendum</span> <span class='ocrx_word' id='word_1_49' title='bbox 590 1347 763 1404; x_wconf 88' lang='lat' dir='ltr'>statueret</span> <span class='ocrx_word' id='word_1_50' title='bbox 794 1350 830 1400; x_wconf 92' lang='lat' dir='ltr'>et</span> <span class='ocrx_word' id='word_1_51' title='bbox 861 1337 1065 1420; x_wconf 87' lang='lat' dir='ltr'>prefigeret.</span> <span class='ocrx_word' id='word_1_52' title='bbox 1113 1338 1147 1401; x_wconf 89' lang='lat' dir='ltr'>Is</span> <span class='ocrx_word' id='word_1_53' title='bbox 1178 1337 1244 1402; x_wconf 86' lang='lat' dir='ltr'>suit</span> <span class='ocrx_word' id='word_1_54' title='bbox 1275 1339 1351 1403; x_wconf 90' lang='lat' dir='ltr'>eius</span> <span class='ocrx_word' id='word_1_55' title='bbox 1375 1339 1446 1403; x_wconf 90' lang='lat' dir='ltr'>diei</span> 
     </span>
     <span class='ocr_line' id='line_1_9' title="bbox 166 1444 1446 1534; baseline 0.004 -29"><span class='ocrx_word' id='word_1_56' title='bbox 166 1463 339 1506; x_wconf 87' lang='lat' dir='ltr'>recessus.</span> <span class='ocrx_word' id='word_1_57' title='bbox 380 1444 527 1526; x_wconf 87' lang='lat' dir='ltr'>Absque</span> <span class='ocrx_word' id='word_1_58' title='bbox 545 1465 615 1527; x_wconf 94' lang='lat' dir='ltr'>quo</span> <span class='ocrx_word' id='word_1_59' title='bbox 632 1447 678 1507; x_wconf 91' lang='lat' dir='ltr'>ad</span> <span class='ocrx_word' id='word_1_60' title='bbox 693 1445 845 1527; x_wconf 87' lang='lat' dir='ltr'>aliquem</span> <span class='ocrx_word' id='word_1_61' title='bbox 862 1455 979 1508; x_wconf 89' lang='lat' dir='ltr'>actum</span> <span class='ocrx_word' id='word_1_62' title='bbox 992 1444 1196 1508; x_wconf 85' lang='lat' dir='ltr'>ulteriorem</span> <span class='ocrx_word' id='word_1_63' title='bbox 1209 1446 1446 1534; x_wconf 89' lang='lat' dir='ltr'>diverteretur</span> 
     </span>
     <span class='ocr_line' id='line_1_10' title="bbox 166 1549 372 1614; baseline 0.01 -3"><span class='ocrx_word' id='word_1_64' title='bbox 166 1549 372 1614; x_wconf 86' lang='lat' dir='ltr'>discessum.</span> 
     </span>
    </p>

    <p class='ocr_par' dir='ltr' id='par_1_3' title="bbox 165 1658 1445 1956">
     <span class='ocr_line' id='line_1_11' title="bbox 256 1658 1444 1742; baseline 0.003 -21"><span class='ocrx_word' id='word_1_65' title='bbox 256 1658 474 1723; x_wconf 84' lang='lat' dir='ltr'>Advenienti</span> <span class='ocrx_word' id='word_1_66' title='bbox 500 1660 558 1722; x_wconf 89' lang='lat' dir='ltr'>die</span> <span class='ocrx_word' id='word_1_67' title='bbox 581 1659 771 1742; x_wconf 90' lang='lat' dir='ltr'>prestituta</span> <span class='ocrx_word' id='word_1_68' title='bbox 796 1669 861 1723; x_wconf 92' lang='lat' dir='ltr'>etc.</span> <span class='ocrx_word' id='word_1_69' title='bbox 887 1660 1003 1722; x_wconf 91' lang='lat' dir='ltr'>denuo</span> <span class='ocrx_word' id='word_1_70' title='bbox 1029 1680 1129 1722; x_wconf 88' lang='lat' dir='ltr'>sacre</span> <span class='ocrx_word' id='word_1_71' title='bbox 1153 1668 1189 1723; x_wconf 90' lang='lat' dir='ltr'>et</span> <span class='ocrx_word' id='word_1_72' title='bbox 1205 1659 1334 1723; x_wconf 88' lang='lat' dir='ltr'>invicte</span> <span class='ocrx_word' id='word_1_73' title='bbox 1360 1661 1444 1724; x_wconf 91' lang='lat' dir='ltr'>Cae·</span> 
     </span>
     <span class='ocr_line' id='line_1_12' title="bbox 165 1765 1445 1847; baseline 0.003 -19"><span class='ocrx_word' id='word_1_74' title='bbox 165 1786 267 1828; x_wconf 87' lang='lat' dir='ltr'>saree</span> <span class='ocrx_word' id='word_1_75' title='bbox 281 1766 477 1847; x_wconf 71' lang='lat' dir='ltr'>Maiestatis</span> <span class='ocrx_word' id='word_1_76' title='bbox 489 1765 595 1847; x_wconf 90' lang='lat' dir='ltr'>iussu,</span> <span class='ocrx_word' id='word_1_77' title='bbox 610 1769 824 1829; x_wconf 88' lang='lat' dir='ltr'>memoratus</span> <span class='ocrx_word' id='word_1_78' title='bbox 836 1766 1005 1829; x_wconf 87' lang='lat' dir='ltr'>Notarius</span> <span class='ocrx_word' id='word_1_79' title='bbox 1026 1766 1062 1829; x_wconf 90' lang='lat' dir='ltr'>in</span> <span class='ocrx_word' id='word_1_80' title='bbox 1075 1767 1167 1830; x_wconf 91' lang='lat' dir='ltr'>hunc</span> <span class='ocrx_word' id='word_1_81' title='bbox 1184 1768 1325 1831; x_wconf 89' lang='lat' dir='ltr'>modum</span> <span class='ocrx_word' id='word_1_82' title='bbox 1337 1768 1445 1832; x_wconf 90' lang='lat' dir='ltr'>latine</span> 
     </span>
     <span class='ocr_line' id='line_1_13' title="bbox 165 1874 695 1956; baseline 0.004 -21"><span class='ocrx_word' id='word_1_83' title='bbox 165 1883 204 1935; x_wconf 88' lang='lat' dir='ltr'>et</span> <span class='ocrx_word' id='word_1_84' title='bbox 227 1876 390 1936; x_wconf 88' lang='lat' dir='ltr'>almanne</span> <span class='ocrx_word' id='word_1_85' title='bbox 415 1874 534 1937; x_wconf 87' lang='lat' dir='ltr'>dicere</span> <span class='ocrx_word' id='word_1_86' title='bbox 558 1874 695 1956; x_wconf 86' lang='lat' dir='ltr'>coepit:</span> 
     </span>
    </p>

    <p class='ocr_par' dir='ltr' id='par_1_4' title="bbox 163 1980 1447 3543">
     <span class='ocr_line' id='line_1_14' title="bbox 255 1980 1446 2064; baseline 0.002 -21"><span class='ocrx_word' id='word_1_87' title='bbox 255 1981 434 2044; x_wconf 88' lang='lat' dir='ltr'>Hesterno</span> <span class='ocrx_word' id='word_1_88' title='bbox 451 1980 604 2063; x_wconf 89' lang='lat' dir='ltr'>Vesperi</span> <span class='ocrx_word' id='word_1_89' title='bbox 621 2003 699 2044; x_wconf 92' lang='lat' dir='ltr'>cum</span> <span class='ocrx_word' id='word_1_90' title='bbox 716 1981 920 2063; x_wconf 84' lang='lat' dir='ltr'>gravareris</span> <span class='ocrx_word' id='word_1_91' title='bbox 936 1982 1089 2045; x_wconf 87' lang='lat' dir='ltr'>Martine</span> <span class='ocrx_word' id='word_1_92' title='bbox 1115 2001 1178 2063; x_wconf 87' lang='lat' dir='ltr'>pre</span> <span class='ocrx_word' id='word_1_93' title='bbox 1201 1981 1446 2064; x_wconf 87' lang='lat' dir='ltr'>magnitudine</span> 
     </span>
     <span class='ocr_line' id='line_1_15' title="bbox 163 2086 1445 2173; baseline 0.002 -24"><span class='ocrx_word' id='word_1_94' title='bbox 163 2088 217 2150; x_wconf 91' lang='lat' dir='ltr'>rei</span> <span class='ocrx_word' id='word_1_95' title='bbox 241 2086 294 2173; x_wconf 92' lang='lat' dir='ltr'>(ut</span> <span class='ocrx_word' id='word_1_96' title='bbox 308 2096 391 2150; x_wconf 88' lang='lat' dir='ltr'>tunc</span> <span class='ocrx_word' id='word_1_97' title='bbox 408 2087 568 2169; x_wconf 86' lang='lat' dir='ltr'>dicebas)</span> <span class='ocrx_word' id='word_1_98' title='bbox 592 2088 710 2151; x_wconf 91' lang='lat' dir='ltr'>subito</span> <span class='ocrx_word' id='word_1_99' title='bbox 727 2097 763 2151; x_wconf 92' lang='lat' dir='ltr'>et</span> <span class='ocrx_word' id='word_1_100' title='bbox 787 2109 832 2151; x_wconf 89' lang='lat' dir='ltr'>ex</span> <span class='ocrx_word' id='word_1_101' title='bbox 850 2100 1021 2169; x_wconf 88' lang='lat' dir='ltr'>tempore,</span> <span class='ocrx_word' id='word_1_102' title='bbox 1046 2090 1092 2151; x_wconf 89' lang='lat' dir='ltr'>ad</span> <span class='ocrx_word' id='word_1_103' title='bbox 1116 2088 1212 2151; x_wconf 89' lang='lat' dir='ltr'>illam</span> <span class='ocrx_word' id='word_1_104' title='bbox 1236 2088 1445 2172; x_wconf 87' lang='lat' dir='ltr'>interrogati</span> 
     </span>
     <span class='ocr_line' id='line_1_16' title="bbox 165 2194 1445 2276; baseline 0.002 -20"><span class='ocrx_word' id='word_1_105' title='bbox 165 2202 304 2275; x_wconf 89' lang='lat' dir='ltr'>partem</span> <span class='ocrx_word' id='word_1_106' title='bbox 329 2197 568 2276; x_wconf 88' lang='lat' dir='ltr'>respondere:</span> <span class='ocrx_word' id='word_1_107' title='bbox 603 2195 661 2258; x_wconf 80' lang='lat' dir='ltr'>An</span> <span class='ocrx_word' id='word_1_108' title='bbox 686 2196 796 2258; x_wconf 92' lang='lat' dir='ltr'>libros</span> <span class='ocrx_word' id='word_1_109' title='bbox 820 2195 897 2258; x_wconf 87' lang='lat' dir='ltr'>heri</span> <span class='ocrx_word' id='word_1_110' title='bbox 932 2216 977 2259; x_wconf 87' lang='lat' dir='ltr'>ex</span> <span class='ocrx_word' id='word_1_111' title='bbox 1003 2195 1119 2258; x_wconf 86' lang='lat' dir='ltr'>indice</span> <span class='ocrx_word' id='word_1_112' title='bbox 1152 2194 1216 2258; x_wconf 91' lang='lat' dir='ltr'>tibi</span> <span class='ocrx_word' id='word_1_113' title='bbox 1247 2196 1445 2260; x_wconf 89' lang='lat' dir='ltr'>nominatos</span> 
     </span>
     <span class='ocr_line' id='line_1_17' title="bbox 165 2301 1444 2385; baseline 0 -21"><span class='ocrx_word' id='word_1_114' title='bbox 165 2302 276 2365; x_wconf 89' lang='lat' dir='ltr'>latine</span> <span class='ocrx_word' id='word_1_115' title='bbox 300 2311 338 2364; x_wconf 89' lang='lat' dir='ltr'>et</span> <span class='ocrx_word' id='word_1_116' title='bbox 360 2301 555 2366; x_wconf 87' lang='lat' dir='ltr'>alemanice</span> <span class='ocrx_word' id='word_1_117' title='bbox 579 2303 644 2364; x_wconf 91' lang='lat' dir='ltr'>abs</span> <span class='ocrx_word' id='word_1_118' title='bbox 668 2310 703 2365; x_wconf 90' lang='lat' dir='ltr'>te</span> <span class='ocrx_word' id='word_1_119' title='bbox 727 2301 842 2364; x_wconf 89' lang='lat' dir='ltr'>editos</span> <span class='ocrx_word' id='word_1_120' title='bbox 867 2312 903 2364; x_wconf 88' lang='lat' dir='ltr'>et</span> <span class='ocrx_word' id='word_1_121' title='bbox 927 2301 1083 2383; x_wconf 89' lang='lat' dir='ltr'>emissos,</span> <span class='ocrx_word' id='word_1_122' title='bbox 1107 2323 1148 2365; x_wconf 92' lang='lat' dir='ltr'>ac</span> <span class='ocrx_word' id='word_1_123' title='bbox 1172 2322 1238 2385; x_wconf 92' lang='lat' dir='ltr'>pro</span> <span class='ocrx_word' id='word_1_124' title='bbox 1263 2303 1331 2366; x_wconf 89' lang='lat' dir='ltr'>tuis</span> <span class='ocrx_word' id='word_1_125' title='bbox 1347 2302 1444 2385; x_wconf 87' lang='lat' dir='ltr'>agni-</span> 
     </span>
     <span class='ocr_line' id='line_1_18' title="bbox 165 2409 1444 2492; baseline 0.002 -21"><span class='ocrx_word' id='word_1_126' title='bbox 165 2419 236 2490; x_wconf 90' lang='lat' dir='ltr'>tos,</span> <span class='ocrx_word' id='word_1_127' title='bbox 279 2418 517 2492; x_wconf 88' lang='lat' dir='ltr'>contentaque</span> <span class='ocrx_word' id='word_1_128' title='bbox 555 2410 590 2473; x_wconf 90' lang='lat' dir='ltr'>in</span> <span class='ocrx_word' id='word_1_129' title='bbox 630 2409 763 2474; x_wconf 88' lang='lat' dir='ltr'>eisdem</span> <span class='ocrx_word' id='word_1_130' title='bbox 796 2419 992 2473; x_wconf 86' lang='lat' dir='ltr'>retractare</span> <span class='ocrx_word' id='word_1_131' title='bbox 1032 2420 1068 2473; x_wconf 88' lang='lat' dir='ltr'>et</span> <span class='ocrx_word' id='word_1_132' title='bbox 1107 2429 1276 2473; x_wconf 88' lang='lat' dir='ltr'>revocare</span> <span class='ocrx_word' id='word_1_133' title='bbox 1315 2412 1444 2485; x_wconf 86' lang='lat' dir='ltr'>velles;</span> 
     </span>
     <span class='ocr_line' id='line_1_19' title="bbox 166 2515 1445 2598; baseline 0.002 -21"><span class='ocrx_word' id='word_1_134' title='bbox 166 2515 266 2578; x_wconf 89' lang='lat' dir='ltr'>Licet</span> <span class='ocrx_word' id='word_1_135' title='bbox 290 2516 327 2578; x_wconf 92' lang='lat' dir='ltr'>in</span> <span class='ocrx_word' id='word_1_136' title='bbox 352 2516 467 2578; x_wconf 87' lang='lat' dir='ltr'>causis</span> <span class='ocrx_word' id='word_1_137' title='bbox 491 2516 574 2579; x_wconf 89' lang='lat' dir='ltr'>fidei</span> <span class='ocrx_word' id='word_1_138' title='bbox 599 2526 634 2579; x_wconf 90' lang='lat' dir='ltr'>et</span> <span class='ocrx_word' id='word_1_139' title='bbox 658 2537 790 2598; x_wconf 90' lang='lat' dir='ltr'>rerum,</span> <span class='ocrx_word' id='word_1_140' title='bbox 821 2517 857 2578; x_wconf 92' lang='lat' dir='ltr'>in</span> <span class='ocrx_word' id='word_1_141' title='bbox 882 2516 1010 2598; x_wconf 89' lang='lat' dir='ltr'>quibus</span> <span class='ocrx_word' id='word_1_142' title='bbox 1034 2517 1228 2580; x_wconf 86' lang='lat' dir='ltr'>animarum</span> <span class='ocrx_word' id='word_1_143' title='bbox 1251 2517 1445 2598; x_wconf 89' lang='lat' dir='ltr'>periculum</span> 
     </span>
     <span class='ocr_line' id='line_1_20' title="bbox 166 2622 1446 2706; baseline 0.003 -22"><span class='ocrx_word' id='word_1_144' title='bbox 166 2622 315 2685; x_wconf 89' lang='lat' dir='ltr'>vertitur</span> <span class='ocrx_word' id='word_1_145' title='bbox 339 2622 462 2685; x_wconf 90' lang='lat' dir='ltr'>dilatio</span> <span class='ocrx_word' id='word_1_146' title='bbox 488 2623 607 2686; x_wconf 87' lang='lat' dir='ltr'>danda</span> <span class='ocrx_word' id='word_1_147' title='bbox 630 2644 699 2686; x_wconf 88' lang='lat' dir='ltr'>non</span> <span class='ocrx_word' id='word_1_148' title='bbox 724 2623 788 2700; x_wconf 92' lang='lat' dir='ltr'>sit,</span> <span class='ocrx_word' id='word_1_149' title='bbox 822 2634 859 2687; x_wconf 90' lang='lat' dir='ltr'>et</span> <span class='ocrx_word' id='word_1_150' title='bbox 890 2623 1111 2706; x_wconf 90' lang='lat' dir='ltr'>potissimum</span> <span class='ocrx_word' id='word_1_151' title='bbox 1142 2623 1228 2686; x_wconf 89' lang='lat' dir='ltr'>viris</span> <span class='ocrx_word' id='word_1_152' title='bbox 1253 2624 1313 2706; x_wconf 88' lang='lat' dir='ltr'>qui</span> <span class='ocrx_word' id='word_1_153' title='bbox 1337 2624 1446 2688; x_wconf 85' lang='lat' dir='ltr'>sacris</span> 
     </span>
     <span class='ocr_line' id='line_1_21' title="bbox 166 2729 1446 2816; baseline 0.002 -24"><span class='ocrx_word' id='word_1_154' title='bbox 166 2729 294 2792; x_wconf 90' lang='lat' dir='ltr'>litteris</span> <span class='ocrx_word' id='word_1_155' title='bbox 318 2732 478 2812; x_wconf 90' lang='lat' dir='ltr'>(quarum</span> <span class='ocrx_word' id='word_1_156' title='bbox 503 2730 790 2812; x_wconf 81' lang='lat' dir='ltr'>explanationem</span> <span class='ocrx_word' id='word_1_157' title='bbox 815 2730 919 2793; x_wconf 90' lang='lat' dir='ltr'>unice</span> <span class='ocrx_word' id='word_1_158' title='bbox 943 2730 1007 2792; x_wconf 92' lang='lat' dir='ltr'>tibi</span> <span class='ocrx_word' id='word_1_159' title='bbox 1031 2730 1209 2816; x_wconf 90' lang='lat' dir='ltr'>venditas)</span> <span class='ocrx_word' id='word_1_160' title='bbox 1241 2731 1446 2795; x_wconf 88' lang='lat' dir='ltr'>exercitatis</span> 
     </span>
     <span class='ocr_line' id='line_1_22' title="bbox 168 2836 1445 2919; baseline 0.001 -20"><span class='ocrx_word' id='word_1_161' title='bbox 168 2845 204 2899; x_wconf 93' lang='lat' dir='ltr'>et</span> <span class='ocrx_word' id='word_1_162' title='bbox 227 2836 393 2917; x_wconf 89' lang='lat' dir='ltr'>eruditis,</span> <span class='ocrx_word' id='word_1_163' title='bbox 430 2837 489 2919; x_wconf 93' lang='lat' dir='ltr'>qui</span> <span class='ocrx_word' id='word_1_164' title='bbox 521 2836 637 2919; x_wconf 89' lang='lat' dir='ltr'>parati</span> <span class='ocrx_word' id='word_1_165' title='bbox 669 2857 748 2900; x_wconf 87' lang='lat' dir='ltr'>esse</span> <span class='ocrx_word' id='word_1_166' title='bbox 772 2838 922 2918; x_wconf 88' lang='lat' dir='ltr'>debent,</span> <span class='ocrx_word' id='word_1_167' title='bbox 959 2838 1005 2900; x_wconf 86' lang='lat' dir='ltr'>ad</span> <span class='ocrx_word' id='word_1_168' title='bbox 1036 2836 1323 2901; x_wconf 87' lang='lat' dir='ltr'>satisfaciendum</span> <span class='ocrx_word' id='word_1_169' title='bbox 1353 2839 1445 2902; x_wconf 90' lang='lat' dir='ltr'>omni</span> 
     </span>
     <span class='ocr_line' id='line_1_23' title="bbox 166 2943 1447 3027; baseline 0.003 -21"><span class='ocrx_word' id='word_1_170' title='bbox 166 2945 329 3025; x_wconf 88' lang='lat' dir='ltr'>poscenti</span> <span class='ocrx_word' id='word_1_171' title='bbox 353 2944 541 3025; x_wconf 89' lang='lat' dir='ltr'>rationem,</span> <span class='ocrx_word' id='word_1_172' title='bbox 566 2947 611 3008; x_wconf 93' lang='lat' dir='ltr'>de</span> <span class='ocrx_word' id='word_1_173' title='bbox 636 2965 679 3007; x_wconf 90' lang='lat' dir='ltr'>ea</span> <span class='ocrx_word' id='word_1_174' title='bbox 708 2965 776 3026; x_wconf 92' lang='lat' dir='ltr'>que</span> <span class='ocrx_word' id='word_1_175' title='bbox 805 2944 839 3006; x_wconf 88' lang='lat' dir='ltr'>in</span> <span class='ocrx_word' id='word_1_176' title='bbox 873 2943 924 3006; x_wconf 88' lang='lat' dir='ltr'>eis</span> <span class='ocrx_word' id='word_1_177' title='bbox 955 2953 1009 3006; x_wconf 92' lang='lat' dir='ltr'>est</span> <span class='ocrx_word' id='word_1_178' title='bbox 1036 2943 1126 3024; x_wconf 88' lang='lat' dir='ltr'>fide,</span> <span class='ocrx_word' id='word_1_179' title='bbox 1157 2954 1194 3008; x_wconf 90' lang='lat' dir='ltr'>et</span> <span class='ocrx_word' id='word_1_180' title='bbox 1226 2966 1303 3027; x_wconf 91' lang='lat' dir='ltr'>spe;</span> <span class='ocrx_word' id='word_1_181' title='bbox 1336 2944 1447 3010; x_wconf 85' lang='lat' dir='ltr'>Sacra</span> 
     </span>
     <span class='ocr_line' id='line_1_24' title="bbox 168 3050 1444 3133; baseline 0.003 -21"><span class='ocrx_word' id='word_1_182' title='bbox 168 3063 283 3113; x_wconf 86' lang='lat' dir='ltr'>tamen</span> <span class='ocrx_word' id='word_1_183' title='bbox 311 3061 346 3114; x_wconf 90' lang='lat' dir='ltr'>et</span> <span class='ocrx_word' id='word_1_184' title='bbox 370 3051 502 3113; x_wconf 91' lang='lat' dir='ltr'>invicta</span> <span class='ocrx_word' id='word_1_185' title='bbox 532 3050 715 3131; x_wconf 60' lang='lat' dir='ltr'>maiestas,</span> <span class='ocrx_word' id='word_1_186' title='bbox 748 3071 814 3133; x_wconf 89' lang='lat' dir='ltr'>pro</span> <span class='ocrx_word' id='word_1_187' title='bbox 847 3051 1008 3129; x_wconf 83' lang='lat' dir='ltr'>ingenita</span> <span class='ocrx_word' id='word_1_188' title='bbox 1038 3072 1102 3112; x_wconf 88' lang='lat' dir='ltr'>sua</span> <span class='ocrx_word' id='word_1_189' title='bbox 1137 3052 1283 3114; x_wconf 87' lang='lat' dir='ltr'>lenitate</span> <span class='ocrx_word' id='word_1_190' title='bbox 1313 3062 1348 3116; x_wconf 91' lang='lat' dir='ltr'>et</span> <span class='ocrx_word' id='word_1_191' title='bbox 1378 3055 1444 3116; x_wconf 84' lang='lat' dir='ltr'>cle-</span> 
     </span>
     <span class='ocr_line' id='line_1_25' title="bbox 166 3156 1445 3238; baseline 0.001 -17"><span class='ocrx_word' id='word_1_192' title='bbox 166 3158 297 3221; x_wconf 88' lang='lat' dir='ltr'>mentia</span> <span class='ocrx_word' id='word_1_193' title='bbox 321 3158 386 3220; x_wconf 91' lang='lat' dir='ltr'>tibi</span> <span class='ocrx_word' id='word_1_194' title='bbox 410 3158 703 3221; x_wconf 86' lang='lat' dir='ltr'>deliberationem</span> <span class='ocrx_word' id='word_1_195' title='bbox 735 3156 913 3238; x_wconf 89' lang='lat' dir='ltr'>permisit,</span> <span class='ocrx_word' id='word_1_196' title='bbox 948 3167 983 3219; x_wconf 91' lang='lat' dir='ltr'>et</span> <span class='ocrx_word' id='word_1_197' title='bbox 1011 3159 1103 3220; x_wconf 91' lang='lat' dir='ltr'>hunc</span> <span class='ocrx_word' id='word_1_198' title='bbox 1133 3158 1226 3221; x_wconf 90' lang='lat' dir='ltr'>diem</span> <span class='ocrx_word' id='word_1_199' title='bbox 1257 3169 1292 3221; x_wconf 87' lang='lat' dir='ltr'>et</span> <span class='ocrx_word' id='word_1_200' title='bbox 1321 3160 1445 3222; x_wconf 88' lang='lat' dir='ltr'>horam</span> 
     </span>
     <span class='ocr_line' id='line_1_26' title="bbox 166 3263 1447 3347; baseline 0.002 -20"><span class='ocrx_word' id='word_1_201' title='bbox 166 3264 261 3328; x_wconf 89' lang='lat' dir='ltr'>illam</span> <span class='ocrx_word' id='word_1_202' title='bbox 296 3265 545 3329; x_wconf 85' lang='lat' dir='ltr'>declarandam</span> <span class='ocrx_word' id='word_1_203' title='bbox 579 3265 757 3347; x_wconf 87' lang='lat' dir='ltr'>prestituit</span> <span class='ocrx_word' id='word_1_204' title='bbox 790 3273 825 3327; x_wconf 92' lang='lat' dir='ltr'>et</span> <span class='ocrx_word' id='word_1_205' title='bbox 856 3263 1045 3347; x_wconf 86' lang='lat' dir='ltr'>prefinivit.</span> <span class='ocrx_word' id='word_1_206' title='bbox 1099 3266 1223 3347; x_wconf 90' lang='lat' dir='ltr'>Itaque</span> <span class='ocrx_word' id='word_1_207' title='bbox 1253 3275 1447 3347; x_wconf 86' lang='lat' dir='ltr'>expectant</span> 
     </span>
     <span class='ocr_line' id='line_1_27' title="bbox 168 3371 1445 3455; baseline 0 -20"><span class='ocrx_word' id='word_1_208' title='bbox 168 3371 344 3435; x_wconf 88' lang='lat' dir='ltr'>Caesarea</span> <span class='ocrx_word' id='word_1_209' title='bbox 367 3393 469 3435; x_wconf 90' lang='lat' dir='ltr'>sacra</span> <span class='ocrx_word' id='word_1_210' title='bbox 492 3371 662 3435; x_wconf 87' lang='lat' dir='ltr'>Maiestas</span> <span class='ocrx_word' id='word_1_211' title='bbox 687 3382 723 3435; x_wconf 89' lang='lat' dir='ltr'>et</span> <span class='ocrx_word' id='word_1_212' title='bbox 747 3372 902 3435; x_wconf 89' lang='lat' dir='ltr'>universi</span> <span class='ocrx_word' id='word_1_213' title='bbox 930 3372 1073 3455; x_wconf 89' lang='lat' dir='ltr'>Imperii</span> <span class='ocrx_word' id='word_1_214' title='bbox 1105 3372 1248 3437; x_wconf 90' lang='lat' dir='ltr'>ordines</span> <span class='ocrx_word' id='word_1_215' title='bbox 1256 3421 1265 3454; x_wconf 92' lang='lat'>,</span> <span class='ocrx_word' id='word_1_216' title='bbox 1298 3381 1445 3455; x_wconf 91' lang='lat' dir='ltr'>attente,</span> 
     </span>
     <span class='ocr_line' id='line_1_28' title="bbox 167 3480 451 3543; baseline 0.011 -3"><span class='ocrx_word' id='word_1_217' title='bbox 167 3480 260 3541; x_wconf 92' lang='lat' dir='ltr'>illam</span> <span class='ocrx_word' id='word_1_218' title='bbox 286 3480 451 3543; x_wconf 89' lang='lat' dir='ltr'>audituri.</span> 
     </span>
    </p>

    <p class='ocr_par' dir='ltr' id='par_1_5' title="bbox 168 3581 1453 4629">
     <span class='ocr_line' id='line_1_29' title="bbox 255 3581 1446 3669; baseline 0 -20"><span class='ocrx_word' id='word_1_219' title='bbox 255 3581 317 3650; x_wconf 82' lang='lat' dir='ltr'>Ad</span> <span class='ocrx_word' id='word_1_220' title='bbox 339 3587 405 3649; x_wconf 92' lang='lat' dir='ltr'>hec</span> <span class='ocrx_word' id='word_1_221' title='bbox 430 3585 605 3650; x_wconf 89' lang='lat' dir='ltr'>Martinus</span> <span class='ocrx_word' id='word_1_222' title='bbox 629 3587 781 3651; x_wconf 89' lang='lat' dir='ltr'>omnium</span> <span class='ocrx_word' id='word_1_223' title='bbox 815 3588 983 3669; x_wconf 89' lang='lat' dir='ltr'>primum:</span> <span class='ocrx_word' id='word_1_224' title='bbox 1020 3587 1070 3648; x_wconf 88' lang='lat' dir='ltr'>Ut</span> <span class='ocrx_word' id='word_1_225' title='bbox 1100 3608 1138 3648; x_wconf 89' lang='lat' dir='ltr'>se</span> <span class='ocrx_word' id='word_1_226' title='bbox 1172 3587 1217 3648; x_wconf 87' lang='lat' dir='ltr'>de</span> <span class='ocrx_word' id='word_1_227' title='bbox 1242 3585 1381 3668; x_wconf 88' lang='lat' dir='ltr'>justicie</span> <span class='ocrx_word' id='word_1_228' title='bbox 1410 3596 1446 3649; x_wconf 93' lang='lat' dir='ltr'>et</span> 
     </span>
     <span class='ocr_line' id='line_1_30' title="bbox 168 3692 1447 3775; baseline 0.002 -21"><span class='ocrx_word' id='word_1_229' title='bbox 168 3693 328 3756; x_wconf 80' lang='lat' dir='ltr'>veritatis</span> <span class='ocrx_word' id='word_1_230' title='bbox 369 3714 476 3756; x_wconf 90' lang='lat' dir='ltr'>causa</span> <span class='ocrx_word' id='word_1_231' title='bbox 509 3694 685 3757; x_wconf 89' lang='lat' dir='ltr'>dicentem</span> <span class='ocrx_word' id='word_1_232' title='bbox 724 3693 881 3775; x_wconf 89' lang='lat' dir='ltr'>benigne</span> <span class='ocrx_word' id='word_1_233' title='bbox 915 3693 1062 3756; x_wconf 88' lang='lat' dir='ltr'>audiant</span> <span class='ocrx_word' id='word_1_234' title='bbox 1099 3703 1281 3774; x_wconf 81' lang='lat' dir='ltr'>precatur3</span> <span class='ocrx_word' id='word_1_235' title='bbox 1317 3692 1447 3757; x_wconf 89' lang='lat' dir='ltr'>deinde</span> 
     </span>
     <span class='ocr_line' id='line_1_31' title="bbox 169 3799 1446 3882; baseline 0.001 -20"><span class='ocrx_word' id='word_1_236' title='bbox 169 3800 308 3864; x_wconf 89' lang='lat' dir='ltr'>veniam</span> <span class='ocrx_word' id='word_1_237' title='bbox 332 3799 502 3882; x_wconf 82' lang='lat' dir='ltr'>prefatus,</span> <span class='ocrx_word' id='word_1_238' title='bbox 527 3800 557 3862; x_wconf 90' lang='lat' dir='ltr'>si</span> <span class='ocrx_word' id='word_1_239' title='bbox 581 3821 685 3882; x_wconf 91' lang='lat' dir='ltr'>quem</span> <span class='ocrx_word' id='word_1_240' title='bbox 709 3800 823 3863; x_wconf 92' lang='lat' dir='ltr'>minus</span> <span class='ocrx_word' id='word_1_241' title='bbox 855 3799 1052 3863; x_wconf 86' lang='lat' dir='ltr'>honorifico</span> <span class='ocrx_word' id='word_1_242' title='bbox 1084 3799 1185 3862; x_wconf 90' lang='lat' dir='ltr'>titulo</span> <span class='ocrx_word' id='word_1_243' title='bbox 1218 3801 1446 3881; x_wconf 88' lang='lat' dir='ltr'>appellasset,</span> 
     </span>
     <span class='ocr_line' id='line_1_32' title="bbox 169 3905 1447 3989; baseline 0 -19"><span class='ocrx_word' id='word_1_244' title='bbox 169 3917 228 3970; x_wconf 92' lang='lat' dir='ltr'>aut</span> <span class='ocrx_word' id='word_1_245' title='bbox 250 3907 279 3970; x_wconf 91' lang='lat' dir='ltr'>si</span> <span class='ocrx_word' id='word_1_246' title='bbox 304 3906 387 3989; x_wconf 92' lang='lat' dir='ltr'>quid</span> <span class='ocrx_word' id='word_1_247' title='bbox 412 3908 448 3970; x_wconf 91' lang='lat' dir='ltr'>in</span> <span class='ocrx_word' id='word_1_248' title='bbox 479 3907 614 3970; x_wconf 91' lang='lat' dir='ltr'>aulicos</span> <span class='ocrx_word' id='word_1_249' title='bbox 645 3916 814 3989; x_wconf 89' lang='lat' dir='ltr'>peccaret</span> <span class='ocrx_word' id='word_1_250' title='bbox 845 3928 980 3986; x_wconf 91' lang='lat' dir='ltr'>mores,</span> <span class='ocrx_word' id='word_1_251' title='bbox 1011 3908 1047 3968; x_wconf 93' lang='lat' dir='ltr'>id</span> <span class='ocrx_word' id='word_1_252' title='bbox 1077 3905 1210 3968; x_wconf 89' lang='lat' dir='ltr'>homini</span> <span class='ocrx_word' id='word_1_253' title='bbox 1242 3906 1447 3988; x_wconf 87' lang='lat' dir='ltr'>monastico,</span> 
     </span>
     <span class='ocr_line' id='line_1_33' title="bbox 171 4012 1448 4096; baseline 0.002 -20"><span class='ocrx_word' id='word_1_254' title='bbox 171 4035 238 4076; x_wconf 91' lang='lat' dir='ltr'>non</span> <span class='ocrx_word' id='word_1_255' title='bbox 261 4012 372 4096; x_wconf 88' lang='lat' dir='ltr'>regiis</span> <span class='ocrx_word' id='word_1_256' title='bbox 397 4013 486 4076; x_wconf 91' lang='lat' dir='ltr'>aulis</span> <span class='ocrx_word' id='word_1_257' title='bbox 510 4015 574 4076; x_wconf 89' lang='lat' dir='ltr'>sed</span> <span class='ocrx_word' id='word_1_258' title='bbox 599 4013 850 4077; x_wconf 90' lang='lat' dir='ltr'>coenobiorum</span> <span class='ocrx_word' id='word_1_259' title='bbox 882 4012 1030 4076; x_wconf 89' lang='lat' dir='ltr'>latebris</span> <span class='ocrx_word' id='word_1_260' title='bbox 1065 4021 1100 4074; x_wconf 91' lang='lat' dir='ltr'>et</span> <span class='ocrx_word' id='word_1_261' title='bbox 1134 4012 1274 4093; x_wconf 88' lang='lat' dir='ltr'>angulis</span> <span class='ocrx_word' id='word_1_262' title='bbox 1306 4025 1448 4078; x_wconf 89' lang='lat' dir='ltr'>versato</span> 
     </span>
     <span class='ocr_line' id='line_1_34' title="bbox 170 4118 1449 4202; baseline 0 -18"><span class='ocrx_word' id='word_1_263' title='bbox 170 4123 419 4184; x_wconf 89' lang='lat' dir='ltr'>condonarent.</span> <span class='ocrx_word' id='word_1_264' title='bbox 467 4118 735 4202; x_wconf 87' lang='lat' dir='ltr'>Subsequenter</span> <span class='ocrx_word' id='word_1_265' title='bbox 759 4123 804 4183; x_wconf 90' lang='lat' dir='ltr'>ad</span> <span class='ocrx_word' id='word_1_266' title='bbox 837 4122 1006 4184; x_wconf 86' lang='lat' dir='ltr'>articulos</span> <span class='ocrx_word' id='word_1_267' title='bbox 1036 4119 1332 4199; x_wconf 88' lang='lat' dir='ltr'>interrogatorios</span> <span class='ocrx_word' id='word_1_268' title='bbox 1364 4120 1449 4184; x_wconf 89' lang='lat' dir='ltr'>Cae·</span> 
     </span>
     <span class='ocr_line' id='line_1_35' title="bbox 169 4225 1449 4310; baseline -0.001 -20"><span class='ocrx_word' id='word_1_269' title='bbox 169 4249 265 4292; x_wconf 83' lang='lat' dir='ltr'>sareo</span> <span class='ocrx_word' id='word_1_270' title='bbox 289 4227 488 4291; x_wconf 88' lang='lat' dir='ltr'>Maiestatis</span> <span class='ocrx_word' id='word_1_271' title='bbox 511 4227 652 4291; x_wconf 89' lang='lat' dir='ltr'>nomine</span> <span class='ocrx_word' id='word_1_272' title='bbox 677 4228 710 4292; x_wconf 88' lang='lat' dir='ltr'>ei</span> <span class='ocrx_word' id='word_1_273' title='bbox 733 4228 952 4310; x_wconf 90' lang='lat' dir='ltr'>propositos,</span> <span class='ocrx_word' id='word_1_274' title='bbox 985 4248 1062 4289; x_wconf 92' lang='lat' dir='ltr'>cum</span> <span class='ocrx_word' id='word_1_275' title='bbox 1096 4225 1308 4308; x_wconf 90' lang='lat' dir='ltr'>quibusdam</span> <span class='ocrx_word' id='word_1_276' title='bbox 1338 4226 1449 4309; x_wconf 85' lang='lat' dir='ltr'>longi-</span> 
     </span>
     <span class='ocr_line' id='line_1_36' title="bbox 170 4333 1451 4417; baseline -0.002 -19"><span class='ocrx_word' id='word_1_277' title='bbox 170 4335 287 4399; x_wconf 89' lang='lat' dir='ltr'>oribus</span> <span class='ocrx_word' id='word_1_278' title='bbox 312 4335 603 4417; x_wconf 90' lang='lat' dir='ltr'>digressionibus,</span> <span class='ocrx_word' id='word_1_279' title='bbox 628 4335 824 4417; x_wconf 87' lang='lat' dir='ltr'>respondit,</span> <span class='ocrx_word' id='word_1_280' title='bbox 849 4355 953 4417; x_wconf 88' lang='lat' dir='ltr'>quam</span> <span class='ocrx_word' id='word_1_281' title='bbox 979 4333 1263 4415; x_wconf 89' lang='lat' dir='ltr'>responsionem,</span> <span class='ocrx_word' id='word_1_282' title='bbox 1287 4354 1366 4396; x_wconf 92' lang='lat' dir='ltr'>cum</span> <span class='ocrx_word' id='word_1_283' title='bbox 1392 4336 1451 4396; x_wconf 93' lang='lat' dir='ltr'>du·</span> 
     </span>
     <span class='ocr_line' id='line_1_37' title="bbox 170 4439 1453 4524; baseline 0 -21"><span class='ocrx_word' id='word_1_284' title='bbox 170 4444 248 4506; x_wconf 90' lang='lat' dir='ltr'>dum</span> <span class='ocrx_word' id='word_1_285' title='bbox 270 4442 544 4524; x_wconf 88' lang='lat' dir='ltr'>preconceperit</span> <span class='ocrx_word' id='word_1_286' title='bbox 569 4461 604 4516; x_wconf 81' lang='lat' dir='ltr'>et</span> <span class='ocrx_word' id='word_1_287' title='bbox 622 4441 817 4523; x_wconf 89' lang='lat' dir='ltr'>inscriptis</span> <span class='ocrx_word' id='word_1_288' title='bbox 841 4440 1036 4523; x_wconf 88' lang='lat' dir='ltr'>redegerit,</span> <span class='ocrx_word' id='word_1_289' title='bbox 1062 4440 1210 4522; x_wconf 90' lang='lat' dir='ltr'>eiusque</span> <span class='ocrx_word' id='word_1_290' title='bbox 1228 4439 1332 4503; x_wconf 89' lang='lat' dir='ltr'>michi</span> <span class='ocrx_word' id='word_1_291' title='bbox 1349 4440 1453 4522; x_wconf 87' lang='lat' dir='ltr'>copia</span> 
     </span>
     <span class='ocr_line' id='line_1_38' title="bbox 170 4545 1329 4629; baseline 0 -19"><span class='ocrx_word' id='word_1_292' title='bbox 170 4547 269 4613; x_wconf 88' lang='lat' dir='ltr'>facta</span> <span class='ocrx_word' id='word_1_293' title='bbox 292 4549 348 4629; x_wconf 91' lang='lat' dir='ltr'>sit,</span> <span class='ocrx_word' id='word_1_294' title='bbox 372 4549 589 4611; x_wconf 89' lang='lat' dir='ltr'>adverbum</span> <span class='ocrx_word' id='word_1_295' title='bbox 613 4548 695 4611; x_wconf 91' lang='lat' dir='ltr'>huic</span> <span class='ocrx_word' id='word_1_296' title='bbox 719 4549 952 4611; x_wconf 90' lang='lat' dir='ltr'>instrumento</span> <span class='ocrx_word' id='word_1_297' title='bbox 978 4547 1204 4610; x_wconf 88' lang='lat' dir='ltr'>inserendam</span> <span class='ocrx_word' id='word_1_298' title='bbox 1229 4545 1329 4610; x_wconf 89' lang='lat' dir='ltr'>duxi:</span> 
     </span>
    </p>

    <p class='ocr_par' dir='ltr' id='par_1_6' title="bbox 258 4664 1454 4853">
     <span class='ocr_line' id='line_1_39' title="bbox 726 4664 899 4744; baseline 0.006 -18"><span class='ocrx_word' id='word_1_299' title='bbox 726 4664 899 4744; x_wconf 79' lang='lat' dir='ltr'>Jhesus</span> 
     </span>
     <span class='ocr_line' id='line_1_40' title="bbox 258 4770 1454 4853; baseline -0.001 -18"><span class='ocrx_word' id='word_1_300' title='bbox 258 4770 491 4836; x_wconf 90' lang='lat' dir='ltr'>Serenissime</span> <span class='ocrx_word' id='word_1_301' title='bbox 533 4771 677 4835; x_wconf 90' lang='lat' dir='ltr'>domine</span> <span class='ocrx_word' id='word_1_302' title='bbox 720 4772 940 4853; x_wconf 90' lang='lat' dir='ltr'>Imperator,</span> <span class='ocrx_word' id='word_1_303' title='bbox 987 4770 1214 4833; x_wconf 89' lang='lat' dir='ltr'>Illustrissimi</span> <span class='ocrx_word' id='word_1_304' title='bbox 1259 4770 1454 4853; x_wconf 90' lang='lat' dir='ltr'>Principes,</span> 
     </span>
    </p>
   </div>
   <div class='ocr_carea' id='block_1_3' title="bbox 175 4876 1455 5054">
    <p class='ocr_par' dir='ltr' id='par_1_7' title="bbox 175 4876 1455 5054">
     <span class='ocr_line' id='line_1_41' title="bbox 175 4876 1455 4962; baseline 0 -21"><span class='ocrx_word' id='word_1_305' title='bbox 175 4877 442 4942; x_wconf 87' lang='lat' dir='ltr'>Clementissimi</span> <span class='ocrx_word' id='word_1_306' title='bbox 480 4877 630 4958; x_wconf 90' lang='lat' dir='ltr'>domini,</span> <span class='ocrx_word' id='word_1_307' title='bbox 667 4879 717 4941; x_wconf 89' lang='lat' dir='ltr'>ad</span> <span class='ocrx_word' id='word_1_308' title='bbox 757 4876 933 4962; x_wconf 86' lang='lat' dir='ltr'>prefixum</span> <span class='ocrx_word' id='word_1_309' title='bbox 971 4877 1074 4941; x_wconf 90' lang='lat' dir='ltr'>michi</span> <span class='ocrx_word' id='word_1_310' title='bbox 1109 4879 1278 4940; x_wconf 85' lang='lat' dir='ltr'>hesterno</span> <span class='ocrx_word' id='word_1_311' title='bbox 1313 4877 1455 4958; x_wconf 90' lang='lat' dir='ltr'>vesperi</span> 
     </span>
     <span class='ocr_line' id='line_1_42' title="bbox 199 4983 1294 5054; baseline -0.001 -12"><span class='ocrx_word' id='word_1_312' title='bbox 199 5002 277 5054; x_wconf 74' lang='grc' dir='ltr'>Βιίιιι,</span> <span class='ocrx_word' id='word_1_313' title='bbox 289 5005 434 5044; x_wconf 75' lang='lat' dir='ltr'>Documenta</span> <span class='ocrx_word' id='word_1_314' title='bbox 444 5003 583 5042; x_wconf 70' lang='lat' dir='ltr'>hotbertus.</span> <span class='ocrx_word' id='word_1_315' title='bbox 1260 4983 1294 5035; x_wconf 77' lang='lat'>12</span> 
     </span>
    </p>
   </div>
   <div class='ocr_carea' id='block_1_4' title="bbox 0 0 1786 5732">
    <p class='ocr_par' dir='ltr' id='par_1_8' title="bbox 0 0 1786 5732">
     <span class='ocr_line' id='line_1_43' title="bbox 0 0 1786 5732; baseline 0 0"><span class='ocrx_word' id='word_1_316' title='bbox 0 0 1786 5732; x_wconf 95' lang='lat' dir='ltr'> </span> 
     </span>
    </p>
   </div>
  </div>
 </body>
</html>
