3559 5734
836 542 1064 596 0-5ὃὸῧῆ

396 687 550 750 Narrent
576 687 716 750 Domini
741 686 913 751 Oratores
944 688 1038 751 omni
1071 709 1147 752 cum
1173 692 1388 754 dexteritate
1414 702 1449 755 et
1472 695 1587 756 mode·

308 796 376 858 stia
400 797 519 878 (prout
543 794 807 876 prudentissimi
832 792 927 880 sunt)
951 816 990 858 se
1020 817 1098 859 esse
1127 796 1268 876 missos,
1302 820 1323 860 a
1356 796 1591 863 Serenissima

308 902 463 966 Cesarea
487 911 523 964 et
538 901 722 965 Catholica
739 902 928 965 Maiestate
953 905 998 965 ad
1016 903 1289 967 illustrissimum
1310 905 1445 969 Ducem
1469 928 1587 990 supra·

308 1010 440 1073 dictum
464 1030 535 1072 non
559 1010 708 1073 alicuius
732 1009 832 1071 rixae
856 1008 1036 1072 fovendae
1061 1030 1179 1087 causa,
1212 1031 1304 1091 quae
1327 1012 1420 1075 inter
1443 1014 1588 1077 fratrem

306 1116 499 1179 Martinum
524 1117 727 1196 Lutherum,
752 1125 788 1178 et
811 1116 950 1198 aliquos
974 1115 1063 1179 alios
1088 1118 1265 1180 Doctores
1289 1119 1494 1201 Theologos
1518 1131 1588 1183 tam

307 1225 390 1286 viva
413 1244 513 1304 voce,
537 1244 642 1305 quam
666 1223 807 1304 scriptis
831 1223 924 1286 inter
948 1223 1199 1305 disputandum
1223 1235 1301 1287 orta
1325 1225 1383 1298 sit;
1408 1226 1472 1289 sed
1493 1247 1589 1289 mero

308 1330 521 1413 Religionis,
546 1330 701 1413 pietatis,
724 1328 819 1409 fidei,
844 1338 879 1393 et
904 1331 1044 1393 unionis
1060 1330 1283 1394 Christianae
1307 1334 1392 1411 ze10,
1418 1353 1509 1414 quae
1531 1356 1588 1396 ne·

308 1459 408 1501 cesse
440 1448 494 1501 est
527 1448 565 1500 ut
597 1438 740 1502 omnino
775 1439 955 1503 dividatur
985 1440 1014 1502 si
1046 1439 1180 1522 scripta
1208 1449 1243 1502 et
1266 1442 1448 1522 Dogmata
1470 1441 1590 1504 fratris

308 1546 452 1609 Martini
470 1544 616 1608 Lutheri
639 1546 815 1610 haberent
838 1549 969 1610 locum:
1007 1546 1074 1609 Hic
1097 1548 1261 1609 laudetur
1282 1548 1377 1625 Dux,
1402 1570 1423 1611 a
1447 1549 1590 1631 pietate,

307 1654 499 1735 religione,
531 1653 665 1734 optimo
690 1654 832 1717 nomine
856 1664 928 1717 tam
952 1654 1082 1735 ipsius,
1110 1674 1214 1735 quam
1239 1655 1427 1736 majorum,
1452 1665 1487 1717 et
1510 1675 1590 1718 con-

308 1761 446 1824 cilietur
469 1761 580 1842 ipsius
611 1763 744 1842 gratia,
778 1763 896 1843 quoad
921 1760 996 1824 eius
1018 1759 1095 1824 fieri
1119 1760 1247 1843 possit,
1279 1783 1325 1824 ne
1349 1784 1470 1825 ansam
1493 1783 1591 1825 recu-

309 1869 410 1931 sandi
435 1867 648 1949 colloquium
673 1878 797 1931 sumat.

398 1973 511 2038 Orent
539 1984 575 2038 et
598 1978 788 2038 obsecrent
809 1996 874 2057 per
897 1975 1037 2039 viscera
1053 1973 1294 2037 misericordie
1311 1975 1454 2038 Domini
1473 1976 1591 2039 Nostri

308 2085 393 2162 Jesu
410 2082 550 2164 Christi,
575 2094 701 2146 caveat
717 2082 978 2146 illustrissimus
994 2083 1078 2144 Dux
1101 2081 1138 2144 in
1162 2083 1228 2144 hac
1253 2104 1291 2144 re
1316 2083 1434 2164 aliquo
1450 2082 1592 2163 privato

309 2189 440 2253 affectu
464 2190 615 2270 moveri,
641 2199 701 2252 aut
725 2210 851 2253 causas
875 2189 1118 2270 conquerendi
1144 2190 1189 2251 de
1214 2189 1400 2269 abusibus,
1432 2210 1522 2271 quos
1546 2193 1592 2252 ab

309 2297 568 2360 Ecclesiasticis
584 2298 735 2377 Romae,
760 2299 816 2361 vel
833 2296 940 2360 etiam
962 2296 998 2357 in
1015 2294 1208 2359 Germania
1232 2295 1308 2359 fieri
1326 2298 1494 2376 nonnulli,
1512 2301 1593 2380 plus

309 2426 423 2487 aequo
441 2405 588 2468 Clericis
604 2404 744 2486 infensi,
759 2403 947 2487 graviores
964 2403 1140 2466 interdum
1164 2402 1300 2465 faciunt
1324 2424 1429 2485 quam
1445 2423 1512 2485 par
1528 2414 1593 2484 est,

309 2534 386 2575 cum
405 2513 645 2575 Sacramentis
669 2512 805 2592 ritibus,
830 2511 1045 2589 cerimoniis,
1071 2532 1092 2573 a
1117 2510 1308 2573 maioribus
1332 2510 1461 2574 nostris
1489 2511 1594 2575 nobis

310 2620 450 2683 traditis
475 2630 511 2683 et
535 2619 712 2683 Universa
737 2618 921 2682 Catholica
944 2618 1015 2682 fide
1039 2618 1268 2681 commiscere
1293 2627 1328 2680 et
1358 2618 1592 2682 confundere:

309 2727 363 2790 Ne
388 2728 484 2790 forte·
506 2728 587 2790 dum
612 2729 761 2790 alterum
788 2726 918 2809 corrigi
943 2738 1054 2808 optat,
1086 2737 1272 2807 utrumque
1297 2734 1448 2789 corruat.
1497 2726 1593 2789 Nihil

311 2836 401 2898 enim
435 2846 488 2898 est
525 2835 627 2917 peius
666 2844 727 2897 aut
761 2837 808 2897 ab
840 2833 1028 2896 Salvatore
1065 2834 1194 2896 Nostro
1228 2833 1342 2914 magis
1376 2832 1594 2914 prohibitum

310 2965 415 3025 quam
439 2942 566 3005 seditio
591 2951 627 3005 et
650 2942 812 3004 schisma.
847 2940 950 3022 Quod
977 2941 1005 3004 si
1023 2939 1216 3004 Pontifices
1240 2941 1415 3002 interdum
1431 2951 1594 3021 peccant,

310 3054 443 3114 habent
464 3050 618 3131 Judicem
642 3049 801 3113 suumin
827 3049 947 3129 coelis,
973 3048 1032 3129 qui
1058 3068 1120 3111 eos
1143 3046 1285 3110 iudicet.
1324 3047 1442 3128 Super
1466 3047 1592 3111 Cathe-

311 3160 411 3220 dram
435 3157 546 3220 Mosis
577 3157 746 3219 sederunt
775 3155 914 3221 scribae
939 3164 974 3217 et
998 3153 1168 3237 pharisei:
1203 3155 1298 3235 quod
1323 3154 1445 3217 dicunt
1468 3154 1592 3227 facite;

311 3267 514 3343 secundum,
542 3273 660 3327 autem
684 3283 794 3343 opera
818 3283 941 3324 eorum
966 3260 1074 3324 nolite
1099 3260 1229 3341 facere,
1256 3260 1340 3324 dicit
1365 3262 1595 3344 Redemptor

312 3381 449 3452 noster,
484 3391 554 3433 non
581 3380 699 3432 autem
724 3369 900 3451 praecipit
922 3358 1116 3432 Pontifices
1140 3390 1210 3431 non
1236 3368 1452 3450 audiendos,
1487 3371 1594 3451 depo-

312 3481 459 3559 nendos,
484 3478 729 3560 expellendos,
754 3476 1020 3539 interimendos.

400 3586 439 3648 In
464 3584 698 3666 dignitatibus
721 3604 828 3665 posse
849 3594 883 3646 et
901 3585 1016 3647 solere
1033 3603 1185 3664 peccare
1202 3583 1371 3664 homineS,
1397 3583 1594 3666 dignitates

312 3694 408 3776 ipsas
431 3693 574 3754 illaesas
599 3701 634 3754 et
658 3691 881 3754 venerandas
906 3711 1103 3756 remanere.
1574 3700 1576 3703 ’

402 3799 528 3861 Mirum
554 3819 642 3879 esse,
674 3798 744 3861 imo
775 3802 820 3861 ab
850 3799 944 3862 omni
968 3798 1105 3862 ratione
1130 3799 1294 3877 alienum,
1312 3798 1504 3862 Pontifices
1521 3800 1595 3862 Ro-

313 3926 436 3969 manos
459 3909 505 3967 ab
531 3926 600 3967 uno
625 3905 818 3969 fraterculo
843 3906 998 3969 Martino
1020 3906 1175 3969 Luthero
1200 3905 1349 3968 iudicari
1373 3916 1409 3967 et
1433 3908 1595 3969 condem·

313 4012 405 4076 nari:
431 4012 490 4093 qui
515 4032 581 4075 nec
606 4012 739 4075 eisdem
764 4011 1008 4092 Pontificibus,
1043 4033 1107 4074 nec
1133 4012 1195 4074 ulli
1218 4013 1399 4075 hominum
1423 4013 1597 4094 permittit

313 4121 367 4182 ius
391 4140 469 4182 esse
493 4120 645 4200 aliquem
671 4121 728 4182 vel
751 4119 932 4183 minimum
955 4120 1227 4182 homoncionem
1250 4120 1511 4183 condenmandi
1533 4132 1594 4183 aut

313 4226 506 4289 iudicandi:
541 4226 610 4288 imo
635 4246 700 4288 nec
725 4226 827 4289 unius
852 4228 1013 4308 syllabae
1036 4228 1136 4309 leges
1161 4227 1348 4306 condendi,
1377 4242 1437 4290 aut
1461 4228 1597 4310 aliquid

314 4332 575 4417 praecipiendi,
609 4331 674 4395 nisi
706 4332 734 4394 is
767 4333 824 4395 cui
856 4332 1074 4414 praecipitur
1106 4344 1233 4414 sponte
1258 4354 1322 4397 sua
1344 4355 1473 4416 parere
1497 4335 1595 4399 velit.

314 4441 359 4502 Et
389 4439 439 4502 sic
470 4459 609 4501 omnem
640 4439 895 4519 obedientiam,
929 4459 1032 4501 omne
1064 4439 1274 4519 dominium,
1306 4461 1410 4504 omne
1434 4462 1596 4524 regnum,

314 4564 525 4625 omnemque
541 4554 755 4627 potestatem
772 4547 874 4627 tollit,
890 4566 928 4608 re
945 4545 1088 4627 quidem
1103 4547 1301 4628 manifesta,
1322 4549 1386 4610 sed
1403 4568 1596 4630 suppresso

315 4652 455 4715 nomine
486 4652 630 4733 Regum
665 4661 700 4715 et
732 4652 953 4734 Principum,
987 4654 1138 4715 nedum
1171 4654 1311 4716 Clerum
1342 4654 1501 4717 funditus
1537 4656 1596 4718 de-

315 4748 451 4821 strdere
476 4760 561 4838 vult,
587 4758 693 4821 etiam
717 4759 785 4822 sibi
808 4761 1025 4840 temporales
1045 4760 1207 4823 dominos
1224 4782 1293 4823 uno
1311 4762 1508 4843 eodemque
1523 4760 1596 4824 ictu

315 4865 474 4929 intensos
508 4866 645 4930 reddat.
702 4864 775 4928 Sed
811 4866 942 4928 nemini
978 4867 1121 4930 dubium
1158 4879 1211 4931 est
1248 4869 1428 4931 destructa
1461 4869 1596 4950 pietate
