3559 5734
837 489 1067 547 0-<13llitb-0

937 655 956 718 'l

758 706 1090 863 Responsio-dardi
1108 763 1148 845 ll.

704 902 814 974 (Acta
839 902 1020 961 Wormao.
1047 902 1111 962 ror
1139 903 1201 974 ld.)

839 1015 947 1076 (Martio
971 1017 1056 1078 1521.)

413 1119 459 1181 Et
482 1119 512 1182 si
536 1142 607 1183 non
626 1120 806 1204 displicuit
831 1121 947 1202 nobis,
973 1123 1069 1204 quod
1095 1142 1141 1184 ex
1166 1120 1293 1184 litteris
1317 1124 1446 1186 vestris
1469 1144 1591 1205 perce-

308 1227 423 1308 pimus
448 1231 495 1290 ob
518 1227 717 1309 Maiestatis
741 1237 884 1290 nostrae
910 1228 1157 1303 reverentiam,
1183 1238 1331 1291 eatenus
1354 1250 1419 1292 vos
1448 1250 1589 1312 suspen·

309 1336 404 1396 disse
422 1335 670 1398 executionem
687 1336 923 1416 Apostolicae
946 1337 1064 1397 bullae
1090 1352 1214 1397 contra
1238 1337 1454 1417 pernitiosos
1479 1338 1590 1401 libros

306 1440 425 1504 fratris
449 1441 593 1504 Martini
609 1442 755 1504 Lutheri
781 1442 908 1521 editae,
934 1444 1048 1504 donee
1074 1444 1118 1504 de
1137 1453 1253 1505 mente
1279 1454 1314 1506 et
1339 1446 1484 1507 decreto
1511 1466 1587 1507 nos·

308 1561 363 1612 tro
387 1549 558 1612 certiores
582 1529 839 1623 redderemini;
872 1549 991 1611 Nihilo
1021 1559 1140 1611 tamen
1172 1551 1286 1613 minus
1318 1562 1458 1633 gratum
1484 1554 1588 1614 nobis

307 1656 442 1737 fuisset,
468 1658 508 1737 si,
533 1656 630 1719 facta
653 1656 756 1718 vobis
781 1658 939 1737 legitime
970 1656 1207 1719 insinuatione
1239 1658 1424 1738 predictae
1455 1660 1587 1738 bullae,

304 1784 409 1845 quem
443 1765 652 1827 admodum
677 1767 723 1827 ab
748 1751 987 1826 universitatis
1011 1776 1153 1826 vestrae
1178 1764 1381 1845 theologica
1405 1766 1587 1847 facultate,

305 1871 361 1933 cui
384 1872 418 1933 in
443 1871 499 1933 his
524 1871 639 1935 causis
663 1871 789 1934 merito
814 1871 950 1953 primae
976 1872 1145 1947 debetur,
1176 1869 1309 1933 factum
1341 1892 1419 1934 esse
1443 1881 1587 1936 vestrae

303 1978 449 2041 lieterae
489 1978 623 2041 faciunt
653 1978 778 2059 fidem,
815 1979 865 2041 ita
902 1987 937 2040 et
972 1998 1037 2040 vos
1070 1976 1130 2039 alii
1166 1978 1428 2060 suprascriptos
1463 1980 1585 2061 libros,

303 2106 510 2167 magnarum
543 2086 577 2148 in
603 2086 763 2148 Ecclesia
799 2085 856 2148 dei
893 2084 1122 2162 seditionum,
1153 2096 1188 2146 et
1224 2086 1461 2166 periculorum
1486 2086 1584 2149 fomi-

303 2205 366 2273 tes,
402 2192 522 2255 debito
559 2194 634 2274 igni
674 2194 883 2255 cremandos
918 2191 1125 2271 curassetis,
1171 2201 1206 2254 et
1250 2195 1420 2273 populum
1459 2206 1497 2255 ut
1539 2197 1584 2256 ab

302 2299 370 2361 illis
423 2299 489 2361 sibi
540 2300 728 2380 plurimum
779 2308 924 2361 caveret
968 2297 1203 2360 monuissetis.
1275 2298 1379 2379 Quod
1421 2300 1584 2381 profecto

298 2407 375 2487 jure
416 2410 510 2469 bono
547 2407 707 2488 citraque
743 2406 889 2486 alicujus
933 2414 1038 2468 notae
1076 2404 1272 2485 periculum
1308 2428 1329 2467 a
1368 2406 1471 2468 vobis
1506 2406 1584 2469 fieri

301 2514 436 2595 potuit,
475 2515 624 2597 primum
660 2514 743 2594 quia
767 2513 919 2594 'quoties
951 2514 995 2575 de
1030 2512 1203 2592 religione
1242 2512 1360 2593 agitur
1397 2534 1582 2576 romanum

302 2622 503 2701 pontificem
536 2631 765 2701 sanctamque
792 2618 922 2682 Sedem
948 2619 1194 2700 Apostolicam
1219 2619 1386 2681 convenit
1407 2621 1583 2701 judicare:

300 2728 428 2790 deinde
454 2728 536 2809 quia
561 2749 631 2790 non
655 2726 695 2789 fit
718 2726 908 2790 verisimile
942 2727 987 2788 ad
1018 2735 1157 2788 vestras
1187 2726 1354 2806 jamtum
1380 2747 1483 2789 aures
1509 2749 1581 2790 non

300 2835 506 2915 pervenisse
530 2836 564 2897 in
590 2835 720 2897 nostris
744 2844 816 2896 tam
833 2832 1059 2895 inferioribus
1077 2832 1250 2912 dominiis,
1276 2854 1381 2914 quam
1399 2834 1582 2915 Coloniae,

298 2942 473 3022 Treveris,
498 2941 706 3023 Moguntiae
730 2941 878 3022 aliisque
893 2939 1107 3003 Germaniae
1132 2941 1221 3001 locis
1247 2941 1463 3003 authoritate
1482 2942 1579 3024 Apo·

298 3049 434 3131 stolica,
460 3060 493 3111 et
510 3058 630 3112 nostro
648 3050 824 3112 Caesareo
841 3051 987 3110 decreto
1012 3048 1220 3118 antedictos,
1246 3058 1282 3110 et
1306 3048 1394 3110 alios
1424 3048 1581 3110 famosos

299 3155 407 3218 libros
431 3157 574 3238 publico
609 3167 644 3219 et
668 3156 790 3217 debito
815 3154 980 3217 incendio
1011 3153 1119 3215 fuisse
1145 3158 1368 3236 absumptos;
1397 3166 1579 3236 postremo

298 3263 391 3344 quia,
412 3283 490 3325 cum
515 3264 582 3325 ista
602 3274 723 3326 vestra
739 3261 950 3325 universitas
966 3281 1035 3323 non
1054 3262 1167 3322 solum
1186 3261 1341 3342 optimae
1359 3262 1578 3342 eruditionis,

298 3373 360 3432 sed
385 3380 420 3432 et
444 3371 656 3433 christianae
672 3369 815 3451 pietatis
838 3368 994 3431 fecunda
1013 3389 1144 3449 parens
1168 3389 1308 3449 semper
1333 3368 1449 3449 fuerit,
1474 3368 1580 3432 facile
1653 3408 1658 3423 ι

297 3478 469 3559 poteratis
493 3499 712 3561 cognoscere
738 3476 885 3539 Lutheri
921 3486 955 3537 et
984 3474 1053 3537 alia
1084 3478 1350 3538 lutheranorum
1374 3475 1525 3557 scripta,
1557 3498 1578 3539 a

297 3584 470 3647 charitate
495 3596 531 3647 et
554 3585 623 3648 ritu
647 3607 667 3647 a
693 3584 822 3647 nostris
840 3583 1030 3664 majoribus
1055 3583 1185 3644 tradito
1211 3583 1441 3661 discedentia,
1472 3584 1576 3664 pluri-

297 3712 389 3754 mum
414 3692 496 3754 mali
520 3692 555 3754 in
581 3693 745 3754 Ecclesia
769 3691 836 3753 Dei
866 3692 936 3771 jam
961 3689 1156 3771 peperisse,
1182 3699 1216 3751 et
1241 3689 1307 3751 nisi
1331 3684 1574 3771 provideatur,

295 3799 330 3860 in
355 3808 537 3880 posterum
561 3799 662 3882 peius
687 3821 766 3862 esse
790 3799 959 3878 paritura.
999 3797 1133 3859 Verum
1157 3796 1239 3877 quia
1269 3797 1431 3877 persuasi
1456 3817 1574 3859 sumus

294 3908 427 3969 nullam
450 3906 554 3968 aliam
579 3909 625 3967 ob
652 3928 795 3969 causam
826 3906 928 3967 istam
953 3903 1213 3966 cunctationem
1238 3903 1367 3965 factam
1399 3924 1502 3985 quam
1536 3916 1573 3966 ut

293 4012 471 4095 Majestati
496 4022 638 4076 nostrae
663 4034 754 4094 quae
779 4013 879 4075 istius
904 4010 1143 4073 universitatis
1168 4010 1350 4072 fundatrix
1375 4021 1411 4073 et
1434 4022 1570 4093 protec-

293 4120 365 4182 trix
390 4131 454 4201 est,
479 4121 636 4183 debitum
660 4122 831 4183 honorem
851 4119 1079 4199 exhiberetis,
1106 4139 1175 4180 non
1193 4139 1380 4199 possumus
1398 4139 1468 4180 non
1482 4140 1572 4181 com·

292 4229 461 4291 mendara
496 4228 599 4291 istum
631 4229 804 4305 animum,
846 4227 1143 4306 devotionemque
1175 4225 1209 4286 in
1245 4246 1308 4288 nos
1341 4236 1510 4288 vestram:
1543 4226 1572 4287 si

293 4336 399 4397 modo
435 4356 541 4417 quum
570 4334 720 4416 primum
751 4337 816 4398 has
850 4335 992 4396 lieteras
1025 4332 1151 4395 mentis
1183 4346 1326 4394 nostrae
1351 4332 1502 4411 indices,
1538 4343 1572 4395 et

293 4443 502 4505 universalis
527 4443 661 4505 decreti
687 4442 797 4504 nostri
821 4443 933 4504 instar
957 4442 1093 4503 futuras
1110 4439 1336 4521 acceperitis:
1364 4460 1425 4501 eas
1450 4438 1483 4500 in
1510 4460 1570 4520 pu-

290 4549 392 4612 blicis
422 4550 529 4613 totius
554 4550 794 4613 universitatis
819 4561 962 4612 nostrae
987 4547 1136 4611 comitiis
1160 4546 1242 4628 legi,
1273 4556 1307 4608 et
1331 4546 1476 4608 Lutheri
1512 4566 1569 4626 pe·

290 4658 451 4721 stilentes
482 4660 591 4721 libros
616 4679 738 4720 omnes
766 4659 835 4739 jam
866 4659 912 4718 ab
938 4654 1135 4736 apostolica
1159 4654 1245 4715 sede
1270 4654 1456 4715 damnatos
1467 4692 1478 4731 ,1
1501 4673 1569 4714 om-

290 4766 418 4846 niaque
444 4766 648 4847 quorumvis
672 4771 706 4826 in
733 4762 914 4826 Summum
938 4761 1158 4843 pontificem,
1197 4773 1233 4823 et
1257 4762 1377 4823 sedem
1403 4760 1568 4841 apostoli-

289 4894 386 4955 cam,
410 4876 648 4954 honestasque
674 4891 845 4953 personas
869 4870 1007 4931 famosa
1034 4868 1167 4948 scripta
1191 4868 1360 4929 damnata
1391 4878 1427 4929 et
1451 4866 1568 4949 prohi-
