3559 5734
781 548 840 603 44]
879 544 1030 604 eroco

264 702 340 757 trae
365 695 459 776 quod
483 693 565 757 fieri
588 695 675 759 velit
699 716 777 759 cum
804 696 931 760 misero
955 696 1097 760 homine
1122 697 1158 760 in
1175 718 1239 761 sua
1253 699 1451 780 pertinacia
1466 720 1544 781 per-

264 814 463 867 severante.

354 908 541 973 Caeterum
579 911 661 993 quia
696 913 821 975 eadem
855 923 1020 975 creatura
1052 923 1172 976 vestra
1205 923 1339 975 certum
1363 913 1474 975 habet
1498 914 1545 976 ad

264 1015 417 1079 schisma
442 1026 476 1080 et
500 1017 738 1081 defectionem
763 1020 973 1082 movendam
998 1021 1204 1084 mandatum
1227 1040 1306 1083 esse
1322 1040 1545 1101 consensum,

264 1123 463 1205 partimque
496 1124 573 1188 fieri
606 1126 853 1189 conventicula
886 1126 1186 1209 conspirationeS,
1220 1136 1359 1190 mutuas
1383 1128 1543 1191 cohorta-

263 1229 388 1310 tiones,
412 1232 458 1294 ad
482 1252 557 1295 rem
580 1241 652 1296 tam
675 1234 900 1313 horrendam,
925 1232 1061 1298 diutina
1084 1234 1345 1300 consultatione
1369 1254 1449 1298 cum
1472 1235 1545 1298 suis

262 1337 395 1417 habita,
419 1339 555 1402 invenit
578 1360 710 1421 operae
734 1341 893 1422 precium
918 1362 996 1404 esse
1020 1350 1058 1403 ut
1082 1341 1358 1404 Illustrissimum
1383 1342 1544 1422 Joachim

262 1444 505 1508 Marchionem
522 1457 557 1508 et
575 1447 765 1511 electorem
782 1448 1145 1530 Brandeburgensem
1160 1448 1331 1529 Fratrem,
1357 1452 1543 1530 electores,

264 1561 299 1614 et
323 1552 503 1635 principes
527 1554 635 1634 alios,
660 1557 833 1637 requirat,
870 1556 1046 1640 principio
1070 1556 1155 1638 quid
1179 1556 1287 1618 animi
1311 1575 1399 1637 erga
1422 1555 1542 1619 Eccle-

263 1660 350 1722 siam
390 1661 563 1744 habeant,
603 1673 638 1725 et
663 1684 707 1725 an
732 1663 843 1726 velint
872 1685 951 1727 esse
982 1663 1162 1746 praesidio
1187 1664 1426 1726 labefactatae
1450 1663 1541 1746 paci.

263 1765 402 1830 Deinde
427 1769 554 1850 quibus
585 1770 782 1833 rationibus
812 1771 898 1853 ipsis
930 1771 1093 1834 videatur
1117 1772 1374 1835 occurrendum
1398 1770 1542 1834 nimium

263 1877 410 1938 robusto
444 1877 525 1939 huic
558 1880 670 1958 malo,
701 1886 737 1941 et
770 1878 804 1940 in
838 1899 880 1941 eo
905 1878 974 1941 iam
998 1888 1092 1942 totus
1117 1890 1171 1942 est
1196 1888 1233 1949 ut
1257 1878 1336 1941 illos
1360 1877 1542 1960 sigillatim

262 2001 327 2063 per
350 1981 499 2047 idoneos
524 1995 559 2046 et
583 1985 723 2049 intimos
748 1985 955 2049 consiliares
979 1987 1153 2068 exploret,
1179 2008 1219 2049 ac
1237 1985 1395 2049 invocet:
1421 1986 1539 2048 Prete-

263 2109 325 2151 rea
355 2109 433 2152 cum
465 2090 660 2154 Comitibus
684 2092 857 2155 Nassallis
884 2092 978 2155 idem
1009 2091 1170 2156 tentabit.
1217 2092 1306 2154 Nam
1340 2091 1445 2155 altius
1472 2094 1541 2155 hoc

263 2197 392 2259 malum
416 2198 555 2261 radices
581 2198 723 2278 defixit,
760 2220 865 2281 quam
897 2199 992 2280 quod
1026 2220 1047 2261 a
1077 2200 1154 2262 sola
1185 2207 1348 2261 creatura
1379 2197 1542 2280 predicta

262 2304 369 2366 avelli
393 2305 506 2386 possit
530 2305 721 2369 amicorum
744 2305 910 2389 presidiis
934 2305 1113 2369 destituta.

352 2411 536 2492 Quendam
562 2412 790 2475 abmandavit
814 2415 860 2476 ad
885 2412 1096 2476 Caesaream
1118 2412 1341 2494 Majestatem
1365 2411 1426 2494 qui
1450 2431 1541 2474 com·

263 2539 366 2581 mune
391 2519 577 2601 negocium
595 2520 783 2583 Romanae
800 2519 983 2582 Ecclesiae
998 2519 1243 2601 potentissime
1259 2530 1354 2602 aget,
1379 2530 1414 2581 et
1437 2520 1542 2581 huius

263 2628 431 2688 tumultus
454 2628 612 2689 remedia
636 2629 731 2708 apud
756 2625 968 2689 Caesaream
985 2618 1209 2689 Maiestatem
1227 2637 1385 2706 venetur,
1411 2625 1541 2708 quique

262 2732 438 2796 Caesarea
463 2736 629 2797 mandata
653 2735 825 2797 adversus
850 2755 928 2796 eam
952 2742 1086 2797 sectam
1109 2733 1325 2816 impediente
1346 2736 1442 2797 bello
1459 2732 1540 2798 Gal·

262 2839 329 2901 lico
353 2842 524 2907 hactenus
548 2841 727 2923 plerisque
759 2841 794 2904 in
826 2840 913 2903 locis
945 2861 1015 2904 non
1040 2840 1236 2924 publicata,
1261 2840 1435 2923 publicari
1460 2862 1540 2904 exe·

261 2946 464 3029 cutionique
489 2949 695 3011 demandari
720 2959 829 3013 curet.

349 3054 394 3116 Et
418 3057 548 3137 quique
571 3076 629 3118 res
646 3077 760 3138 prope
784 3056 936 3118 hominis
953 3064 1096 3139 captum
1121 3067 1156 3119 et
1172 3057 1266 3119 vires
1290 3056 1467 3120 excedere
1491 3055 1539 3118 vi·

261 3163 364 3223 detur
395 3173 433 3225 ut
464 3162 621 3243 alioquin
647 3162 804 3226 divinum
834 3163 1003 3225 auxilium
1028 3162 1063 3224 in
1089 3163 1251 3226 omnibus
1276 3173 1329 3225 est
1352 3161 1539 3244 imploran-

261 3269 354 3347 dum,
378 3267 582 3349 impetravit
607 3271 738 3333 devota
762 3279 925 3333 creatura
949 3279 1069 3333 vestra
1093 3291 1158 3352 per
1179 3290 1261 3333 suas
1278 3269 1440 3333 dioceses
1463 3268 1541 3333 fieri

259 3375 420 3456 publicas
445 3377 722 3458 supplicationes
739 3376 998 3458 processiones,
1023 3377 1194 3440 lectiones
1212 3375 1423 3456 litaniarum,
1447 3377 1539 3458 psal-

260 3502 394 3545 morum
420 3493 455 3546 et
478 3483 514 3545 id
539 3504 652 3565 genus
676 3487 804 3567 quibus
828 3494 949 3567 sperat
973 3486 1253 3566 promovendum
1283 3483 1448 3545 affectum
1481 3502 1539 3564 po·

259 3588 433 3670 pularium
458 3591 503 3653 ad
529 3591 803 3655 misericordiam
828 3592 896 3654 Dei
922 3591 1202 3672 suscipiendam,
1227 3601 1263 3653 et
1288 3591 1334 3653 ad
1359 3588 1540 3652 iustiorem

260 3697 444 3779 magisque
470 3698 706 3762 Christianam
731 3699 936 3781 opinionem
959 3699 1184 3761 induendam.

349 3802 439 3867 Sunt
462 3807 590 3887 quibus
613 3805 831 3888 provinciale
848 3805 1044 3869 Concilium
1066 3806 1264 3887 expediens
1288 3804 1478 3886 videretur,
1504 3813 1540 3866 et

260 3913 354 3991 quod
380 3910 559 3975 Sanctitas
583 3922 703 3975 vestra
727 3913 961 3975 demandaret
985 3911 1286 3994 Archiepiscopis,
1311 3922 1350 3974 ut
1380 3910 1540 3974 collectis

260 4017 412 4081 Prelatis
427 4040 568 4082 suarum
584 4020 846 4101 provinciarum
861 4019 896 4081 in
913 4039 1098 4082 commune
1112 4020 1354 4082 consultarent
1366 4020 1410 4080 de
1424 4018 1540 4081 causis

259 4133 296 4188 et
316 4127 482 4189 remediis
504 4128 593 4189 tanti
616 4128 699 4190 mali
722 4147 800 4190 cum
823 4125 1072 4189 testificatione
1097 4125 1190 4208 quod
1212 4121 1399 4187 Sanctitati
1420 4135 1540 4188 vestre

259 4232 343 4296 nihil
376 4233 511 4314 gratius
542 4234 729 4316 obtingere
760 4235 874 4317 possit
905 4254 1010 4316 quam
1042 4253 1128 4296 vera
1157 4252 1231 4314 pax
1260 4231 1540 4295 Christianorum

259 4342 424 4422 quodque
448 4342 493 4404 ad
518 4363 596 4405 eam
619 4342 908 4425 reintegrandam
932 4362 998 4423 pro
1019 4349 1170 4422 paterna
1193 4338 1327 4421 pietate
1352 4360 1392 4401 ac
1409 4338 1541 4402 affectu

259 4468 325 4529 pro
350 4448 484 4511 viribus
508 4458 680 4512 conatura
703 4457 806 4512 esset.
847 4449 981 4511 Verum
1006 4468 1049 4510 ea
1065 4468 1122 4509 res
1145 4444 1375 4529 provincialis
1392 4444 1541 4508 Concilii

259 4555 410 4618 coeundi
426 4555 556 4619 dictam
571 4554 778 4619 Sanctitatis
801 4564 921 4619 vestre
946 4564 1145 4618 creaturam
1168 4553 1357 4617 sollicitam
1380 4562 1488 4617 tenet.

347 4662 472 4745 Neque
496 4674 629 4726 temere
654 4683 775 4728 eorum
799 4663 859 4744 qui
882 4663 933 4726 ita
956 4662 1113 4725 sentiunt
1136 4662 1371 4744 amplectetur
1400 4671 1540 4724 senten·

259 4768 343 4832 tiam
367 4770 433 4832 nisi
457 4780 631 4851 quatenus
660 4770 698 4832 id
723 4767 904 4834 Sanctitas
936 4776 1058 4831 vestra
1080 4778 1220 4849 gratum
1245 4788 1324 4832 esse
1348 4788 1390 4830 ac
1414 4770 1460 4830 ab
1484 4787 1540 4831 ea·

260 4878 341 4939 dem
365 4877 510 4959 probari
535 4876 755 4961 cognoverit.
