3559 5734
854 496 1101 559 04336Μῆ

337 647 414 710 loro
438 646 461 710 l'
474 648 543 711 han
568 643 704 711 chiesto
729 648 763 710 al
783 646 974 711 Cardinale
989 647 1211 733 Campeggio
1225 649 1364 733 Legato
1388 648 1425 713 di
1441 647 1515 714 Sua
1531 646 1616 714 San-

337 755 417 836 tita,
451 764 690 838 perventura
724 754 818 818 saria
841 755 973 837 meglio
1010 756 1055 819 de
1078 757 1247 840 prevenir
1269 759 1304 821 la
1328 760 1427 821 detta
1450 757 1557 822 Dieta
1581 758 1617 821 di

337 859 443 944 Spira
475 871 510 924 et
540 860 596 926 far
619 861 639 925 l’
654 861 875 925 intimatione
906 871 942 925 et
974 863 1217 944 publicatione
1248 865 1307 927 del
1331 865 1431 928 detto
1456 863 1617 928 Concilio

336 969 536 1032 universale
560 989 625 1051 per
649 969 684 1032 la
707 979 821 1032 estate
845 968 1010 1051 proxima
1040 980 1076 1032 et
1098 970 1158 1054 piu
1183 981 1305 1054 presto
1329 972 1395 1034 che
1419 971 1450 1034 si
1473 980 1618 1053 potesse

336 1077 429 1149 lare;
455 1086 491 1139 et
513 1076 574 1159 poi
591 1075 815 1139 demandono
840 1076 870 1139 si
893 1074 1007 1140 faccia
1031 1078 1126 1140 nella
1140 1061 1285 1160 Magna,
1309 1078 1426 1159 potria
1439 1076 1514 1142 Sua
1530 1076 1616 1141 San·

336 1182 401 1246 tita
433 1184 604 1266 eleggere
636 1202 702 1265 per
726 1192 852 1263 questo
876 1186 912 1246 la
936 1183 1020 1246 citta
1053 1183 1089 1246 di
1112 1184 1263 1266 Trento,
1299 1188 1365 1248 che
1397 1206 1463 1270 per
1496 1185 1617 1249 lorod

335 1299 457 1354 tenuta
490 1291 584 1353 della
606 1290 742 1373 Magna
773 1310 907 1353 ancora
930 1290 997 1354 che
1030 1290 1083 1354 sia
1114 1290 1149 1354 in
1173 1291 1294 1374 Italia,
1329 1300 1365 1356 et
1395 1291 1516 1356 avanti
1552 1294 1618 1355 che

334 1397 476 1461 venisse
515 1396 536 1459 'l
575 1407 696 1478 tempo
734 1396 830 1460 della
864 1398 1120 1462 convocatione
1162 1398 1192 1460 si
1228 1397 1346 1481 potria
1391 1420 1457 1463 con
1497 1399 1618 1481 giusta

335 1523 443 1566 causa
472 1504 623 1566 mutarlo
655 1503 690 1566 in
727 1505 818 1567 altro
853 1506 963 1586 luogo
993 1503 1053 1587 piu
1089 1525 1111 1568 a
1143 1498 1329 1588 proposito
1362 1525 1384 1568 o
1416 1505 1451 1568 in
1485 1506 1617 1588 Roma,

335 1609 415 1674 oin
440 1612 530 1673 altre
554 1607 638 1673 citta
669 1610 702 1673 d’
716 1610 836 1691 Italia,
872 1621 909 1674 et
933 1632 1065 1675 ancora
1098 1614 1164 1676 che
1188 1613 1210 1675 'l
1234 1613 1513 1677 termine'della
1536 1633 1617 1678 con-

334 1716 524 1780 vocatione
564 1717 651 1780 fussi
693 1738 760 1801 per
794 1718 995 1800 primavera
1027 1740 1093 1803 per
1131 1719 1283 1803 impedir
1317 1719 1377 1804 pio
1413 1718 1617 1784 facilmente

334 1825 368 1888 la
392 1825 499 1887 Dieta
524 1824 559 1887 di
583 1822 707 1907 Spita,
743 1825 772 1888 si
795 1826 915 1908 potria
938 1825 975 1888 di
997 1825 1059 1909 poi
1093 1849 1112 1890 a
1136 1835 1258 1891 nostra
1280 1826 1512 1910 requisitione
1537 1848 1616 1911 pro·

335 1932 489 2014 rogarlo
535 1930 659 1993 Direte
692 1952 715 1994 a
747 1929 820 1995 Sua
854 1930 994 1996 Santitt
1028 1934 1094 1996 che
1126 1934 1304 1998 consideri
1336 1936 1446 1998 molto
1479 1938 1552 1999 ben
1584 1937 1616 1998 el

334 2047 426 2102 tutto
450 2048 486 2101 et
510 2037 541 2101 ci
565 2038 678 2102 avvisi
701 2039 725 2102 il
750 2059 814 2102 suo
837 2059 986 2121 parere,
1022 2042 1088 2105 che
1112 2060 1184 2103 non
1207 2043 1402 2104 lasceremo
1436 2040 1471 2104 di
1496 2042 1617 2124 seguir

334 2166 398 2208 suo
433 2148 529 2209 buon
564 2145 738 2228 consiglio
774 2166 874 2209 come
910 2146 946 2210 di
981 2160 1103 2211 nostro
1138 2168 1224 2211 vero
1259 2148 1385 2230 padre,
1429 2157 1465 2211 et
1500 2169 1614 2212 corre·

333 2253 515 2335 sponderli
548 2273 648 2318 come
687 2256 781 2317 buon
818 2252 954 2335 figliolo
988 2263 1024 2317 et
1060 2264 1244 2337 protector
1276 2254 1310 2317 di
1351 2256 1469 2337 quella
1504 2253 1616 2318 Santa

334 2358 439 2425 Sede.
465 2369 531 2424 etc.

936 2879 1010 2947 159.

797 2995 943 3077 Carolus
970 2994 1150 3078 Clementi

752 3144 851 3219 (Epist-
876 3142 1036 3217 motui
1063 3142 1109 3202 iol.
1127 3142 1196 3214 ut.)

845 3261 900 3332 (18.
921 3263 986 3313 Maii
1008 3262 1095 3330 1524.)

493 3398 703 3462 Beatissime
727 3399 836 3461 Pater
859 3395 1012 3460 Domine
1036 3393 1361 3461 Reverendissime.

422 3541 593 3605 Libenter
616 3559 738 3603 eorum
771 3539 966 3603 commodis
996 3538 1232 3620 consulimus,
1264 3558 1412 3621 quorum
1442 3539 1532 3604 fides
1562 3541 1611 3605 in·

334 3648 469 3711 dustria
497 3658 533 3712 et
556 3647 718 3710 assiduus
753 3650 856 3710 labor
887 3667 930 3710 ac
963 3645 1150 3727 diligentia
1184 3665 1254 3709 non
1290 3647 1402 3709 solum
1438 3646 1542 3710 nobis
1577 3658 1613 3711 et

333 3755 526 3819 maioribus
549 3754 696 3834 nostris,
721 3756 783 3817 sed
818 3755 924 3817 etiam
948 3751 1102 3817 Sanctae
1126 3753 1184 3816 isti
1209 3750 1295 3816 Sedi
1323 3761 1359 3816 et
1388 3754 1612 3818 orthodoxae

333 3861 416 3925 fidei
440 3862 518 3924 usui
542 3871 578 3925 et
602 3869 809 3924 ornamento
832 3859 911 3925 fuit.
950 3859 1037 3923 Cum
1058 3860 1178 3941 itaque
1193 3859 1413 3923 honorabilis
1429 3862 1612 3944 utriusque

330 3969 418 4050 juris
449 3969 586 4032 Doctor
618 3968 806 4031 Balthasar
846 3967 1052 4051 propositus
1087 3966 1124 4029 in
1152 3965 1356 4030 Waltkirch
1390 3967 1613 4032 consiliarius

334 4085 457 4138 noster
480 4076 631 4137 devotus
656 4073 807 4137 dilectus
831 4074 865 4135 in
891 4073 1031 4156 magnis
1051 4081 1088 4136 et
1104 4072 1224 4135 arduis
1247 4075 1356 4136 rebus
1378 4074 1472 4138 Divo
1490 4074 1613 4139 Cesari

334 4182 576 4245 Maximiliano
600 4181 755 4245 Domino
780 4190 815 4244 et
839 4201 908 4244 avo
923 4190 1046 4244 nostro
1063 4180 1310 4246 colendissimo
1330 4181 1613 4264 preclarissimae

333 4289 524 4352 memoriae
549 4288 819 4372 diligentissime
843 4288 1043 4367 serviverit,
1069 4296 1105 4350 et
1119 4286 1342 4369 Imperialem
1356 4285 1611 4351 Cancellariam

334 4417 467 4460 summa
492 4417 571 4459 cum
601 4397 707 4460 laude
732 4405 768 4459 et
790 4395 997 4478 integritate
1021 4394 1139 4458 multis
1169 4395 1272 4458 annis
1302 4394 1613 4474 administraverit,

333 4523 400 4567 nec
425 4523 493 4566 non
519 4502 689 4566 defuncta
713 4503 790 4566 eius
809 4503 997 4566 Maiestate
1021 4503 1067 4564 ad
1092 4501 1265 4583 obsequia
1287 4510 1409 4564 nostra
1432 4512 1613 4583 evocatuS,

333 4611 438 4673 nobis
461 4630 540 4673 cum
564 4610 683 4672 multis
706 4609 742 4672 in
764 4612 889 4690 rebus,
914 4618 988 4672 tum
1011 4608 1205 4692 praecipue
1228 4608 1264 4671 in
1289 4617 1468 4672 conventu
1491 4619 1612 4674 nostro

334 4716 512 4799 Imperiali
535 4716 789 4780 Wormatiensi
826 4715 1042 4799 singularem
1076 4735 1221 4798 operam
1253 4724 1289 4777 et
1311 4714 1417 4778 fidem
1440 4715 1611 4780 illibatam

333 4823 535 4898 navaverit;
574 4823 715 4907 quippe
748 4822 881 4886 ibidem
915 4835 1039 4885 contra
1074 4823 1296 4885 lutheranam
1333 4821 1485 4886 heresim
1525 4823 1612 4887 mira
