<?xml version="1.0" encoding="UTF-8"?>
<!DOCTYPE html PUBLIC "-//W3C//DTD XHTML 1.0 Transitional//EN"
    "http://www.w3.org/TR/xhtml1/DTD/xhtml1-transitional.dtd">
<html xmlns="http://www.w3.org/1999/xhtml" xml:lang="en" lang="en">
 <head>
  <title>
</title>
<meta http-equiv="Content-Type" content="text/html;charset=utf-8" />
  <meta name='ocr-system' content='tesseract 3.04.00' />
  <meta name='ocr-capabilities' content='ocr_page ocr_carea ocr_par ocr_line ocrx_word'/>
</head>
<body>
  <div class='ocr_page' id='page_1' title='image "./monumentareform01vatigoog_0140.png"; bbox 0 0 3559 5734; ppageno 0'>
   <div class='ocr_carea' id='block_1_1' title="bbox 808 518 1056 577">
    <p class='ocr_par' dir='ltr' id='par_1_1' title="bbox 808 518 1056 577">
     <span class='ocr_line' id='line_1_1' title="bbox 808 518 1056 577; baseline -0.004 -1"><span class='ocrx_word' id='word_1_1' title='bbox 808 518 1056 577; x_wconf 54' lang='grc' dir='ltr'>ΗΞῙῙῖΞΗ)</span> 
     </span>
    </p>
   </div>
   <div class='ocr_carea' id='block_1_2' title="bbox 288 668 1573 946">
    <p class='ocr_par' dir='ltr' id='par_1_2' title="bbox 288 668 1573 946">
     <span class='ocr_line' id='line_1_2' title="bbox 288 668 1572 751; baseline -0.001 -20"><span class='ocrx_word' id='word_1_2' title='bbox 288 670 501 733; x_wconf 87' lang='lat' dir='ltr'>bellaturam</span> <span class='ocrx_word' id='word_1_3' title='bbox 530 680 565 731; x_wconf 89' lang='lat' dir='ltr'>et</span> <span class='ocrx_word' id='word_1_4' title='bbox 595 668 685 731; x_wconf 90' lang='lat' dir='ltr'>hanc</span> <span class='ocrx_word' id='word_1_5' title='bbox 716 669 870 751; x_wconf 83' lang='lat' dir='ltr'>opimam</span> <span class='ocrx_word' id='word_1_6' title='bbox 902 669 1081 731; x_wconf 91' lang='lat' dir='ltr'>victimam</span> <span class='ocrx_word' id='word_1_7' title='bbox 1105 669 1184 730; x_wconf 92' lang='lat' dir='ltr'>Deo</span> <span class='ocrx_word' id='word_1_8' title='bbox 1209 678 1349 750; x_wconf 81' lang='lat' dir='ltr'>gratam</span> <span class='ocrx_word' id='word_1_9' title='bbox 1373 669 1572 733; x_wconf 90' lang='lat' dir='ltr'>oblaturam</span> 
     </span>
     <span class='ocr_line' id='line_1_3' title="bbox 289 775 1573 859; baseline 0.001 -22"><span class='ocrx_word' id='word_1_10' title='bbox 289 776 366 840; x_wconf 81' lang='lat' dir='ltr'>fore</span> <span class='ocrx_word' id='word_1_11' title='bbox 391 786 568 859; x_wconf 88' lang='lat' dir='ltr'>optamus,</span> <span class='ocrx_word' id='word_1_12' title='bbox 601 796 641 838; x_wconf 86' lang='lat' dir='ltr'>ac</span> <span class='ocrx_word' id='word_1_13' title='bbox 665 775 701 837; x_wconf 91' lang='lat' dir='ltr'>in</span> <span class='ocrx_word' id='word_1_14' title='bbox 727 776 879 839; x_wconf 86' lang='lat' dir='ltr'>Domino</span> <span class='ocrx_word' id='word_1_15' title='bbox 904 778 1078 838; x_wconf 90' lang='lat' dir='ltr'>bonorum</span> <span class='ocrx_word' id='word_1_16' title='bbox 1103 777 1258 838; x_wconf 91' lang='lat' dir='ltr'>omnium</span> <span class='ocrx_word' id='word_1_17' title='bbox 1282 785 1426 838; x_wconf 91' lang='lat' dir='ltr'>auctore</span> <span class='ocrx_word' id='word_1_18' title='bbox 1454 796 1573 857; x_wconf 89' lang='lat' dir='ltr'>spera-</span> 
     </span>
     <span class='ocr_line' id='line_1_4' title="bbox 289 885 650 946; baseline -0.003 -1"><span class='ocrx_word' id='word_1_19' title='bbox 289 904 380 946; x_wconf 87' lang='lat' dir='ltr'>mus:</span> <span class='ocrx_word' id='word_1_20' title='bbox 428 885 558 945; x_wconf 92' lang='lat' dir='ltr'>Datum</span> <span class='ocrx_word' id='word_1_21' title='bbox 583 893 650 945; x_wconf 92' lang='lat' dir='ltr'>etc.</span> 
     </span>
    </p>
   </div>
   <div class='ocr_carea' id='block_1_3' title="bbox 821 1061 1028 1074">
    <p class='ocr_par' dir='ltr' id='par_1_3' title="bbox 821 1061 1028 1074">
     <span class='ocr_line' id='line_1_5' title="bbox 821 1061 1028 1074; baseline -0.005 -1"><span class='ocrx_word' id='word_1_22' title='bbox 821 1061 923 1073; x_wconf 52' lang='lat' dir='ltr'>wemma</span> <span class='ocrx_word' id='word_1_23' title='bbox 929 1062 970 1073; x_wconf 54' lang='lat' dir='ltr'>tvvs</span> <span class='ocrx_word' id='word_1_24' title='bbox 975 1062 1028 1074; x_wconf 67' lang='grc' dir='ltr'>Μν-</span> 
     </span>
    </p>
   </div>
   <div class='ocr_carea' id='block_1_4' title="bbox 903 1290 948 1355">
    <p class='ocr_par' dir='ltr' id='par_1_4' title="bbox 903 1290 948 1355">
     <span class='ocr_line' id='line_1_6' title="bbox 903 1290 948 1355; baseline 0 0"><span class='ocrx_word' id='word_1_25' title='bbox 903 1290 948 1355; x_wconf 89' lang='grc'>40</span> 
     </span>
    </p>
   </div>
   <div class='ocr_carea' id='block_1_5' title="bbox 288 1344 1572 1600">
    <p class='ocr_par' dir='ltr' id='par_1_5' title="bbox 288 1344 1572 1600">
     <span class='ocr_line' id='line_1_7' title="bbox 288 1344 1572 1500; baseline 0 -20"><span class='ocrx_word' id='word_1_26' title='bbox 288 1400 425 1482; x_wconf 75' lang='lat' dir='ltr'>Gordiu.</span> <span class='ocrx_word' id='word_1_27' title='bbox 438 1398 595 1480; x_wconf 76' lang='lat' dir='ltr'>Senator.</span> <span class='ocrx_word' id='word_1_28' title='bbox 603 1395 759 1500; x_wconf 76' lang='lat' dir='ltr'>Quatuor</span> <span class='ocrx_word' id='word_1_29' title='bbox 774 1344 958 1500; x_wconf 34' lang='lat' dir='ltr'>magistro·</span> <span class='ocrx_word' id='word_1_30' title='bbox 964 1398 1127 1500; x_wconf 82' lang='lat' dir='ltr'>generali</span> <span class='ocrx_word' id='word_1_31' title='bbox 1142 1398 1299 1478; x_wconf 84' lang='lat' dir='ltr'>fratrum</span> <span class='ocrx_word' id='word_1_32' title='bbox 1306 1399 1572 1481; x_wconf 78' lang='lat' dir='ltr'>observantiae.</span> 
     </span>
     <span class='ocr_line' id='line_1_8' title="bbox 746 1526 1118 1600; baseline 0.003 -14"><span class='ocrx_word' id='word_1_33' title='bbox 746 1529 832 1600; x_wconf 76' lang='lat' dir='ltr'>(Atta</span> <span class='ocrx_word' id='word_1_34' title='bbox 849 1526 985 1587; x_wconf 71' lang='lat' dir='ltr'>wormac.</span> <span class='ocrx_word' id='word_1_35' title='bbox 1003 1527 1049 1586; x_wconf 78' lang='lat' dir='ltr'>iol</span> <span class='ocrx_word' id='word_1_36' title='bbox 1067 1527 1118 1600; x_wconf 76' lang='grc'><strong>79.)</strong></span> 
     </span>
    </p>
   </div>
   <div class='ocr_carea' id='block_1_6' title="bbox 270 1630 1581 4793">
    <p class='ocr_par' dir='ltr' id='par_1_6' title="bbox 324 1630 1548 1781">
     <span class='ocr_line' id='line_1_9' title="bbox 324 1630 1548 1696; baseline 0 -16"><span class='ocrx_word' id='word_1_37' title='bbox 324 1631 417 1695; x_wconf 81' lang='lat' dir='ltr'>(Missa</span> <span class='ocrx_word' id='word_1_38' title='bbox 436 1632 470 1680; x_wconf 82' lang='lat' dir='ltr'>ad</span> <span class='ocrx_word' id='word_1_39' title='bbox 489 1646 530 1680; x_wconf 89' lang='lat' dir='ltr'>me</span> <span class='ocrx_word' id='word_1_40' title='bbox 549 1631 575 1680; x_wconf 91' lang='lat' dir='ltr'>in</span> <span class='ocrx_word' id='word_1_41' title='bbox 596 1632 734 1679; x_wconf 89' lang='lat' dir='ltr'>Conventu</span> <span class='ocrx_word' id='word_1_42' title='bbox 753 1630 948 1680; x_wconf 83' lang='lat' dir='ltr'>Wormaciensi</span> <span class='ocrx_word' id='word_1_43' title='bbox 972 1640 1036 1692; x_wconf 82' lang='lat'>1521</span> <span class='ocrx_word' id='word_1_44' title='bbox 1059 1645 1074 1677; x_wconf 87' lang='lat' dir='ltr'>a</span> <span class='ocrx_word' id='word_1_45' title='bbox 1095 1633 1189 1678; x_wconf 83' lang='lat' dir='ltr'>Rev¹¹¹⁰</span> <span class='ocrx_word' id='word_1_46' title='bbox 1213 1633 1264 1680; x_wconf 82' lang='lat' dir='ltr'>D&#39;¹⁰</span> <span class='ocrx_word' id='word_1_47' title='bbox 1287 1634 1407 1680; x_wconf 85' lang='lat' dir='ltr'>Sanctor.</span> <span class='ocrx_word' id='word_1_48' title='bbox 1427 1634 1548 1696; x_wconf 85' lang='lat' dir='ltr'>Quatuor</span> 
     </span>
     <span class='ocr_line' id='line_1_10' title="bbox 692 1720 1159 1781; baseline -0.002 -12"><span class='ocrx_word' id='word_1_49' title='bbox 692 1737 751 1769; x_wconf 92' lang='lat' dir='ltr'>cum</span> <span class='ocrx_word' id='word_1_50' title='bbox 770 1720 865 1769; x_wconf 87' lang='lat' dir='ltr'>litteris</span> <span class='ocrx_word' id='word_1_51' title='bbox 884 1722 924 1771; x_wconf 85' lang='lat' dir='ltr'>X.</span> <span class='ocrx_word' id='word_1_52' title='bbox 944 1721 1034 1769; x_wconf 86' lang='lat' dir='ltr'>Martii</span> <span class='ocrx_word' id='word_1_53' title='bbox 1057 1721 1159 1781; x_wconf 72' lang='lat' dir='ltr'>15zrl).</span> 
     </span>
    </p>

    <p class='ocr_par' dir='ltr' id='par_1_7' title="bbox 270 1826 1581 4793">
     <span class='ocr_line' id='line_1_11' title="bbox 377 1826 1573 1909; baseline 0.002 -21"><span class='ocrx_word' id='word_1_54' title='bbox 377 1827 481 1889; x_wconf 91' lang='lat' dir='ltr'>Bulla</span> <span class='ocrx_word' id='word_1_55' title='bbox 504 1829 570 1890; x_wconf 92' lang='lat' dir='ltr'>sub</span> <span class='ocrx_word' id='word_1_56' title='bbox 595 1828 742 1909; x_wconf 91' lang='lat' dir='ltr'>plumbo</span> <span class='ocrx_word' id='word_1_57' title='bbox 767 1826 1098 1889; x_wconf 88' lang='lat' dir='ltr'>contraMartinum</span> <span class='ocrx_word' id='word_1_58' title='bbox 1114 1827 1306 1889; x_wconf 91' lang='lat' dir='ltr'>Lutherum</span> <span class='ocrx_word' id='word_1_59' title='bbox 1331 1847 1445 1908; x_wconf 85' lang='lat' dir='ltr'>nuper</span> <span class='ocrx_word' id='word_1_60' title='bbox 1466 1828 1573 1907; x_wconf 86' lang='lat' dir='ltr'>edita,</span> 
     </span>
     <span class='ocr_line' id='line_1_12' title="bbox 287 1933 1571 2014; baseline 0 -18"><span class='ocrx_word' id='word_1_61' title='bbox 287 1955 379 1998; x_wconf 91' lang='lat' dir='ltr'>nunc</span> <span class='ocrx_word' id='word_1_62' title='bbox 410 1937 456 1996; x_wconf 89' lang='lat' dir='ltr'>ad</span> <span class='ocrx_word' id='word_1_63' title='bbox 480 1936 686 2014; x_wconf 82' lang='lat' dir='ltr'>generalem</span> <span class='ocrx_word' id='word_1_64' title='bbox 711 1933 906 1997; x_wconf 89' lang='lat' dir='ltr'>ministrum</span> <span class='ocrx_word' id='word_1_65' title='bbox 930 1934 1079 1996; x_wconf 86' lang='lat' dir='ltr'>mittitur</span> <span class='ocrx_word' id='word_1_66' title='bbox 1104 1935 1148 1997; x_wconf 91' lang='lat' dir='ltr'>ad</span> <span class='ocrx_word' id='word_1_67' title='bbox 1174 1934 1339 1996; x_wconf 86' lang='lat' dir='ltr'>effectum</span> <span class='ocrx_word' id='word_1_68' title='bbox 1363 1944 1401 1996; x_wconf 92' lang='lat' dir='ltr'>ut</span> <span class='ocrx_word' id='word_1_69' title='bbox 1426 1953 1489 1996; x_wconf 86' lang='lat' dir='ltr'>sua</span> <span class='ocrx_word' id='word_1_70' title='bbox 1514 1954 1571 2014; x_wconf 92' lang='lat' dir='ltr'>pa-</span> 
     </span>
     <span class='ocr_line' id='line_1_13' title="bbox 286 2040 1572 2122; baseline 0 -19"><span class='ocrx_word' id='word_1_71' title='bbox 286 2042 434 2104; x_wconf 86' lang='lat' dir='ltr'>ternitas</span> <span class='ocrx_word' id='word_1_72' title='bbox 467 2041 631 2103; x_wconf 88' lang='lat' dir='ltr'>omnibus</span> <span class='ocrx_word' id='word_1_73' title='bbox 662 2040 870 2122; x_wconf 88' lang='lat' dir='ltr'>guardianis</span> <span class='ocrx_word' id='word_1_74' title='bbox 894 2049 930 2102; x_wconf 90' lang='lat' dir='ltr'>et</span> <span class='ocrx_word' id='word_1_75' title='bbox 953 2040 1123 2103; x_wconf 83' lang='lat' dir='ltr'>fratribus</span> <span class='ocrx_word' id='word_1_76' title='bbox 1147 2041 1281 2103; x_wconf 87' lang='lat' dir='ltr'>ordinis</span> <span class='ocrx_word' id='word_1_77' title='bbox 1306 2041 1358 2102; x_wconf 91' lang='lat' dir='ltr'>sui</span> <span class='ocrx_word' id='word_1_78' title='bbox 1383 2043 1428 2102; x_wconf 89' lang='lat' dir='ltr'>de</span> <span class='ocrx_word' id='word_1_79' title='bbox 1453 2044 1572 2103; x_wconf 83' lang='lat' dir='ltr'>obser·</span> 
     </span>
     <span class='ocr_line' id='line_1_14' title="bbox 287 2146 1572 2229; baseline -0.002 -19"><span class='ocrx_word' id='word_1_80' title='bbox 287 2148 409 2210; x_wconf 89' lang='lat' dir='ltr'>vantia</span> <span class='ocrx_word' id='word_1_81' title='bbox 433 2157 468 2209; x_wconf 92' lang='lat' dir='ltr'>et</span> <span class='ocrx_word' id='word_1_82' title='bbox 486 2148 574 2223; x_wconf 89' lang='lat' dir='ltr'>aliis,</span> <span class='ocrx_word' id='word_1_83' title='bbox 592 2148 720 2229; x_wconf 92' lang='lat' dir='ltr'>quibus</span> <span class='ocrx_word' id='word_1_84' title='bbox 737 2146 935 2228; x_wconf 79' lang='lat' dir='ltr'>expediens</span> <span class='ocrx_word' id='word_1_85' title='bbox 959 2146 1147 2225; x_wconf 86' lang='lat' dir='ltr'>videbitur,</span> <span class='ocrx_word' id='word_1_86' title='bbox 1165 2147 1260 2210; x_wconf 93' lang='lat' dir='ltr'>illam</span> <span class='ocrx_word' id='word_1_87' title='bbox 1276 2149 1466 2211; x_wconf 83' lang='lat' dir='ltr'>ostendere</span> <span class='ocrx_word' id='word_1_88' title='bbox 1484 2148 1572 2209; x_wconf 87' lang='lat' dir='ltr'>eius·</span> 
     </span>
     <span class='ocr_line' id='line_1_15' title="bbox 287 2253 1572 2336; baseline -0.001 -20"><span class='ocrx_word' id='word_1_89' title='bbox 287 2275 355 2336; x_wconf 93' lang='lat' dir='ltr'>que</span> <span class='ocrx_word' id='word_1_90' title='bbox 386 2254 526 2335; x_wconf 91' lang='lat' dir='ltr'>copiam</span> <span class='ocrx_word' id='word_1_91' title='bbox 557 2254 590 2316; x_wconf 93' lang='lat' dir='ltr'>in</span> <span class='ocrx_word' id='word_1_92' title='bbox 623 2253 723 2316; x_wconf 87' lang='lat' dir='ltr'>Urbe</span> <span class='ocrx_word' id='word_1_93' title='bbox 755 2255 800 2316; x_wconf 92' lang='lat' dir='ltr'>de</span> <span class='ocrx_word' id='word_1_94' title='bbox 833 2255 1000 2316; x_wconf 88' lang='lat' dir='ltr'>mandato</span> <span class='ocrx_word' id='word_1_95' title='bbox 1032 2253 1090 2315; x_wconf 74' lang='lat' dir='ltr'>S¹¹¹¹</span> <span class='ocrx_word' id='word_1_96' title='bbox 1115 2254 1158 2315; x_wconf 89' lang='lat' dir='ltr'>D.</span> <span class='ocrx_word' id='word_1_97' title='bbox 1191 2254 1233 2316; x_wconf 78' lang='lat' dir='ltr'>N.</span> <span class='ocrx_word' id='word_1_98' title='bbox 1265 2254 1473 2336; x_wconf 84' lang='lat' dir='ltr'>impressam</span> <span class='ocrx_word' id='word_1_99' title='bbox 1504 2254 1572 2316; x_wconf 91' lang='lat' dir='ltr'>illis</span> 
     </span>
     <span class='ocr_line' id='line_1_16' title="bbox 287 2359 1572 2444; baseline -0.001 -20"><span class='ocrx_word' id='word_1_100' title='bbox 287 2362 488 2442; x_wconf 84' lang='lat' dir='ltr'>relinquere</span> <span class='ocrx_word' id='word_1_101' title='bbox 513 2360 635 2444; x_wconf 84' lang='lat' dir='ltr'>possit.</span> <span class='ocrx_word' id='word_1_102' title='bbox 673 2360 805 2442; x_wconf 78' lang='lat' dir='ltr'>Quanti</span> <span class='ocrx_word' id='word_1_103' title='bbox 828 2380 916 2423; x_wconf 90' lang='lat' dir='ltr'>vero</span> <span class='ocrx_word' id='word_1_104' title='bbox 940 2359 1110 2441; x_wconf 90' lang='lat' dir='ltr'>ponderis</span> <span class='ocrx_word' id='word_1_105' title='bbox 1136 2382 1176 2423; x_wconf 92' lang='lat' dir='ltr'>ac</span> <span class='ocrx_word' id='word_1_106' title='bbox 1200 2361 1368 2424; x_wconf 89' lang='lat' dir='ltr'>momenti</span> <span class='ocrx_word' id='word_1_107' title='bbox 1384 2359 1572 2441; x_wconf 85' lang='lat' dir='ltr'>negocium</span> 
     </span>
     <span class='ocr_line' id='line_1_17' title="bbox 286 2466 1573 2549; baseline -0.002 -18"><span class='ocrx_word' id='word_1_108' title='bbox 286 2471 352 2531; x_wconf 93' lang='lat' dir='ltr'>hoc</span> <span class='ocrx_word' id='word_1_109' title='bbox 384 2467 447 2548; x_wconf 89' lang='lat' dir='ltr'>sit,</span> <span class='ocrx_word' id='word_1_110' title='bbox 478 2467 556 2549; x_wconf 90' lang='lat' dir='ltr'>ipse</span> <span class='ocrx_word' id='word_1_111' title='bbox 588 2466 768 2549; x_wconf 88' lang='lat' dir='ltr'>generalis</span> <span class='ocrx_word' id='word_1_112' title='bbox 791 2466 950 2529; x_wconf 85' lang='lat' dir='ltr'>minister</span> <span class='ocrx_word' id='word_1_113' title='bbox 973 2487 1020 2530; x_wconf 80' lang='lat' dir='ltr'>ex</span> <span class='ocrx_word' id='word_1_114' title='bbox 1044 2466 1122 2548; x_wconf 87' lang='lat' dir='ltr'>ipso</span> <span class='ocrx_word' id='word_1_115' title='bbox 1145 2466 1253 2531; x_wconf 86' lang='lat' dir='ltr'>facile</span> <span class='ocrx_word' id='word_1_116' title='bbox 1276 2467 1469 2548; x_wconf 81' lang='lat' dir='ltr'>intelliget,</span> <span class='ocrx_word' id='word_1_117' title='bbox 1494 2487 1573 2529; x_wconf 90' lang='lat' dir='ltr'>cum</span> 
     </span>
     <span class='ocr_line' id='line_1_18' title="bbox 287 2572 1571 2655; baseline -0.001 -19"><span class='ocrx_word' id='word_1_118' title='bbox 287 2576 332 2636; x_wconf 87' lang='lat' dir='ltr'>sit</span> <span class='ocrx_word' id='word_1_119' title='bbox 355 2575 409 2636; x_wconf 89' lang='lat' dir='ltr'>vir</span> <span class='ocrx_word' id='word_1_120' title='bbox 434 2574 657 2636; x_wconf 89' lang='lat' dir='ltr'>doctissimus</span> <span class='ocrx_word' id='word_1_121' title='bbox 682 2573 716 2636; x_wconf 95' lang='lat' dir='ltr'>in</span> <span class='ocrx_word' id='word_1_122' title='bbox 742 2573 836 2636; x_wconf 94' lang='lat' dir='ltr'>omni</span> <span class='ocrx_word' id='word_1_123' title='bbox 861 2573 1031 2636; x_wconf 84' lang='lat' dir='ltr'>facultate</span> <span class='ocrx_word' id='word_1_124' title='bbox 1056 2582 1092 2635; x_wconf 92' lang='lat' dir='ltr'>et</span> <span class='ocrx_word' id='word_1_125' title='bbox 1114 2572 1325 2654; x_wconf 86' lang='lat' dir='ltr'>praesertim</span> <span class='ocrx_word' id='word_1_126' title='bbox 1341 2574 1377 2636; x_wconf 94' lang='lat' dir='ltr'>in</span> <span class='ocrx_word' id='word_1_127' title='bbox 1393 2594 1495 2636; x_wconf 87' lang='lat' dir='ltr'>sacra</span> <span class='ocrx_word' id='word_1_128' title='bbox 1511 2593 1571 2655; x_wconf 91' lang='lat' dir='ltr'>pa·</span> 
     </span>
     <span class='ocr_line' id='line_1_19' title="bbox 286 2662 1572 2763; baseline -0.001 -20"><span class='ocrx_word' id='word_1_129' title='bbox 286 2682 371 2762; x_wconf 85' lang='lat' dir='ltr'>gina</span> <span class='ocrx_word' id='word_1_130' title='bbox 382 2662 491 2763; x_wconf 64' lang='lat' dir='ltr'>⁴quam</span> <span class='ocrx_word' id='word_1_131' title='bbox 509 2680 614 2743; x_wconf 92' lang='lat' dir='ltr'>Bulla</span> <span class='ocrx_word' id='word_1_132' title='bbox 628 2680 707 2762; x_wconf 88' lang='lat' dir='ltr'>ipsa</span> <span class='ocrx_word' id='word_1_133' title='bbox 726 2679 898 2761; x_wconf 84' lang='lat' dir='ltr'>continet,</span> <span class='ocrx_word' id='word_1_134' title='bbox 922 2680 1123 2741; x_wconf 91' lang='lat' dir='ltr'>damnando</span> <span class='ocrx_word' id='word_1_135' title='bbox 1139 2679 1336 2760; x_wconf 88' lang='lat' dir='ltr'>positiones</span> <span class='ocrx_word' id='word_1_136' title='bbox 1351 2690 1386 2743; x_wconf 89' lang='lat' dir='ltr'>et</span> <span class='ocrx_word' id='word_1_137' title='bbox 1403 2680 1572 2743; x_wconf 89' lang='lat' dir='ltr'>articulos</span> 
     </span>
     <span class='ocr_line' id='line_1_20' title="bbox 287 2784 1569 2870; baseline 0 -21"><span class='ocrx_word' id='word_1_138' title='bbox 287 2808 374 2870; x_wconf 89' lang='lat' dir='ltr'>quos</span> <span class='ocrx_word' id='word_1_139' title='bbox 405 2788 470 2849; x_wconf 86' lang='lat' dir='ltr'>iste</span> <span class='ocrx_word' id='word_1_140' title='bbox 495 2787 671 2849; x_wconf 86' lang='lat' dir='ltr'>Martinus</span> <span class='ocrx_word' id='word_1_141' title='bbox 702 2787 836 2849; x_wconf 86' lang='lat' dir='ltr'>Luther</span> <span class='ocrx_word' id='word_1_142' title='bbox 869 2786 1047 2849; x_wconf 88' lang='lat' dir='ltr'>diabolico</span> <span class='ocrx_word' id='word_1_143' title='bbox 1080 2805 1168 2848; x_wconf 88' lang='lat' dir='ltr'>ausu</span> <span class='ocrx_word' id='word_1_144' title='bbox 1198 2784 1339 2850; x_wconf 88' lang='lat' dir='ltr'>firmare</span> <span class='ocrx_word' id='word_1_145' title='bbox 1372 2796 1426 2849; x_wconf 92' lang='lat' dir='ltr'>est</span> <span class='ocrx_word' id='word_1_146' title='bbox 1454 2808 1569 2865; x_wconf 87' lang='lat' dir='ltr'>ausus,</span> 
     </span>
     <span class='ocr_line' id='line_1_21' title="bbox 286 2892 1571 2977; baseline -0.002 -20"><span class='ocrx_word' id='word_1_147' title='bbox 286 2915 436 2977; x_wconf 90' lang='lat' dir='ltr'>quorum</span> <span class='ocrx_word' id='word_1_148' title='bbox 459 2895 601 2976; x_wconf 92' lang='lat' dir='ltr'>quidem</span> <span class='ocrx_word' id='word_1_149' title='bbox 626 2894 854 2956; x_wconf 88' lang='lat' dir='ltr'>articulorum</span> <span class='ocrx_word' id='word_1_150' title='bbox 878 2892 988 2975; x_wconf 90' lang='lat' dir='ltr'>aliqui</span> <span class='ocrx_word' id='word_1_151' title='bbox 1004 2903 1086 2956; x_wconf 92' lang='lat' dir='ltr'>sunt</span> <span class='ocrx_word' id='word_1_152' title='bbox 1100 2893 1242 2975; x_wconf 90' lang='lat' dir='ltr'>penitus</span> <span class='ocrx_word' id='word_1_153' title='bbox 1257 2893 1438 2973; x_wconf 89' lang='lat' dir='ltr'>haeretici,</span> <span class='ocrx_word' id='word_1_154' title='bbox 1464 2893 1571 2974; x_wconf 89' lang='lat' dir='ltr'>aliqui</span> 
     </span>
     <span class='ocr_line' id='line_1_22' title="bbox 287 2998 1569 3081; baseline -0.002 -17"><span class='ocrx_word' id='word_1_155' title='bbox 287 3022 372 3064; x_wconf 86' lang='lat' dir='ltr'>vero</span> <span class='ocrx_word' id='word_1_156' title='bbox 390 3002 602 3080; x_wconf 84' lang='lat' dir='ltr'>scandalosi,</span> <span class='ocrx_word' id='word_1_157' title='bbox 619 2999 779 3063; x_wconf 92' lang='lat' dir='ltr'>nonnulli</span> <span class='ocrx_word' id='word_1_158' title='bbox 795 3009 912 3062; x_wconf 93' lang='lat' dir='ltr'>autem</span> <span class='ocrx_word' id='word_1_159' title='bbox 929 2999 1007 3081; x_wconf 91' lang='lat' dir='ltr'>pias</span> <span class='ocrx_word' id='word_1_160' title='bbox 1024 3020 1128 3063; x_wconf 90' lang='lat' dir='ltr'>aures</span> <span class='ocrx_word' id='word_1_161' title='bbox 1144 2998 1273 3062; x_wconf 87' lang='lat' dir='ltr'>Christi</span> <span class='ocrx_word' id='word_1_162' title='bbox 1290 2999 1445 3062; x_wconf 89' lang='lat' dir='ltr'>fidelium</span> <span class='ocrx_word' id='word_1_163' title='bbox 1461 2998 1569 3062; x_wconf 89' lang='lat' dir='ltr'>offen·</span> 
     </span>
     <span class='ocr_line' id='line_1_23' title="bbox 288 3106 1570 3189; baseline -0.002 -19"><span class='ocrx_word' id='word_1_164' title='bbox 288 3110 423 3172; x_wconf 90' lang='lat' dir='ltr'>dentes.</span> <span class='ocrx_word' id='word_1_165' title='bbox 471 3107 539 3188; x_wconf 83' lang='lat' dir='ltr'>Qui</span> <span class='ocrx_word' id='word_1_166' title='bbox 572 3106 678 3170; x_wconf 91' lang='lat' dir='ltr'>etiam</span> <span class='ocrx_word' id='word_1_167' title='bbox 706 3106 734 3169; x_wconf 91' lang='lat' dir='ltr'>si</span> <span class='ocrx_word' id='word_1_168' title='bbox 759 3106 881 3169; x_wconf 84' lang='lat' dir='ltr'>forsan</span> <span class='ocrx_word' id='word_1_169' title='bbox 905 3106 1103 3169; x_wconf 90' lang='lat' dir='ltr'>rationibus</span> <span class='ocrx_word' id='word_1_170' title='bbox 1127 3107 1383 3189; x_wconf 88' lang='lat' dir='ltr'>philosophicis</span> <span class='ocrx_word' id='word_1_171' title='bbox 1407 3127 1449 3170; x_wconf 89' lang='lat' dir='ltr'>ac</span> <span class='ocrx_word' id='word_1_172' title='bbox 1473 3109 1570 3169; x_wconf 92' lang='lat' dir='ltr'>theo-</span> 
     </span>
     <span class='ocr_line' id='line_1_24' title="bbox 287 3213 1569 3297; baseline -0.001 -20"><span class='ocrx_word' id='word_1_173' title='bbox 287 3215 412 3297; x_wconf 84' lang='lat' dir='ltr'>logicis</span> <span class='ocrx_word' id='word_1_174' title='bbox 444 3214 617 3296; x_wconf 92' lang='lat' dir='ltr'>disputari</span> <span class='ocrx_word' id='word_1_175' title='bbox 644 3225 808 3297; x_wconf 90' lang='lat' dir='ltr'>possent,</span> <span class='ocrx_word' id='word_1_176' title='bbox 841 3213 1066 3276; x_wconf 91' lang='lat' dir='ltr'>nihilominus</span> <span class='ocrx_word' id='word_1_177' title='bbox 1091 3214 1136 3276; x_wconf 88' lang='lat' dir='ltr'>ad</span> <span class='ocrx_word' id='word_1_178' title='bbox 1161 3214 1391 3277; x_wconf 88' lang='lat' dir='ltr'>scandalosas</span> <span class='ocrx_word' id='word_1_179' title='bbox 1416 3215 1569 3297; x_wconf 90' lang='lat' dir='ltr'>disputa·</span> 
     </span>
     <span class='ocr_line' id='line_1_25' title="bbox 287 3319 1570 3402; baseline -0.001 -19"><span class='ocrx_word' id='word_1_180' title='bbox 287 3324 402 3385; x_wconf 92' lang='lat' dir='ltr'>tiones</span> <span class='ocrx_word' id='word_1_181' title='bbox 425 3320 627 3383; x_wconf 89' lang='lat' dir='ltr'>huiusmodi</span> <span class='ocrx_word' id='word_1_182' title='bbox 651 3321 827 3383; x_wconf 84' lang='lat' dir='ltr'>tollendas</span> <span class='ocrx_word' id='word_1_183' title='bbox 844 3340 910 3402; x_wconf 89' lang='lat' dir='ltr'>per</span> <span class='ocrx_word' id='word_1_184' title='bbox 927 3320 1083 3382; x_wconf 87' lang='lat' dir='ltr'>Romani</span> <span class='ocrx_word' id='word_1_185' title='bbox 1099 3319 1293 3382; x_wconf 87' lang='lat' dir='ltr'>Pontifices</span> <span class='ocrx_word' id='word_1_186' title='bbox 1310 3320 1346 3383; x_wconf 94' lang='lat' dir='ltr'>in</span> <span class='ocrx_word' id='word_1_187' title='bbox 1363 3321 1570 3383; x_wconf 89' lang='lat' dir='ltr'>Florentino</span> 
     </span>
     <span class='ocr_line' id='line_1_26' title="bbox 286 3425 1570 3510; baseline 0.001 -20"><span class='ocrx_word' id='word_1_188' title='bbox 286 3450 327 3491; x_wconf 90' lang='lat' dir='ltr'>ac</span> <span class='ocrx_word' id='word_1_189' title='bbox 352 3428 431 3491; x_wconf 91' lang='lat' dir='ltr'>aliis</span> <span class='ocrx_word' id='word_1_190' title='bbox 455 3427 600 3491; x_wconf 91' lang='lat' dir='ltr'>concilis</span> <span class='ocrx_word' id='word_1_191' title='bbox 623 3425 815 3508; x_wconf 90' lang='lat' dir='ltr'>improbati</span> <span class='ocrx_word' id='word_1_192' title='bbox 840 3447 882 3490; x_wconf 90' lang='lat' dir='ltr'>ac</span> <span class='ocrx_word' id='word_1_193' title='bbox 907 3426 1063 3490; x_wconf 88' lang='lat' dir='ltr'>damnati</span> <span class='ocrx_word' id='word_1_194' title='bbox 1087 3428 1322 3509; x_wconf 90' lang='lat' dir='ltr'>reperiuntur,</span> <span class='ocrx_word' id='word_1_195' title='bbox 1348 3448 1440 3509; x_wconf 87' lang='lat' dir='ltr'>quae</span> <span class='ocrx_word' id='word_1_196' title='bbox 1464 3428 1570 3510; x_wconf 89' lang='lat' dir='ltr'>pluri·</span> 
     </span>
     <span class='ocr_line' id='line_1_27' title="bbox 286 3533 1571 3617; baseline 0.003 -21"><span class='ocrx_word' id='word_1_197' title='bbox 286 3541 353 3598; x_wconf 88' lang='lat' dir='ltr'>bus</span> <span class='ocrx_word' id='word_1_198' title='bbox 377 3554 446 3616; x_wconf 89' lang='lat' dir='ltr'>ego</span> <span class='ocrx_word' id='word_1_199' title='bbox 471 3554 543 3596; x_wconf 91' lang='lat' dir='ltr'>non</span> <span class='ocrx_word' id='word_1_200' title='bbox 567 3533 750 3613; x_wconf 84' lang='lat' dir='ltr'>disseram,</span> <span class='ocrx_word' id='word_1_201' title='bbox 775 3554 853 3595; x_wconf 91' lang='lat' dir='ltr'>cum</span> <span class='ocrx_word' id='word_1_202' title='bbox 878 3533 945 3615; x_wconf 93' lang='lat' dir='ltr'>ipsi</span> <span class='ocrx_word' id='word_1_203' title='bbox 967 3533 1126 3597; x_wconf 91' lang='lat' dir='ltr'>ministro</span> <span class='ocrx_word' id='word_1_204' title='bbox 1144 3536 1304 3615; x_wconf 87' lang='lat' dir='ltr'>generali</span> <span class='ocrx_word' id='word_1_205' title='bbox 1319 3536 1355 3598; x_wconf 93' lang='lat' dir='ltr'>in</span> <span class='ocrx_word' id='word_1_206' title='bbox 1373 3536 1571 3617; x_wconf 85' lang='lat' dir='ltr'>Theologia</span> 
     </span>
     <span class='ocr_line' id='line_1_28' title="bbox 287 3641 1581 3725; baseline 0.002 -22"><span class='ocrx_word' id='word_1_207' title='bbox 287 3644 346 3704; x_wconf 81' lang='lat' dir='ltr'>‹liu</span> <span class='ocrx_word' id='word_1_208' title='bbox 362 3651 505 3705; x_wconf 89' lang='lat' dir='ltr'>versato</span> <span class='ocrx_word' id='word_1_209' title='bbox 520 3643 631 3705; x_wconf 94' lang='lat' dir='ltr'>multo</span> <span class='ocrx_word' id='word_1_210' title='bbox 647 3641 772 3703; x_wconf 89' lang='lat' dir='ltr'>melius</span> <span class='ocrx_word' id='word_1_211' title='bbox 795 3662 902 3722; x_wconf 90' lang='lat' dir='ltr'>quam</span> <span class='ocrx_word' id='word_1_212' title='bbox 927 3641 1009 3704; x_wconf 92' lang='lat' dir='ltr'>mihi</span> <span class='ocrx_word' id='word_1_213' title='bbox 1034 3642 1093 3723; x_wconf 92' lang='lat' dir='ltr'>qui</span> <span class='ocrx_word' id='word_1_214' title='bbox 1109 3643 1344 3725; x_wconf 88' lang='lat' dir='ltr'>Theologiam</span> <span class='ocrx_word' id='word_1_215' title='bbox 1368 3642 1482 3725; x_wconf 89' lang='lat' dir='ltr'>ipsam</span> <span class='ocrx_word' id='word_1_216' title='bbox 1499 3664 1581 3706; x_wconf 88' lang='lat' dir='ltr'>non-</span> 
     </span>
     <span class='ocr_line' id='line_1_29' title="bbox 287 3748 1570 3832; baseline 0 -20"><span class='ocrx_word' id='word_1_217' title='bbox 287 3749 457 3832; x_wconf 89' lang='lat' dir='ltr'>profiteor</span> <span class='ocrx_word' id='word_1_218' title='bbox 481 3761 565 3811; x_wconf 91' lang='lat' dir='ltr'>nota</span> <span class='ocrx_word' id='word_1_219' title='bbox 589 3748 659 3811; x_wconf 92' lang='lat' dir='ltr'>sint</span> <span class='ocrx_word' id='word_1_220' title='bbox 683 3758 718 3811; x_wconf 89' lang='lat' dir='ltr'>et</span> <span class='ocrx_word' id='word_1_221' title='bbox 743 3769 787 3812; x_wconf 91' lang='lat' dir='ltr'>ne</span> <span class='ocrx_word' id='word_1_222' title='bbox 803 3749 945 3812; x_wconf 89' lang='lat' dir='ltr'>videam</span> <span class='ocrx_word' id='word_1_223' title='bbox 960 3750 1053 3812; x_wconf 87' lang='lat' dir='ltr'>velle</span> <span class='ocrx_word' id='word_1_224' title='bbox 1070 3749 1270 3813; x_wconf 90' lang='lat' dir='ltr'>Minervam</span> <span class='ocrx_word' id='word_1_225' title='bbox 1287 3749 1472 3813; x_wconf 87' lang='lat' dir='ltr'>instruere.</span> <span class='ocrx_word' id='word_1_226' title='bbox 1505 3750 1570 3812; x_wconf 89' lang='lat' dir='ltr'>His</span> 
     </span>
     <span class='ocr_line' id='line_1_30' title="bbox 287 3854 1569 3939; baseline 0.002 -22"><span class='ocrx_word' id='word_1_227' title='bbox 287 3857 395 3938; x_wconf 90' lang='lat' dir='ltr'>igitur</span> <span class='ocrx_word' id='word_1_228' title='bbox 427 3854 632 3937; x_wconf 84' lang='lat' dir='ltr'>praemissis</span> <span class='ocrx_word' id='word_1_229' title='bbox 665 3876 742 3918; x_wconf 92' lang='lat' dir='ltr'>cum</span> <span class='ocrx_word' id='word_1_230' title='bbox 774 3857 863 3919; x_wconf 87' lang='lat' dir='ltr'>haec</span> <span class='ocrx_word' id='word_1_231' title='bbox 888 3856 959 3918; x_wconf 92' lang='lat' dir='ltr'>sint</span> <span class='ocrx_word' id='word_1_232' title='bbox 983 3857 1027 3918; x_wconf 89' lang='lat' dir='ltr'>de</span> <span class='ocrx_word' id='word_1_233' title='bbox 1051 3855 1244 3919; x_wconf 90' lang='lat' dir='ltr'>maioribus</span> <span class='ocrx_word' id='word_1_234' title='bbox 1268 3855 1384 3919; x_wconf 92' lang='lat' dir='ltr'>causis</span> <span class='ocrx_word' id='word_1_235' title='bbox 1407 3877 1499 3939; x_wconf 90' lang='lat' dir='ltr'>quae</span> <span class='ocrx_word' id='word_1_236' title='bbox 1523 3859 1569 3920; x_wconf 87' lang='lat' dir='ltr'>ab</span> 
     </span>
     <span class='ocr_line' id='line_1_31' title="bbox 286 3961 1570 4044; baseline 0.001 -19"><span class='ocrx_word' id='word_1_237' title='bbox 286 3967 353 4025; x_wconf 89' lang='lat' dir='ltr'>hac</span> <span class='ocrx_word' id='word_1_238' title='bbox 377 3974 501 4025; x_wconf 91' lang='lat' dir='ltr'>sancta</span> <span class='ocrx_word' id='word_1_239' title='bbox 525 3963 611 4027; x_wconf 90' lang='lat' dir='ltr'>sede</span> <span class='ocrx_word' id='word_1_240' title='bbox 627 3962 847 4042; x_wconf 85' lang='lat' dir='ltr'>decidantur,</span> <span class='ocrx_word' id='word_1_241' title='bbox 872 3963 956 4044; x_wconf 90' lang='lat' dir='ltr'>quia</span> <span class='ocrx_word' id='word_1_242' title='bbox 969 3961 1077 4026; x_wconf 88' lang='lat' dir='ltr'>fidem</span> <span class='ocrx_word' id='word_1_243' title='bbox 1093 3972 1250 4025; x_wconf 91' lang='lat' dir='ltr'>nostram</span> <span class='ocrx_word' id='word_1_244' title='bbox 1267 3964 1478 4026; x_wconf 87' lang='lat' dir='ltr'>catholicam</span> <span class='ocrx_word' id='word_1_245' title='bbox 1494 3964 1570 4026; x_wconf 92' lang='lat' dir='ltr'>sine</span> 
     </span>
     <span class='ocr_line' id='line_1_32' title="bbox 286 4070 1568 4153; baseline 0.001 -20"><span class='ocrx_word' id='word_1_246' title='bbox 286 4091 357 4152; x_wconf 91' lang='lat' dir='ltr'>qua</span> <span class='ocrx_word' id='word_1_247' title='bbox 380 4091 484 4134; x_wconf 93' lang='lat' dir='ltr'>nemo</span> <span class='ocrx_word' id='word_1_248' title='bbox 509 4070 640 4132; x_wconf 85' lang='lat' dir='ltr'>salvari</span> <span class='ocrx_word' id='word_1_249' title='bbox 664 4079 784 4151; x_wconf 91' lang='lat' dir='ltr'>potest</span> <span class='ocrx_word' id='word_1_250' title='bbox 807 4070 960 4133; x_wconf 85' lang='lat' dir='ltr'>maxime</span> <span class='ocrx_word' id='word_1_251' title='bbox 984 4080 1146 4152; x_wconf 86' lang='lat' dir='ltr'>tangunt,</span> <span class='ocrx_word' id='word_1_252' title='bbox 1172 4082 1207 4134; x_wconf 91' lang='lat' dir='ltr'>et</span> <span class='ocrx_word' id='word_1_253' title='bbox 1232 4070 1261 4133; x_wconf 91' lang='lat' dir='ltr'>si</span> <span class='ocrx_word' id='word_1_254' title='bbox 1275 4070 1420 4132; x_wconf 92' lang='lat' dir='ltr'>Domini</span> <span class='ocrx_word' id='word_1_255' title='bbox 1435 4080 1568 4153; x_wconf 88' lang='lat' dir='ltr'>tempo·</span> 
     </span>
     <span class='ocr_line' id='line_1_33' title="bbox 286 4176 1570 4259; baseline -0.001 -18"><span class='ocrx_word' id='word_1_256' title='bbox 286 4179 380 4241; x_wconf 88' lang='lat' dir='ltr'>rales</span> <span class='ocrx_word' id='word_1_257' title='bbox 413 4187 449 4240; x_wconf 89' lang='lat' dir='ltr'>et</span> <span class='ocrx_word' id='word_1_258' title='bbox 480 4177 748 4240; x_wconf 87' lang='lat' dir='ltr'>communitates</span> <span class='ocrx_word' id='word_1_259' title='bbox 779 4197 820 4239; x_wconf 89' lang='lat' dir='ltr'>ac</span> <span class='ocrx_word' id='word_1_260' title='bbox 853 4177 913 4240; x_wconf 90' lang='lat' dir='ltr'>alii</span> <span class='ocrx_word' id='word_1_261' title='bbox 938 4177 1067 4240; x_wconf 88' lang='lat' dir='ltr'>Christi</span> <span class='ocrx_word' id='word_1_262' title='bbox 1100 4177 1225 4240; x_wconf 88' lang='lat' dir='ltr'>fideles</span> <span class='ocrx_word' id='word_1_263' title='bbox 1257 4176 1398 4240; x_wconf 91' lang='lat' dir='ltr'>inimico</span> <span class='ocrx_word' id='word_1_264' title='bbox 1427 4178 1570 4259; x_wconf 88' lang='lat' dir='ltr'>generis</span> 
     </span>
     <span class='ocr_line' id='line_1_34' title="bbox 287 4283 1570 4366; baseline 0 -20"><span class='ocrx_word' id='word_1_265' title='bbox 287 4283 429 4346; x_wconf 91' lang='lat' dir='ltr'>humani</span> <span class='ocrx_word' id='word_1_266' title='bbox 447 4293 619 4365; x_wconf 88' lang='lat' dir='ltr'>operante</span> <span class='ocrx_word' id='word_1_267' title='bbox 635 4303 677 4345; x_wconf 88' lang='lat' dir='ltr'>ac</span> <span class='ocrx_word' id='word_1_268' title='bbox 692 4283 859 4345; x_wconf 83' lang='lat' dir='ltr'>zizaniam</span> <span class='ocrx_word' id='word_1_269' title='bbox 877 4284 1082 4364; x_wconf 89' lang='lat' dir='ltr'>seminante,</span> <span class='ocrx_word' id='word_1_270' title='bbox 1109 4283 1239 4347; x_wconf 92' lang='lat' dir='ltr'>dictum</span> <span class='ocrx_word' id='word_1_271' title='bbox 1255 4284 1447 4347; x_wconf 90' lang='lat' dir='ltr'>Martinum</span> <span class='ocrx_word' id='word_1_272' title='bbox 1470 4283 1570 4366; x_wconf 89' lang='lat' dir='ltr'>sequi</span> 
     </span>
     <span class='ocr_line' id='line_1_35' title="bbox 270 4388 1570 4473; baseline 0.002 -22"><span class='ocrx_word' id='word_1_273' title='bbox 270 4388 344 4453; x_wconf 83' lang='lat' dir='ltr'>&#39;vel</span> <span class='ocrx_word' id='word_1_274' title='bbox 369 4411 448 4453; x_wconf 91' lang='lat' dir='ltr'>eum</span> <span class='ocrx_word' id='word_1_275' title='bbox 473 4390 669 4453; x_wconf 75' lang='lat' dir='ltr'>defendere</span> <span class='ocrx_word' id='word_1_276' title='bbox 692 4391 846 4471; x_wconf 88' lang='lat' dir='ltr'>vellent,</span> <span class='ocrx_word' id='word_1_277' title='bbox 881 4392 990 4452; x_wconf 93' lang='lat' dir='ltr'>multa</span> <span class='ocrx_word' id='word_1_278' title='bbox 1014 4401 1049 4453; x_wconf 92' lang='lat' dir='ltr'>et</span> <span class='ocrx_word' id='word_1_279' title='bbox 1073 4391 1225 4454; x_wconf 83' lang='lat' dir='ltr'>maxime</span> <span class='ocrx_word' id='word_1_280' title='bbox 1249 4391 1461 4473; x_wconf 89' lang='lat' dir='ltr'>pernitiosa,</span> <span class='ocrx_word' id='word_1_281' title='bbox 1486 4392 1570 4453; x_wconf 91' lang='lat' dir='ltr'>inde</span> 
     </span>
     <span class='ocr_line' id='line_1_36' title="bbox 287 4496 1569 4579; baseline 0.002 -22"><span class='ocrx_word' id='word_1_282' title='bbox 287 4499 457 4561; x_wconf 84' lang='lat' dir='ltr'>scandala</span> <span class='ocrx_word' id='word_1_283' title='bbox 479 4496 618 4579; x_wconf 91' lang='lat' dir='ltr'>possint</span> <span class='ocrx_word' id='word_1_284' title='bbox 642 4496 789 4571; x_wconf 83' lang='lat' dir='ltr'>exoriri,</span> <span class='ocrx_word' id='word_1_285' title='bbox 822 4496 934 4578; x_wconf 91' lang='lat' dir='ltr'>ipsius</span> <span class='ocrx_word' id='word_1_286' title='bbox 957 4496 1108 4558; x_wconf 91' lang='lat' dir='ltr'>ministri</span> <span class='ocrx_word' id='word_1_287' title='bbox 1131 4497 1311 4577; x_wconf 86' lang='lat' dir='ltr'>generalis</span> <span class='ocrx_word' id='word_1_288' title='bbox 1335 4517 1377 4559; x_wconf 91' lang='lat' dir='ltr'>ac</span> <span class='ocrx_word' id='word_1_289' title='bbox 1402 4498 1478 4560; x_wconf 90' lang='lat' dir='ltr'>eius</span> <span class='ocrx_word' id='word_1_290' title='bbox 1500 4497 1569 4559; x_wconf 84' lang='lat' dir='ltr'>fra-</span> 
     </span>
     <span class='ocr_line' id='line_1_37' title="bbox 287 4604 1568 4686; baseline 0.001 -21"><span class='ocrx_word' id='word_1_291' title='bbox 287 4614 395 4686; x_wconf 83' lang='lat' dir='ltr'>trum,</span> <span class='ocrx_word' id='word_1_292' title='bbox 430 4605 488 4685; x_wconf 92' lang='lat' dir='ltr'>qui</span> <span class='ocrx_word' id='word_1_293' title='bbox 519 4612 669 4685; x_wconf 91' lang='lat' dir='ltr'>propter</span> <span class='ocrx_word' id='word_1_294' title='bbox 699 4623 821 4666; x_wconf 90' lang='lat' dir='ltr'>eorum</span> <span class='ocrx_word' id='word_1_295' title='bbox 853 4604 1095 4685; x_wconf 84' lang='lat' dir='ltr'>exemplarem</span> <span class='ocrx_word' id='word_1_296' title='bbox 1126 4604 1235 4666; x_wconf 92' lang='lat' dir='ltr'>vitam</span> <span class='ocrx_word' id='word_1_297' title='bbox 1267 4604 1363 4685; x_wconf 93' lang='lat' dir='ltr'>apud</span> <span class='ocrx_word' id='word_1_298' title='bbox 1387 4624 1509 4667; x_wconf 90' lang='lat' dir='ltr'>omnes</span> <span class='ocrx_word' id='word_1_299' title='bbox 1533 4606 1568 4666; x_wconf 93' lang='lat' dir='ltr'>in</span> 
     </span>
     <span class='ocr_line' id='line_1_38' title="bbox 288 4710 1568 4793; baseline 0.001 -20"><span class='ocrx_word' id='word_1_300' title='bbox 288 4712 517 4774; x_wconf 89' lang='lat' dir='ltr'>veneratione</span> <span class='ocrx_word' id='word_1_301' title='bbox 533 4712 719 4790; x_wconf 90' lang='lat' dir='ltr'>habentur,</span> <span class='ocrx_word' id='word_1_302' title='bbox 743 4723 864 4793; x_wconf 90' lang='lat' dir='ltr'>partes</span> <span class='ocrx_word' id='word_1_303' title='bbox 881 4721 986 4773; x_wconf 89' lang='lat' dir='ltr'>erunt</span> <span class='ocrx_word' id='word_1_304' title='bbox 999 4712 1218 4793; x_wconf 90' lang='lat' dir='ltr'>persuadere</span> <span class='ocrx_word' id='word_1_305' title='bbox 1234 4710 1461 4792; x_wconf 90' lang='lat' dir='ltr'>Principibus</span> <span class='ocrx_word' id='word_1_306' title='bbox 1476 4732 1568 4774; x_wconf 84' lang='lat' dir='ltr'>com-</span> 
     </span>
    </p>
   </div>
   <div class='ocr_carea' id='block_1_7' title="bbox 311 4870 1341 4939">
    <p class='ocr_par' dir='ltr' id='par_1_8' title="bbox 311 4870 1341 4939">
     <span class='ocr_line' id='line_1_39' title="bbox 311 4870 1341 4939; baseline 0.002 -19"><span class='ocrx_word' id='word_1_307' title='bbox 311 4874 334 4937; x_wconf 87' lang='lat'>&#39;)</span> <span class='ocrx_word' id='word_1_308' title='bbox 360 4874 436 4920; x_wconf 84' lang='lat' dir='ltr'>Haec</span> <span class='ocrx_word' id='word_1_309' title='bbox 456 4871 536 4919; x_wconf 82' lang='lat' dir='ltr'>verba</span> <span class='ocrx_word' id='word_1_310' title='bbox 554 4871 581 4919; x_wconf 88' lang='lat' dir='ltr'>in</span> <span class='ocrx_word' id='word_1_311' title='bbox 600 4871 687 4936; x_wconf 85' lang='lat' dir='ltr'>capite</span> <span class='ocrx_word' id='word_1_312' title='bbox 708 4871 765 4920; x_wconf 84' lang='lat' dir='ltr'>folii</span> <span class='ocrx_word' id='word_1_313' title='bbox 784 4871 892 4935; x_wconf 88' lang='lat' dir='ltr'>propria</span> <span class='ocrx_word' id='word_1_314' title='bbox 910 4886 989 4919; x_wconf 89' lang='lat' dir='ltr'>manu</span> <span class='ocrx_word' id='word_1_315' title='bbox 1009 4870 1139 4920; x_wconf 74' lang='lat' dir='ltr'>Alcandri</span> <span class='ocrx_word' id='word_1_316' title='bbox 1158 4879 1218 4920; x_wconf 90' lang='lat' dir='ltr'>sunt</span> <span class='ocrx_word' id='word_1_317' title='bbox 1237 4873 1341 4939; x_wconf 78' lang='lat' dir='ltr'>scripta</span> 
     </span>
    </p>
   </div>
   <div class='ocr_carea' id='block_1_8' title="bbox 0 0 1784 5734">
    <p class='ocr_par' dir='ltr' id='par_1_9' title="bbox 0 0 1784 5734">
     <span class='ocr_line' id='line_1_40' title="bbox 0 0 1784 5734; baseline 0 0"><span class='ocrx_word' id='word_1_318' title='bbox 0 0 1784 5734; x_wconf 95' lang='lat' dir='ltr'> </span> 
     </span>
    </p>
   </div>
  </div>
 </body>
</html>
