3559 5734
834 469 1062 528 0-{332ffl

307 616 425 679 alcuni
453 616 629 698 Principi‚
661 625 696 679 et
728 617 815 680 certi
847 618 1030 682 secretarii
1061 618 1096 680 di
1121 617 1230 681 Cesar
1260 619 1380 681 hanno
1412 619 1589 682 advertito

308 725 419 805 Liege
443 725 509 787 che
533 723 579 786 mi
603 724 827 804 admonisca,
852 728 917 788 che
942 726 977 788 io
1001 746 1056 788 me
1080 727 1219 808 guardi,
1245 728 1310 788 che
1335 747 1356 788 a
1380 747 1469 808 gran
1495 746 1590 809 pena

308 834 342 895 la
367 830 517 913 scaparb
542 830 578 893 di
603 840 729 912 questa
753 830 956 895 Germania.
1001 833 1039 895 Io
1065 833 1124 914 piu
1150 853 1205 896 me
1230 833 1379 895 dubbito
1404 832 1439 896 in
1464 844 1589 915 queste

307 951 401 1001 terre
418 940 484 1001 che
500 938 535 1001 in
553 958 763 1020 campagna‚
787 939 876 1020 pero
902 939 1068 1002 sforzomi
1093 942 1204 1002 haver
1227 942 1331 1002 luoco
1356 961 1529 1022 appresso
1554 943 1589 1003 la

308 1040 414 1108 Corte
439 1064 506 1108 con
531 1046 669 1126 grande
694 1066 800 1127 spera
823 1055 859 1108 et
882 1057 1115 1127 semestrem,
1140 1048 1205 1110 che
1237 1059 1334 1110 certo
1360 1049 1406 1109 lro
1430 1068 1500 1110 una
1525 1047 1588 1109 Ca-

307 1163 442 1214 mereta
465 1172 569 1213 senza
585 1152 731 1214 Camino
748 1152 783 1214 in
800 1172 883 1215 casa
900 1153 935 1214 di
953 1174 1022 1215 uno
1040 1172 1186 1234 pover0,
1212 1164 1247 1216 et
1270 1153 1407 1235 patisco
1431 1155 1466 1216 id
1491 1155 1588 1236 quod

308 1279 495 1339 numquam
521 1257 705 1337 consuevi,
736 1260 801 1320 che
826 1258 859 1320 io
885 1259 927 1321 sii
958 1260 1003 1321 ad
1036 1259 1171 1341 frigora
1195 1260 1315 1323 Rheni
1341 1281 1446 1323 senza
1470 1261 1588 1339 fuoeo,

307 1365 365 1447 qui
390 1366 559 1429 consuevi
584 1366 725 1428 Romae
751 1365 981 1429 aSettembri
1005 1367 1050 1428 ad
1064 1366 1195 1430 Maium
1213 1369 1324 1430 havet
1349 1388 1488 1449 semprs.
1514 1369 1587 1431 fuo-

305 1496 348 1535 co
374 1484 409 1536 et
433 1475 522 1536 altre
547 1472 780 1551 commodine,
806 1485 841 1535 et
865 1495 887 1536 a
910 1494 998 1556 gran
1020 1493 1114 1555 pena
1139 1476 1379 1537 conservarmi
1406 1496 1503 1538 sano.
1549 1476 1586 1536 ln

307 1591 432 1662 questa
455 1600 539 1642 casa
563 1579 583 1642 e
607 1579 638 1641 ci
655 1581 725 1642 ben
751 1600 821 1643 una
844 1579 1014 1659 stuffetta,
1039 1580 1074 1642 in
1100 1584 1134 1642 la
1148 1583 1232 1662 qual
1256 1603 1277 1644 a
1301 1601 1389 1662 gran
1415 1602 1509 1663 pena
1533 1593 1587 1643 sta

305 1687 327 1749 il
352 1708 444 1770 pron
469 1735 476 1750 .
503 1734 543 1749 ..
591 1697 691 1749 tanto
715 1685 828 1749 fetida
852 1696 888 1749 et
912 1687 1056 1750 sordida
1088 1689 1153 1749 che
1178 1688 1293 1750 malim
1330 1689 1417 1750 mori
1452 1688 1586 1768 frigore

306 1815 410 1876 quam
434 1794 560 1872 fetore,
586 1804 621 1855 et
635 1794 750 1873 sorde,
777 1803 814 1856 et
836 1793 962 1857 invero
978 1794 1107 1875 pocchi
1131 1794 1165 1856 in
1191 1804 1317 1876 questa
1341 1804 1437 1857 terra
1451 1816 1490 1857 se
1506 1815 1586 1858 con·

305 1913 451 1965 tentano
476 1900 512 1962 di
536 1900 836 1983 alloggiamenm,
860 1922 918 1963 ma
940 1900 976 1962 io
999 1921 1088 1982 prae
1116 1901 1254 1966 ceteris.
1302 1902 1330 1964 ll
1356 1903 1422 1963 che
1446 1924 1502 1964 me
1526 1903 1586 1964 ad-

305 2010 409 2072 viene
433 2008 565 2091 perche
589 2029 659 2071 non
682 2010 845 2089 besogna
869 2010 936 2070 che
956 2029 1012 2070 me
1034 2008 1206 2071 allontani
1231 2010 1339 2070 molto
1357 2011 1453 2071 dalla
1468 2008 1586 2085 Corte,

306 2137 371 2199 per
384 2116 532 2179 consilio
550 2114 585 2177 di
610 2114 709 2187 tutti;
735 2113 780 2177 ne
796 2116 844 2177 ho
858 2125 1007 2196 possuto
1031 2118 1144 2177 haver
1166 2116 1257 2177 altro
1283 2116 1372 2197 loco,
1398 2116 1509 2177 siche
1527 2136 1587 2196 pa-

304 2223 443 2296 tientia;
469 2242 540 2284 non
565 2242 604 2284 so
629 2241 728 2284 come
754 2243 809 2284 me
824 2221 1021 2284 adviendra
1036 2221 1095 2302 qui
1121 2221 1155 2283 di
1171 2224 1321 2303 qualche
1338 2221 1490 2301 malatia,
1514 2222 1588 2285 fino

305 2330 363 2410 qui
388 2351 443 2391 me
467 2331 514 2391 bo
538 2338 681 2410 portato
697 2328 789 2390 assai
814 2330 917 2405 bene,
941 2328 1010 2391 Dei
1034 2328 1151 2409 gratia
1167 2339 1310 2409 praeter
1325 2349 1439 2391 meam
1465 2339 1500 2391 et
1516 2349 1586 2392 om·

305 2437 398 2497 nium
424 2434 645 2516 opinionem:
670 2436 710 2496 In
734 2446 916 2516 posterum
942 2433 1004 2497 fiat
1028 2437 1193 2497 voluntas
1217 2434 1295 2497 Dei.
1343 2435 1423 2498 Non
1447 2435 1587 2498 restari>

305 2545 364 2617 uia
390 2563 454 2624 per
477 2562 590 2624 paura
614 2542 659 2604 ne
683 2543 719 2604 di
743 2540 854 2620 febre,
880 2541 926 2603 ne
949 2543 994 2603 de
1018 2541 1145 2603 nemici
1169 2541 1380 2623 proseguire
1405 2544 1439 2604 la
1466 2545 1586 2604 catho-

306 2652 373 2710 lica
397 2650 561 2731 impresa.
614 2650 748 2729 Questo
781 2650 851 2710 ben
883 2647 1045 2730 supplico
1075 2669 1096 2709 a
1120 2648 1251 2710 Vostra
1275 2646 1444 2730 Signoria
1471 2649 1586 2710 Reve-

305 2758 516 2819 rendissima
549 2757 615 2821 che
647 2776 718 2818 non
743 2755 843 2836 pensi
879 2756 945 2816 che
977 2754 1011 2817 io
1042 2757 1076 2816 lo
1108 2754 1252 2835 fenghi,
1286 2755 1418 2835 perche
1449 2756 1522 2818 cosi
1556 2756 1586 2833 e,

307 2885 362 2926 nra
386 2866 435 2925 sel
461 2863 655 2926 accadesse
680 2865 770 2924 altro
796 2862 841 2923 de
866 2882 937 2938 me,
962 2860 1034 2924 Che
1059 2882 1080 2924 a
1103 2861 1235 2924 Nostro
1260 2862 1414 2942 Signore
1446 2863 1486 2924 sii
1511 2884 1584 2924 rac-

305 2971 552 3033 commandata
582 2970 722 3031 l'anima
754 2969 840 3047 mia,
873 2980 909 3029 et
939 2989 960 3031 a
987 2968 1120 3031 Vostra
1144 2966 1313 3047 Signoria
1343 2969 1583 3031 Reverendis·

306 3079 391 3139 sima
416 3078 439 3138 li
464 3077 533 3139 mei
557 3076 699 3151 fratelli,
725 3088 759 3137 et
784 3076 899 3156 questi
924 3075 1087 3138 servitori
1118 3076 1184 3136 che
1215 3095 1303 3138 sono
1334 3075 1394 3156 qui
1425 3077 1459 3138 al
1491 3079 1585 3139 bene

305 3197 339 3246 et
363 3187 433 3247 mal
457 3205 566 3246 meco.
615 3182 761 3244 Grande
793 3195 828 3244 et
861 3182 1070 3245 incredibile
1094 3183 1264 3245 miraculo
1294 3183 1404 3247 eche
1429 3185 1457 3246 si
1482 3195 1586 3249 trova

305 3291 461 3371 religiosi
477 3291 604 3353 d'altro
630 3289 755 3352 ordine
780 3291 845 3351 che
863 3289 997 3351 Luther
1021 3299 1057 3351 et
1072 3290 1234 3351 monachi
1259 3291 1338 3352 chel
1357 3290 1585 3355 favoriscano

306 3419 371 3479 per
395 3400 430 3460 la
455 3398 538 3478 vita,
563 3417 668 3459 unum
695 3395 836 3479 excipio
861 3395 1059 3459 fuldensem
1084 3399 1250 3459 abbatem
1275 3397 1439 3461 Nobilem
1472 3401 1585 3462 virum

305 3507 494 3567 educatum
519 3504 602 3566 olim
626 3504 777 3583 Romae,
802 3504 833 3565 el
858 3505 942 3584 qual
966 3523 1005 3566 se
1029 3523 1100 3565 non
1124 3504 1221 3566 fusse
1246 3515 1339 3568 stato
1356 3526 1456 3568 meco
1471 3529 1493 3568 a
1510 3507 1584 3569 Mo·

304 3611 438 3693 gunda,
463 3620 562 3674 certo
587 3632 642 3673 me
666 3614 820 3674 sarebbe
844 3620 937 3673 stato
962 3609 1052 3673 fatto
1069 3611 1266 3692 despiacer,
1290 3611 1358 3675 iste
1383 3634 1525 3696 semper
1550 3624 1586 3676 et

303 3731 398 3781 totus
423 3729 545 3782 noster
569 3728 631 3781 est.

395 3826 481 3889 Item
508 3825 607 3906 quasi
632 3835 723 3887 tutto
749 3825 772 3886 il
797 3827 904 3904 clero,
930 3824 1061 3888 excetti
1086 3823 1110 3886 li
1134 3823 1258 3886 rettori
1276 3825 1313 3887 di
1328 3826 1447 3889 chiese
1462 3847 1583 3908 parro-

305 3932 409 3995 chiali
434 3931 454 3995 e
478 3933 729 4013 soprammodo
761 3931 907 4009 infetto,
940 3942 977 3994 et
1008 3932 1115 4013 quelli
1143 3931 1364 4013 potissimum
1396 3935 1462 3996 che
1496 3955 1585 3996 sono

305 4038 457 4120 promoti
483 4060 547 4121 per
571 4039 690 4121 Roma
713 4038 824 4101 fanno
848 4039 983 4120 peggio
1008 4040 1075 4101 che
1098 4039 1148 4119 gli
1173 4038 1264 4102 altri.
1311 4039 1363 4102 La
1386 4041 1494 4122 plebe
1518 4044 1586 4105 fer·

304 4159 360 4208 tur
384 4166 560 4227 praeceps
584 4148 631 4208 ad
656 4145 751 4208 dicta
774 4145 923 4208 aliorum
948 4146 1036 4207 etsi
1061 4147 1154 4208 lassa
1183 4156 1406 4227 transportar
1431 4150 1586 4212 maxime

304 4276 323 4314 a
349 4252 535 4335 Moguntia
566 4263 598 4315 el
630 4273 651 4314 a
676 4252 852 4331 WormeS,
882 4262 917 4314 et
949 4252 983 4314 in
1017 4272 1102 4314 vero
1134 4273 1243 4316 ancor
1274 4255 1413 4317 altrove
1449 4256 1510 4337 piu
1550 4268 1587 4319 et

304 4380 427 4421 meno:
454 4360 516 4421 sed
542 4359 730 4439 Moguntia
757 4362 803 4422 ab
827 4359 973 4440 antiquo
998 4379 1149 4440 nequam
1181 4370 1219 4422 ut
1251 4359 1285 4421 in
1321 4370 1462 4424 vetusto
1496 4383 1585 4425 mar-

305 4486 401 4527 more
426 4467 602 4548 sculptum
627 4486 705 4529 esse
729 4466 820 4528 mihi*
836 4469 957 4529 retullt
981 4466 1105 4534 Cardu..⁸
1129 4465 1369 4547 Moguntinus

392 4568 436 4634 Et
450 4573 565 4652 questi
575 4573 772 4654 supradetti
783 4573 865 4635 tutti
877 4573 912 4634 in
925 4579 1126 4636 universum
1138 4595 1208 4636 non
1222 4574 1251 4635 si
1263 4594 1426 4653 moveno,
1440 4596 1505 4655 per
1518 4579 1586 4640 che

305 4677 443 4757 sapiino
455 4680 564 4741 molto
589 4679 624 4739 di
647 4678 868 4741 fundamenti
892 4678 927 4739 di
937 4676 1080 4758 lether,
1105 4679 1163 4742 del
1187 4683 1269 4761 qual
1296 4701 1364 4742 non
1387 4682 1585 4746 adverteno

304 4806 342 4848 se
375 4806 444 4848 non
470 4787 505 4848 la
530 4786 776 4849 maledicentia
802 4796 837 4847 et
861 4786 979 4867 quelle
1005 4795 1124 4868 satyre
1148 4787 1184 4849 di
1202 4788 1348 4866 Hutten,
1374 4798 1409 4850 et
1433 4789 1493 4870 gia
1519 4812 1585 4875 per
