3559 5734
773 553 1020 617 eomodo

255 695 364 763 corde
387 711 589 765 manantem
613 705 806 768 clementer
829 707 1021 789 suscipere,
1045 729 1152 791 quam
1174 709 1212 775 in
1232 732 1296 776 suo
1311 711 1539 792 Pontificatu,

255 817 291 870 et
330 828 376 871 ex
410 818 495 872 voto
535 810 757 893 incolumen,
797 813 977 896 piissimus
1011 815 1110 880 Deus
1150 838 1362 883 conservare
1401 820 1540 903 pariter

254 916 430 998 dignetur.
847 913 850 918 ⁴

342 1042 436 1106 Date
460 1019 664 1124 Bamberge
688 1044 746 1107 die
771 1044 1086 1130 Vigesimoquarto
1110 1049 1277 1115 Octobris
1291 1010 1512 1118 MDXXIV.

465 1166 506 1231 E.
531 1166 575 1230 V.
601 1165 659 1230 8¹¹·

897 1280 1071 1330 Humillimus
1089 1290 1116 1332 et
1134 1284 1318 1333 devotissimus
1337 1285 1462 1334 Servulus

933 1369 936 1374 ⁴
1048 1377 1155 1441 rann
1172 1379 1319 1452 lolltktr,

853 1467 881 1518 S.
908 1467 1060 1533 Gangoiphi
1087 1470 1289 1534 Bambergensis
1315 1473 1478 1537 Prepositus.

789 1625 995 1640 mmo-‘sams

854 1803 928 1871 175.

446 1915 633 1998 Sententia
659 1918 832 2019 Wigundi
859 1920 1015 2023 episcopi
1042 1922 1328 2027 Bambergensis.

562 2065 660 2139 (aput.
678 2065 838 2139 Principum
857 2068 887 2125 et
904 2070 1008 2127 venor.
1026 2069 1062 2129 rt
1080 2069 1125 2129 fol.
1145 2070 1220 2141 808.)

743 2183 797 2250 (24.
819 2185 929 2236 Octobr.
953 2186 1040 2254 1524.)

340 2312 380 2375 In
405 2310 545 2374 nomine
562 2309 705 2373 Domini
726 2330 840 2375 amen.
887 2309 974 2375 Cum
999 2332 1112 2394 nuper
1130 2333 1195 2376 nos
1211 2313 1437 2397 Wygandus‚
1462 2316 1536 2380 Dei

249 2428 286 2481 et
309 2417 520 2500 Apostolice
545 2417 649 2479 Sedis
674 2416 791 2497 gratia
814 2417 1014 2500 Episcopus
1039 2419 1327 2502 Bambergensis,
1351 2422 1533 2504 acceperi-

247 2547 324 2590 mus
348 2527 537 2608 quosdam‚
562 2523 758 2607 Georgium
783 2526 925 2604 Pesler,
950 2525 1062 2587 sancti
1087 2524 1252 2605 Sebaldi,
1277 2538 1313 2589 et
1337 2527 1534 2593 Hectorem

250 2634 415 2712 Poemer,
440 2632 553 2696 sancti
582 2632 779 2710 Laurentii,
803 2631 1078 2713 parrochialium
1103 2632 1432 2698 Ecclesiasticarum
1463 2635 1531 2700 Im·

160 2801 162 2814 ,
246 2740 391 2822 perialis
419 2739 517 2820 opidi
542 2738 869 2820 Nurenbergensis,
899 2750 1020 2802 nostre
1051 2738 1329 2821 Bambergensis
1362 2741 1532 2825 diocesis,

247 2857 406 2911 rectores
430 2846 633 2929 prepositos
657 2857 896 2928 nuncupatos,
929 2865 971 2907 ac
1006 2844 1140 2927 pariter
1165 2845 1411 2929 Volfgangum
1444 2848 1530 2911 Vol-

247 2956 385 3036 preclrt,
408 2954 614 3017 monasterii
639 2953 773 3016 ordinis
806 2952 1032 3016 eremitarum
1060 2953 1174 3017 sancti
1203 2954 1409 3036 Augustini,
1439 2956 1529 3018 eius·

247 3064 327 3125 dem
352 3053 450 3143 opidi
474 3060 647 3142 priorem,
676 3061 712 3122 in
738 3070 773 3122 et
796 3060 891 3122 circa
915 3080 1036 3122 sacros
1059 3060 1147 3123 ritus
1172 3070 1207 3123 et
1230 3060 1448 3124 ceremonias
1472 3082 1529 3126 ec-

246 3168 476 3248 elesiesticas,
502 3167 538 3229 in
564 3176 689 3230 sancta
712 3166 873 3230 Ecclesia
897 3164 1100 3247 Catholica,
1124 3167 1242 3229 multis
1265 3168 1452 3230 retroactis
1475 3189 1530 3231 se·

247 3267 344 3356 culis,
361 3283 485 3337 sancte
502 3273 559 3355 pie
573 3294 615 3336 ac
628 3273 882 3336 inviolabiliter
896 3273 1105 3353 observatis,
1118 3273 1306 3354 plurimum
1320 3274 1530 3357 delinquere

247 3389 283 3442 et
309 3379 423 3443 indies
447 3381 572 3461 peiora
589 3380 733 3460 addere,
758 3381 872 3442 dictos
897 3399 1018 3443 sacros
1041 3379 1129 3442 ritus
1153 3391 1189 3442 et
1204 3381 1424 3445 ceremonias
1447 3403 1529 3464 par·

245 3487 307 3549 tim
333 3488 505 3549 variando
530 3496 565 3548 et
590 3489 775 3566 novando,
811 3488 932 3569 plures
955 3506 1042 3549 vero
1066 3486 1100 3548 in
1126 3497 1238 3549 toturn
1262 3488 1459 3569 abolendo,
1483 3510 1528 3553 ac

245 3604 370 3657 contra
395 3595 553 3672 easdem,
582 3603 617 3656 et
640 3592 728 3656 alias
753 3613 894 3675 quoque
918 3592 1025 3675 impie
1049 3587 1334 3675 dogmatizando
1359 3604 1395 3658 et
1417 3594 1529 3658 humi·

245 3703 314 3764 lem
342 3702 484 3782 plebem
518 3720 596 3762 oum
629 3700 824 3762 animarum
853 3700 959 3762 etiarn
987 3699 1198 3781 gravissimo
1233 3700 1392 3782 periculo
1423 3703 1525 3765 sedu-

245 3809 372 3880 cendo;
409 3806 483 3870 Nos
517 3827 563 3869 ex
600 3806 721 3869 debito
749 3806 941 3887 pastoralis
971 3803 1082 3869 nostri
1117 3805 1238 3886 offitii,
1272 3807 1528 3890 omnipotentis

246 3916 315 3979 Dei
340 3917 507 3996 exemplo
531 3914 715 3995 imgenesi
740 3914 868 3992 edocti,
895 3932 964 3994 quo
988 3911 1038 3974 sic
1062 3913 1205 3975 allatam
1224 3912 1353 3976 famam
1378 3915 1528 3997 propius

245 4042 560 4104 cognosceremus,
596 4031 632 4083 et
656 4041 701 4083 ne
729 4021 931 4102 quempiam
961 4018 1155 4081 inauditum
1191 4019 1443 4102 indicaremus,
1479 4023 1527 4085 ad

245 4129 321 4192 fisci
365 4129 476 4192 nostri
518 4127 759 4210 procuratoris
798 4123 1022 4205 instantiam,
1066 4126 1291 4207 supradictos
1329 4126 1526 4211 Georgium

244 4238 385 4317 Pesler,
419 4245 454 4299 et
478 4235 670 4298 Hectorem
700 4233 869 4312 Poemer,
894 4241 1069 4312 rectores,
1105 4253 1146 4295 ac
1172 4232 1417 4316 Volfgangum
1440 4235 1526 4298 Vol·

243 4344 371 4425 precht
408 4342 582 4425 priorem,
620 4352 658 4403 ut
700 4361 745 4402 ex
788 4340 942 4402 adverso
977 4337 1216 4420 principales,
1259 4341 1345 4418 dato
1384 4362 1524 4424 compe-

243 4451 332 4515 tenti
363 4449 513 4514 termino
549 4450 594 4511 ad
624 4446 860 4530 personaliter
890 4465 1010 4508 coram
1042 4444 1145 4507 nobis
1177 4448 1454 4528 comparendum
1488 4459 1528 4511 et

243 4578 282 4621 se
313 4559 358 4619 de
389 4555 570 4639 premissis
602 4555 844 4619 excusandum
868 4552 970 4616 citari
999 4550 1162 4615 iussimus
1192 4563 1228 4616 et
1255 4552 1422 4634 fecimus,
1450 4554 1524 4637 qui·

243 4667 310 4727 bus
334 4663 440 4727 etiam
464 4662 581 4726 citatis
606 4671 641 4725 et
664 4681 784 4725 coram
819 4659 924 4723 nobis
955 4659 1193 4742 personaliter
1224 4662 1525 4743 comparentibus,

244 4769 338 4834 datis
361 4789 427 4852 per
450 4768 535 4832 dicti
559 4768 670 4832 nostri
701 4766 778 4831 fisci
805 4777 1074 4850 procuratorem
1105 4765 1141 4829 in
1174 4765 1316 4849 scriptis
1345 4767 1526 4832 nonnullis

242 4877 419 4958 materiis,
453 4896 560 4959 super
583 4876 711 4957 quibus
734 4895 800 4959 pro
832 4873 993 4937 ulteriori
1021 4873 1108 4936 facti
1138 4872 1406 4957 informatione,
1437 4873 1526 4939 di'cti
