3559 5734
817 527 875 583 043
917 531 967 586 114
1007 530 1063 582 {fre

299 674 438 738 tertiam
471 674 740 755 generationem
774 675 868 738 dicta
901 679 998 738 bona
1027 675 1140 739 libere
1173 676 1218 737 ad
1247 675 1422 738 Ecclesias
1454 684 1488 735 et
1512 676 1581 735 alia

298 781 359 863 pia
382 782 461 844 loca
485 780 655 855 redirent;
681 792 873 864 propterea
898 782 983 845 mihi
1007 782 1147 846 videtur
1171 802 1278 864 super
1301 783 1369 844 hoc
1390 780 1582 862 diligenter

300 888 577 970 excogitandum
595 910 688 964 esse;
713 910 804 971 nam,
829 889 974 953 invento
991 890 1097 954 modo
1117 888 1330 953 concordiae
1346 908 1453 970 super
1468 888 1583 967 bonis,

299 994 406 1058 facile
431 1008 527 1059 esset
550 999 646 1079 quod
671 1018 778 1080 super
803 998 954 1062 caeteris
978 1020 1101 1063 omnes
1121 998 1349 1062 difficultates
1363 998 1583 1060 tollerentur,

300 1104 434 1165 'samen
466 1104 556 1167 haec
587 1105 893 1169 communicabitis
915 1127 995 1169 cum
1020 1106 1085 1169 8¹⁰⁰
1109 1107 1152 1168 Ι).
1178 1106 1220 1168 N.
1246 1105 1391 1186 eiusque
1415 1105 1583 1168 mandato

301 1219 337 1272 et
367 1210 579 1273 auctoritate
612 1210 647 1273 id
682 1221 793 1275 totum
818 1214 1043 1294 exequemini
1068 1215 1163 1295 quod
1188 1212 1291 1275 vobis
1315 1215 1361 1274 ab
1386 1212 1461 1274 eius
1485 1233 1583 1275 sanc·

301 1315 402 1379 titate
425 1316 618 1381 iniunctum
642 1317 759 1382 fuerit.

917 1732 969 1797 41.

640 1838 848 1919 Alennder
876 1839 1247 1919 Vioeonncellnrio.

702 1968 869 2040 (Nuntiat.
890 1968 1038 2028 German
1056 1968 1087 2027 1..
1105 1968 1184 2038 128.)

729 2070 806 2137 (Post
826 2073 895 2121 diem
916 2088 940 2135 4.
958 2072 1047 2120 Martii
1071 2084 1080 2119 Ι
1087 2068 1156 2137 521.)

391 2176 465 2239 Che
489 2176 534 2240 V.
559 2177 595 2240 S.
620 2178 716 2241 Rma
746 2179 866 2241 recevi
898 2179 966 2241 mie
990 2180 1117 2242 lettere
1141 2179 1176 2240 di
1201 2180 1310 2240 molto
1336 2177 1478 2238 diversa
1501 2176 1586 2237 data

302 2302 367 2363 per
400 2303 469 2346 uno
503 2285 695 2347 medesimo
721 2285 866 2349 corrieri
892 2286 913 2347 1'
930 2287 978 2348 ha
1002 2286 1093 2349 fatto
1121 2285 1145 2348 il
1169 2295 1301 2349 mastro
1326 2285 1362 2346 di
1386 2295 1490 2366 poste
1518 2284 1585 2344 che

301 2389 360 2471 gis
392 2389 444 2453 sei
476 2391 592 2472 giorni
623 2392 701 2455 lece
733 2414 858 2475 pressa
882 2415 903 2456 a
927 2394 1008 2456 tutti
1039 2396 1105 2456 che
1135 2414 1173 2456 se
1198 2394 1313 2455 havea
1337 2412 1358 2453 a
1381 2391 1515 2473 partire
1540 2411 1586 2451 un

303 2498 483 2560 cavallaro
507 2508 543 2562 et
566 2508 658 2562 tutta
683 2502 780 2563 volta
802 2503 848 2563 ha
872 2501 1084 2584 induggiato
1109 2499 1180 2563 fino
1205 2501 1239 2562 al
1263 2507 1430 2581 presente
1447 2498 1586 2578 giorn0,

303 2605 359 2666 nel
385 2606 490 2686 quale
523 2607 654 2688 perche
680 2609 835 2671 Polenza
859 2609 892 2671 ci
916 2610 962 2672 ha
986 2611 1085 2670 detto
1110 2607 1252 2671 omnino
1278 2609 1377 2669 voler
1401 2603 1586 2686 expedire,

303 2714 390 2792 perd
424 2712 470 2774 ho
503 2715 626 2776 voluto
657 2714 834 2778 scrivere
860 2716 904 2778 V.
930 2714 966 2780 S.
991 2716 1105 2795 Rma,
1136 2716 1202 2777 che
1235 2734 1305 2776 non
1330 2715 1495 2775 obstante
1520 2712 1586 2773 che

304 2818 385 2880 tutti
410 2820 524 2901 questi
548 2821 582 2883 dl
607 2821 718 2885 siamo
743 2823 825 2886 stati
849 2843 916 2885 con
941 2823 1061 2903 Cesar,
1086 2843 1153 2886 con
1169 2820 1339 2885 Chievres
1363 2830 1399 2883 et
1423 2820 1503 2882 altri
1528 2819 1586 2880 del

304 2926 498 3007 consegli0,
523 2937 558 2991 et
583 2929 647 2991 che
673 2930 705 2991 ci
728 2929 780 2992 sia
804 2940 858 2992 sta
878 2950 1063 3012 promesso
1081 2929 1117 2991 di
1133 2929 1235 2992 farei
1253 2928 1375 2992 debito
1391 2929 1469 2991 loro
1486 2947 1586 2988 come

304 3033 332 3095 si
347 3033 514 3096 rechiede
530 3044 565 3096 et
582 3056 721 3118 sempre
746 3038 864 3100 hanno
889 3039 1095 3101 continuato
1113 3037 1148 3099 di
1165 3045 1372 3119 premetter,
1394 3035 1586 3098 tuttavolta

305 3159 375 3201 non
405 3141 452 3203 ho
483 3141 580 3204 ardir
611 3143 679 3206 mai
712 3143 772 3225 pili
797 3144 833 3206 di
858 3145 1013 3209 scrivere
1039 3146 1166 3208 alcuna
1189 3163 1275 3207 cosa
1298 3144 1586 3221 resolutamente,

305 3256 441 3309 attento
475 3249 541 3310 che
565 3249 624 3331 git
649 3252 683 3312 ai
708 3250 911 3332 aggiunger
935 3252 1005 3315 mio
1029 3252 1064 3314 in
1089 3250 1304 3332 Wormatia,
1330 3251 1396 3311 che
1420 3268 1509 3311 sono
1533 3257 1587 3312 tre

305 3353 391 3415 mesi
409 3354 553 3435 passati,
570 3376 637 3418 con
654 3366 752 3420 tante
769 3357 838 3421 mie
855 3358 1006 3443 dispute,
1024 3358 1250 3437 instruttioni‚
1266 3355 1522 3437 intercessioni,
1536 3354 1586 3418 ia·

306 3459 399 3522 tiche
416 3461 535 3524 hanno
550 3482 657 3545 preso
672 3464 767 3527 mille
781 3465 1000 3529 conclusioni
1017 3477 1052 3529 et
1070 3467 1116 3529 da
1133 3485 1203 3528 una
1220 3466 1308 3528 hora
1323 3463 1380 3526 an’
1393 3464 1485 3525 altra
1499 3481 1587 3525 sono

306 3576 398 3629 state
422 3566 590 3650 impedite
616 3572 682 3633 che
706 3572 724 3634 ὲ
750 3572 866 3654 lapid
892 3575 1030 3655 grande
1056 3592 1242 3655 vergogna
1266 3573 1324 3635 del
1349 3570 1491 3633 mundo.
1534 3568 1586 3631 Ne

306 3671 340 3735 in
366 3685 492 3756 questo
517 3696 561 3738 ne
585 3678 775 3742 habbiamo
791 3702 812 3744 a
828 3682 1002 3744 lamentat
1026 3681 1061 3743 di
1078 3680 1188 3745 Cesar
1212 3680 1277 3743 che
1302 3697 1442 3760 sempre
1458 3677 1476 3740 ὲ
1494 3687 1587 3739 stato

307 3780 343 3842 di
358 3783 453 3844 buon
470 3781 587 3847 animo
605 3806 661 3847 ma
677 3788 788 3850 solum
804 3789 862 3851 del
877 3809 942 3852 suo
959 3790 1154 3871 conseg1i0,
1179 3790 1236 3852 del
1253 3789 1368 3870 quale,
1391 3784 1508 3849 alcuni
1524 3804 1589 3866 per

307 3908 377 3951 uno
409 3899 568 3971 respetto
599 3892 680 3955 altri
709 3914 775 3975 per
798 3895 855 3957 un'
869 3897 980 3978 altro,
1011 3896 1047 3959 in
1071 3899 1121 3959 tal
1145 3896 1249 3959 modo
1275 3895 1393 3956 hanno
1418 3893 1588 3956 condotto

307 3997 342 4058 la
374 4016 459 4060 cosa
489 3999 555 4060 che
586 4019 656 4061 non
687 4022 726 4063 so
759 4001 819 4082 pili
851 4003 918 4066 che
950 4024 994 4066 ne
1022 4004 1212 4066 debbiamo
1237 4001 1312 4064 dire
1337 4021 1358 4064 o
1383 4020 1529 4082 sperare
1553 3998 1590 4060 di

307 4104 398 4177 loro;
423 4105 466 4166 ne
491 4125 546 4168 me
571 4107 705 4170 dolerei
730 4117 827 4172 tanto
852 4131 891 4173 se
908 4122 1034 4192 questo
1049 4112 1162 4173 solum
1178 4128 1395 4191 provenesse
1410 4127 1475 4190 per
1493 4126 1589 4168 esser

308 4211 385 4273 loro
416 4231 556 4292 sempre
590 4218 662 4276 cosi
694 4216 817 4297 longhi
845 4217 881 4279 in
905 4219 982 4280 10ro
1007 4216 1224 4281 conclusioni
1248 4214 1400 4301 (benche
1424 4213 1459 4276 in
1483 4232 1590 4275 causo

307 4315 391 4379 fidei
422 4317 534 4380 omnis
567 4341 666 4383 mora
699 4323 857 4385 tollenda
889 4325 957 4403 est)
990 4332 1122 4405 quanto
1151 4325 1217 4387 che
1242 4325 1337 4404 dopo
1361 4342 1467 4406 preso
1491 4329 1589 4382 tante

309 4424 431 4488 ottime
460 4427 677 4490 conclusioni
706 4430 772 4492 che
801 4450 872 4493 non
900 4451 1074 4494 mancava
1101 4452 1140 4494 se
1173 4451 1243 4493 non
1278 4430 1424 4511 exequir
1456 4431 1491 4491 lo
1524 4429 1590 4490 che

308 4533 448 4594 havean
472 4534 657 4615 concluse,
689 4537 832 4599 subbito
857 4538 885 4599 si
910 4558 998 4601 sono
1022 4538 1147 4601 mutati
1172 4548 1207 4600 et
1230 4535 1364 4600 trovasi
1388 4555 1506 4597 nuovo
1530 4536 1589 4596 im·

310 4638 513 4720 pedimento
537 4652 573 4703 et
597 4643 715 4722 quello
740 4645 805 4706 che
829 4665 900 4707 uno
924 4646 1039 4708 havea
1062 4644 1174 4727 hoggi
1199 4645 1296 4707 detto
1321 4645 1378 4705 nel
1407 4641 1590 4723 conseglio

310 4756 471 4809 trovamo
502 4751 567 4812 che
583 4750 605 4812 'l
637 4751 670 4811 dl
697 4760 869 4833 seguente
894 4752 1023 4815 dieeva
1047 4753 1091 4814 de
1116 4751 1245 4814 diretto
1271 4749 1487 4832 l'opposito;
1513 4748 1589 4811 anzi

311 4880 397 4922 sono
422 4857 514 4922 intra
537 4860 614 4922 loro
640 4858 684 4920 de
709 4859 950 4922 diversissimo
976 4859 1116 4941 iuditio,
1141 4860 1271 4941 perche
1297 4858 1466 4920 Chievres
1491 4857 1520 4918 si
1544 4857 1591 4917 ha
