3559 5734
829 609 1076 667 0-ῧὸῚὲῢο

312 749 348 815 in
362 752 487 817 Valvis
504 763 539 817 et
553 754 642 818 Acie
656 755 827 837 predictis
850 777 916 839 per
931 777 1036 819 unum
1062 778 1108 820 ex
1127 756 1230 819 dictis
1246 755 1455 820 Cursoribus
1469 755 1593 818 debite

312 858 457 922 affixum
484 870 519 924 et
542 862 698 943 legitime
719 864 921 927 executioni
936 864 1079 946 publice
1105 864 1355 927 demandatum
1379 862 1594 925 iudicialiter

312 967 535 1048 reproduxit,
561 990 602 1031 ac
628 970 814 1034 citatorum
838 971 925 1035 inibi
948 980 1194 1035 contentorum
1217 990 1287 1034 non
1313 969 1593 1052 comparentium

311 1093 377 1136 nec
401 1074 535 1156 aliquid
568 1087 691 1139 contra
721 1078 833 1159 ipsam
866 1078 1147 1142 commissionem
1178 1078 1297 1141 dicere
1330 1098 1393 1140 seu
1421 1077 1592 1158 excipere

311 1182 524 1262 curantium,
557 1185 810 1248 contumaciam
849 1186 1040 1267 accusavit,
1069 1186 1237 1268 ipsosque
1271 1197 1497 1248 contumaces
1527 1205 1593 1266 per

311 1288 408 1370 ipsos
431 1288 661 1354 Franciscum
686 1291 910 1356 Cardinalem
935 1313 976 1355 ac
1009 1293 1207 1372 Johannem
1241 1303 1276 1357 et
1308 1290 1487 1356 Gentilem
1520 1293 1590 1355 Au·

310 1394 444 1458 ditores
477 1398 635 1478 reputari
658 1398 759 1480 fecit,
785 1419 827 1462 ac
852 1399 958 1463 etiam
994 1399 1162 1481 obtinuit,
1192 1420 1331 1463 necnon
1366 1400 1593 1482 postmodum

312 1521 432 1565 coram
455 1502 542 1584 ipsis
566 1506 755 1569 nonnullos
779 1506 961 1569 Articulos
985 1527 1092 1588 super
1115 1507 1292 1570 natalibus
1317 1516 1353 1571 et
1366 1506 1591 1587 legitimitate

310 1610 481 1690 predictis
505 1613 644 1694 obtulit,
661 1623 696 1677 et
711 1614 807 1676 aliud
825 1613 1002 1677 citationis
1019 1613 1182 1677 Edictum
1206 1625 1330 1678 contra
1353 1614 1451 1695 ipsos
1485 1613 1592 1676 iuter·

308 1737 387 1781 esse
410 1727 577 1801 putantes
601 1720 762 1784 similiter
793 1719 1013 1804 affigendum
1038 1731 1074 1785 et
1098 1722 1347 1803 exequendum
1379 1724 1425 1784 ab
1456 1720 1592 1784 eisdem

309 1823 557 1890 Cardinalibus
588 1829 634 1889 ad
665 1828 853 1891 dicendum
882 1840 918 1892 et
951 1828 1200 1910 excipiendum
1232 1828 1399 1910 quicquid
1431 1827 1592 1890 similiter

310 1942 434 1995 contra
461 1932 558 2015 ipsos
592 1935 761 1999 articulos
785 1936 904 1998 dicere
930 1937 1005 1998 sive
1030 1936 1198 2017 excipere
1222 1938 1374 2015 vellent,
1406 1955 1447 1998 ac
1471 1937 1518 1998 ad
1542 1935 1590 1997 vi·

309 2039 463 2103 dendum
488 2050 523 2104 et
547 2041 761 2116 audiendum
794 2042 892 2124 ipsos
925 2043 1093 2106 articulos
1116 2044 1162 2106 ad
1190 2044 1415 2126 probandum
1439 2043 1590 2124 admitti,

308 2158 346 2210 et
369 2148 495 2212 Testes
526 2170 633 2231 super
663 2150 732 2213 illis
760 2172 800 2214 ac
832 2160 908 2214 tota
942 2171 1049 2214 causa
1081 2150 1297 2230 huiusmodi,
1326 2150 1442 2212 iurare
1471 2160 1507 2212 et
1543 2151 1588 2213 ad

309 2253 495 2318 iurandum
528 2257 666 2320 admitti
694 2260 739 2321 ad
771 2267 904 2321 certam
938 2259 1030 2321 diem
1054 2258 1236 2321 iuridicam
1261 2268 1345 2320 tunc
1369 2277 1589 2340 expressam,

308 2360 495 2425 terminum
525 2364 668 2446 quidem
702 2365 808 2428 etiam
837 2365 1116 2447 peremptorium
1157 2374 1433 2445 competentem,
1470 2385 1512 2427 ac
1542 2365 1589 2426 ad

311 2469 464 2532 dandum
486 2470 762 2552 interrogatoria
777 2473 806 2535 si
824 2493 893 2554 qua
918 2472 1002 2535 dicti
1027 2472 1124 2535 citati
1148 2492 1214 2554 pro
1238 2470 1324 2553 ipsis
1347 2469 1514 2534 'festibus
1537 2470 1587 2532 in·
1626 2559 1628 2562 Ι

311 2578 654 2657 terrogandisdare
684 2581 818 2642 vellent
847 2600 914 2661 per
940 2588 1050 2642 totam
1081 2579 1177 2642 illam
1210 2588 1245 2640 et
1268 2588 1475 2660 sequentem
1500 2577 1588 2656 dies,

310 2702 407 2747 more
431 2685 536 2749 solito
561 2686 705 2749 decerni
729 2686 831 2765 fecit,
861 2706 903 2749 ac
933 2689 1057 2750 eadem
1086 2686 1143 2750 die
1177 2684 1390 2748 adveniente
1423 2684 1588 2746 Edictum

309 2791 517 2872 posterioris
542 2793 719 2857 citationis
742 2794 941 2857 huiusmodi
965 2794 1000 2856 in
1025 2793 1139 2857 valvis
1163 2802 1198 2856 et
1214 2791 1304 2874 Acie
1328 2790 1499 2872 predictis
1521 2810 1590 2872 per

309 2918 415 2961 unum
441 2920 487 2962 ex
512 2901 615 2963 dictis
639 2900 850 2964 Cursoribus
874 2900 1034 2963 similiter
1057 2898 1205 2962 affixum
1236 2909 1271 2962 et
1303 2897 1506 2962 executioni
1529 2898 1588 2960 de·

308 3007 512 3069 mandatum
542 3007 577 3070 in
616 3007 709 3071 illius
747 3007 898 3071 termino
931 3005 1094 3089 predicto
1126 3026 1246 3069 coram
1273 3004 1360 3086 ipsis
1393 3004 1588 3067 Francisco

310 3111 490 3177 Cardinali
514 3135 555 3177 ac
578 3116 743 3195 Johanne
767 3124 803 3178 et
826 3114 970 3178 Gentile
987 3113 1219 3177 Auditoribus
1242 3112 1347 3175 etiam
1364 3111 1587 3196 reproduxit,

309 3228 345 3283 et
369 3219 556 3284 citatorum
580 3221 821 3304 predictorum
844 3242 917 3284 non
937 3220 1215 3303 comparentium
1233 3239 1298 3283 nec
1314 3219 1446 3300 aliquid
1462 3227 1587 3281 contra

229 3386 237 3396 ,
308 3325 405 3407 ipsos
433 3326 641 3391 Cardinales
670 3329 789 3393 dicere
825 3329 883 3391 vel
924 3327 1092 3410 excipere
1135 3327 1333 3391 curantium
1366 3346 1432 3408 per
1471 3325 1587 3407 ipsum

308 3432 489 3513 Angelum
505 3436 727 3499 contumacia
743 3445 918 3516 accusata,
942 3435 1099 3518 ipsisque
1123 3433 1389 3498 contumacibus
1403 3431 1588 3516 reputatiS,

308 3558 374 3620 per
396 3539 494 3623 ipsos
526 3542 754 3607 Franciscum
790 3542 1016 3606 Cardinalem
1047 3563 1090 3605 ac
1117 3543 1316 3622 Johannem
1348 3549 1383 3602 et
1407 3538 1587 3603 Gentilem

309 3646 503 3711 Auditores
527 3649 642 3713 dictos
658 3650 839 3713 Articulos
863 3652 909 3712 ad
933 3651 1157 3732 probandum
1181 3645 1318 3711 admitti
1341 3647 1444 3730 petiit
1467 3656 1503 3710 et
1525 3649 1586 3710 ob·

308 3753 430 3836 tinuit,
466 3776 508 3819 ac
542 3778 661 3822 coram
692 3757 744 3821 eis
776 3759 966 3821 nonnullos
996 3758 1122 3821 Testes
1144 3756 1346 3839 fidedignos
1369 3775 1477 3837 super
1499 3754 1587 3837 ipsis

309 3860 468 3926 articulis
492 3873 528 3927 et
551 3874 627 3928 tota
651 3886 759 3929 causa
783 3865 1028 3948 inquisitiones
1052 3864 1252 3928 huiusmodi
1274 3863 1429 3943 induxit,
1462 3870 1499 3925 et
1522 3881 1588 3944 per

308 3968 337 4031 F
339 3969 536 4035 ranciscum
566 3971 790 4037 Cardinalem
813 3983 885 4036 tarn
910 3993 974 4037 suo
998 3993 1102 4055 quarn
1126 3971 1304 4035 Leonardi
1329 3968 1527 4032 Cardinalis
1551 3977 1587 4032 et

308 4074 455 4158 College
479 4079 679 4142 nominibus
687 4128 696 4161 ,
726 4100 767 4142 ac
799 4079 997 4159 Johannem
1030 4089 1065 4142 et
1089 4077 1267 4143 Gentilem
1291 4077 1485 4141 Auditores
1508 4096 1586 4159 pre·

307 4182 401 4246 fatos
426 4184 531 4248 etiam
554 4185 666 4268 recipi
690 4196 727 4250 et
750 4187 888 4250 admitti
913 4188 959 4250 ad
981 4187 1168 4250 iurandum
1184 4195 1290 4270 prout
1308 4185 1468 4248 iurarunt
1483 4182 1588 4246 tactis

306 4310 372 4372 per
396 4310 457 4354 eos
482 4301 518 4355 et
541 4313 662 4356 eorum
686 4294 880 4376 quemlibet
904 4297 951 4357 ob
973 4296 1042 4358 hoc
1066 4292 1258 4375 Scripturis
1282 4290 1517 4356 sacrosanctis
1540 4291 1587 4354 ad

306 4408 429 4462 sancta
452 4400 520 4463 Dei
545 4401 733 4484 evangelia
764 4403 808 4465 de
841 4402 993 4465 dicendo
1028 4422 1152 4483 puram
1185 4421 1317 4464 meram
1342 4410 1378 4463 et
1401 4398 1586 4479 sinceram,

306 4525 411 4586 quarn
435 4527 543 4588 super
572 4507 640 4571 hiis
675 4508 805 4572 scirent
839 4509 1046 4588 veritatem,
1072 4529 1191 4572 amore
1215 4509 1340 4571 favore
1363 4507 1416 4569 ira
1440 4515 1476 4568 et
1499 4503 1585 4567 invi·

306 4611 365 4674 dia
389 4613 530 4694 penitus
554 4615 771 4697 postpositis.
828 4615 873 4677 Et
898 4615 1116 4696 successive,
1146 4636 1192 4679 ne
1223 4617 1269 4677 ab
1301 4612 1476 4695 aliquibus
1501 4621 1585 4674 tem·

306 4739 395 4800 pore
419 4722 639 4801 procedente
664 4722 708 4786 de
731 4721 801 4785 fide
827 4734 863 4785 et
877 4722 1063 4804 legalitate
1079 4722 1251 4785 dictorum
1269 4720 1427 4784 Testium
1452 4716 1586 4800 aliquid

307 4826 420 4905 possit
442 4828 589 4891 hesitari
612 4829 772 4912 prefatus
797 4830 960 4912 Angelus
985 4841 1101 4893 certos
1129 4828 1218 4892 alios
1251 4828 1432 4891 Articulos
1464 4825 1585 4906 legali·

305 4932 387 4995 tatis
410 4933 570 5015 ipsorum
586 4935 742 5000 Testium
758 4936 1064 5018 comprobatorios
1080 4956 1199 4999 coram
1222 4934 1371 5017 prefatis
1394 4931 1585 4996 Francisco
