3559 5734
846 568 1092 632 eumad*

329 722 411 776 ante
436 724 575 777 centum
600 735 640 778 ac
666 716 882 801 quindecim,
915 720 950 782 ni
981 720 1101 803 fallor,
1137 741 1247 783 annos
1279 722 1491 802 donaverat,
1522 741 1609 802 quas

328 830 516 902 praeterea
540 822 576 886 in
601 823 734 886 effluxo
759 825 820 887 illo
845 837 1006 908 tempore
1030 828 1075 891 ad
1093 848 1208 891 mores
1232 837 1269 891 et
1283 827 1442 909 linguam
1456 826 1609 890 Misnen-

328 927 429 1009 sium‚
454 950 534 992 nam
559 931 717 995 moribus
742 944 777 995 et
801 934 925 1016 lingua
938 932 1098 998 Saxonia
1114 945 1149 998 et
1164 934 1281 998 Misna
1295 935 1387 998 inter
1410 955 1449 997 se
1464 936 1609 997 multum

333 1036 484 1117 variant,
500 1037 702 1103 illexerunt.
749 1041 848 1104 Vera
864 1050 982 1105 autem
998 1040 1156 1106 Saxonia
1180 1053 1216 1106 et
1240 1041 1299 1125 qui
1323 1042 1481 1124 linguam
1501 1037 1611 1103 Saxo·

328 1142 443 1206 nicam
478 1154 514 1208 et
537 1166 653 1209 mores
681 1147 911 1228 profitentur,
945 1169 1017 1212 non
1050 1150 1163 1212 minor
1195 1158 1249 1212 est
1271 1148 1375 1212 Italia
1407 1167 1499 1230 quae
1528 1167 1610 1210 suos

327 1250 438 1313 habet
461 1252 642 1335 principes
665 1264 739 1319 turn
768 1257 1031 1321 ecclesiasticos
1064 1267 1138 1320 tum
1172 1258 1397 1339 prophanos‚
1429 1254 1610 1318 Ecclesias

328 1358 622 1441 metropolitanas
639 1363 738 1443 duas,
756 1365 981 1428 cathedrales
997 1363 1207 1446 quindecim,
1224 1361 1468 1426 Marchionem
1491 1380 1610 1443 unum,

329 1465 437 1528 duces
462 1476 605 1549 praeter
628 1469 708 1532 illos
733 1470 808 1552 qui,
844 1480 882 1534 ut
906 1471 1001 1547 dixi,
1037 1471 1140 1535 titulo
1170 1470 1232 1533 illo
1263 1471 1388 1533 saltem
1419 1468 1611 1531 condonati

329 1582 420 1653 sunt,
445 1583 537 1653 octo,
561 1576 743 1658 principes
768 1578 867 1657 duos,
893 1578 1040 1642 comites
1064 1586 1100 1640 et
1113 1580 1267 1641 barones
1284 1579 1423 1654 multos,
1447 1574 1611 1637 civitates

329 1679 588 1762 munitissimas,
614 1684 673 1764 qui
698 1705 821 1748 omnes
837 1686 1003 1749 Romano
1028 1684 1193 1767 Imperio,
1217 1705 1288 1747 non
1312 1682 1404 1745 Duci
1428 1680 1611 1745 Saxoniae

329 1797 467 1867 parent.
515 1788 590 1851 Nec
621 1791 806 1872 quisquam
831 1812 953 1855 eorum
977 1792 1177 1876 principum
1201 1790 1387 1854 nobilitate
1418 1798 1453 1853 et
1475 1791 1612 1871 populo

330 1892 605 1976 principatuque
630 1897 779 1961 ducibus
804 1896 996 1980 Saxoniae,
1020 1898 1288 1962 Marchionibus
1304 1898 1443 1960 Misnae
1465 1905 1500 1960 et
1516 1897 1610 1979 Thy·

331 2000 469 2083 ringiae
494 2002 589 2065 cedit
612 2014 675 2067 aut
697 2004 846 2069 inferior
869 2016 933 2087 est,
959 2026 1082 2070 omnes
1105 2015 1223 2069 tamen
1248 2013 1498 2068 sacrosanctae
1524 2001 1611 2066 Sedi

330 2108 562 2190 Apostolicae
587 2113 867 2176 obedientissimi
890 2112 976 2195 filii,
1010 2113 1148 2196 indigni
1173 2110 1315 2195 quidem
1338 2121 1487 2193 propter
1511 2131 1610 2173 enor-

329 2236 420 2278 mem
443 2214 700 2299 indulgentiam
730 2229 766 2283 et
789 2220 1004 2284 litentiosam
1029 2220 1247 2298 libertatem,
1280 2238 1386 2300 quam
1409 2218 1529 2280 Duces
1558 2217 1611 2278 illi

330 2322 512 2388 Saxoniae
529 2327 574 2388 ab
591 2345 661 2388 uno
673 2328 786 2390 latere
806 2327 1045 2391 Misnensibus
1061 2335 1097 2390 et
1112 2325 1304 2409 Thyringis
1317 2326 1388 2388 suis
1412 2325 1612 2406 indulgent,

329 2432 579 2495 contumeliam
602 2433 678 2515 pati
702 2444 738 2497 et
760 2434 953 2516 infamiam,
978 2455 1125 2517 quorum
1150 2434 1232 2497 olim
1255 2442 1399 2513 statum,
1425 2432 1612 2515 originem,

329 2537 567 2621 conditiones,
591 2561 727 2623 mores,
757 2543 967 2624 pronuntias
991 2562 1113 2606 omnes
1137 2541 1204 2604 nisi
1228 2541 1380 2623 epistola
1412 2541 1447 2601 in
1481 2539 1611 2601 librum

329 2644 463 2725 abiret,
496 2666 663 2711 enarrare
696 2648 801 2712 facile
832 2670 985 2731 possem.
1033 2647 1107 2712 Sed
1135 2648 1219 2731 quia
1248 2655 1497 2712 sacrosanctae
1523 2644 1611 2709 Sedi

329 2752 538 2816 deditissimi
562 2766 598 2817 et
623 2756 705 2818 huic
729 2757 939 2820 lutheraane
962 2768 1082 2820 sectae
1106 2756 1211 2820 invisi
1234 2755 1348 2818 dictas
1370 2754 1508 2817 litteras
1539 2773 1612 2816 non

329 2880 444 2941 aequo
474 2861 650 2943 aspiciunt
673 2865 797 2946 oculo,
833 2874 869 2927 et
893 2874 931 2927 ut
954 2863 1024 2927 fert
1047 2874 1184 2945 natura,
1209 2863 1326 2943 zelosi‚
1350 2863 1386 2925 in
1411 2881 1610 2925 moerorem

328 2970 537 3032 vacillantes
562 2970 656 3033 etin
680 2970 769 3034 iram
792 2972 1033 3053 concitantur,
1062 2971 1195 3054 alitque
1218 2974 1334 3034 lacem
1358 2970 1489 3032 vitulus
1514 2989 1610 3031 mon-

329 3084 464 3138 strosus
489 3095 603 3159 nuper
626 3077 767 3140 Romae
792 3077 955 3160 depictus
980 3088 1015 3142 et
1037 3080 1105 3142 huc
1134 3079 1294 3157 delatus,
1330 3076 1386 3139 cui
1419 3084 1610 3158 praeterea

329 3178 510 3246 Saxoniae
535 3203 663 3247 nomen
687 3185 851 3249 adiunxit
873 3185 1000 3268 pictor,
1025 3206 1129 3267 quem
1151 3186 1187 3248 in
1211 3185 1330 3247 Misna
1353 3193 1457 3247 natus
1480 3182 1525 3246 sit
1550 3183 1609 3246 ad-

329 3288 428 3372 didit,
454 3298 489 3353 et
512 3291 633 3354 nescio
658 3312 749 3374 quae
770 3312 863 3356 vana
885 3293 922 3356 in
945 3292 1125 3356 infamiam
1139 3290 1316 3355 Saxoniae
1341 3289 1507 3368 carmina,
1533 3289 1608 3370 qui·

328 3398 396 3459 bus
421 3398 585 3461 omnibus
610 3399 804 3463 Lutherani
828 3409 953 3463 contra
977 3399 1141 3463 Sanctam
1166 3397 1294 3462 Sedem
1319 3406 1355 3461 et
1371 3395 1464 3460 SD.
1480 3392 1524 3459 N.
1541 3416 1609 3477 pro

330 3504 597 3586 consuetudine,
620 3509 814 3570 abutuntur
837 3518 875 3569 ut
899 3505 1061 3570 Saxones
1076 3507 1112 3570 in
1136 3526 1218 3569 suas
1242 3514 1362 3588 partes
1386 3503 1607 3585 protrahant.

329 3610 388 3674 Sic
405 3612 465 3675 ille
481 3614 634 3695 populus
658 3613 759 3676 vafer
781 3622 888 3695 atque
906 3614 1018 3676 solers
1043 3614 1107 3675 hos
1131 3610 1309 3675 benefitiis
1334 3609 1491 3690 attrahit,
1517 3608 1608 3673 alios

329 3720 411 3781 odio
436 3728 574 3801 avocat,
599 3720 688 3784 alios
711 3721 815 3783 bonis
838 3721 1124 3783 adversariorum
1148 3719 1303 3797 inescat,
1327 3715 1416 3780 alios
1439 3717 1607 3779 libertate

329 3828 453 3907 donat,
484 3827 572 3891 alios
596 3828 750 3910 denique
774 3828 961 3910 voluptate
992 3828 1188 3906 demulcet,
1220 3835 1255 3887 ut
1283 3823 1427 3886 difficile
1460 3822 1505 3885 sit
1538 3822 1608 3885 illis

329 3933 434 3996 etiam
459 3954 547 3996 saxa
570 3933 746 3999 resistere.
794 3933 866 3997 Sed
889 3944 993 4016 petra
1016 3932 1171 3996 iustitiae
1196 3930 1359 3995 Saxones
1384 3950 1478 4010 suos,
1502 3928 1563 4010 qui
1587 3950 1609 3991 a

330 4039 426 4104 Saxo
450 4060 578 4104 nomen
604 4061 787 4123 accepere,
812 4040 1037 4104 miserebitur
1061 4049 1098 4103 et
1121 4039 1260 4101 tutabit.
1312 4036 1515 4101 Paternitas
1546 4044 1609 4099 tua

329 4168 374 4211 ne
388 4147 554 4211 innoxius
570 4149 725 4231 populus
742 4150 833 4210 ultra
849 4148 1036 4210 damnetur
1051 4147 1204 4221 curabit3
1230 4164 1299 4226 ego
1316 4147 1394 4207 Deo
1415 4143 1607 4206 adiuvante

331 4254 483 4318 efficiam
499 4265 537 4317 ut
554 4254 710 4319 Saxonia
726 4255 826 4337 fides,
851 4254 1068 4335 obedientia,
1084 4256 1190 4336 zelus,
1207 4250 1361 4316 charitas
1376 4251 1414 4314 in
1430 4249 1608 4313 Christum

330 4372 365 4426 et
389 4360 555 4426 Sanctam
573 4361 701 4426 Sedem
716 4362 1025 4446 perspicacissima
1046 4368 1293 4442 cognoscatur.
1334 4358 1464 4420 Valeat
1486 4358 1608 4420 Pater-

329 4469 421 4532 nitas
445 4469 522 4532 Tua
546 4479 581 4532 et
605 4468 658 4533 sui
675 4470 791 4532 Lunni
816 4469 1007 4551 aliquando
1031 4468 1239 4531 recordetur
1263 4476 1299 4529 et
1323 4465 1608 4528 commendatum

328 4578 469 4639 habeat.
530 4576 582 4639 Ex
627 4576 877 4659 Norneburgst
912 4576 948 4638 in
994 4574 1237 4657 penetralibus
1279 4570 1457 4636 Saxoniae
1499 4570 1607 4634 Anno

328 4683 536 4749 MDXXHI
559 4685 716 4747 Kalend.
764 4682 930 4765 Augusti.

488 4812 519 4862 P.
541 4811 571 4857 T.
791 4807 905 4868 lumbi
924 4805 958 4870 fit
977 4806 1105 4870 Suillium
1122 4806 1167 4877 li„
1187 4809 1356 4875 Praepositus
1375 4807 1571 4858 Hildesemens.
