3559 5734
852 515 1099 573 ΗΒΒΟΗῊ

335 658 439 736 pulus
463 658 627 721 conferre
651 659 831 723 faciamus.
886 662 1086 725 Dummodo
1115 662 1363 727 liberalitatem
1389 662 1494 727 Sedis
1520 664 1611 745 Apo·

334 763 459 827 stolice
494 764 529 826 in
570 767 700 830 nostris
735 768 827 830 votis
864 789 933 849 que
967 768 1061 832 idem
1098 769 1366 834 Commissarius
1403 771 1449 833 ad
1484 768 1614 833 Sedem

335 870 579 952 Apostolicam
616 873 732 936 defert
772 875 1010 956 experiamur.
1067 875 1136 956 Qui
1175 876 1281 939 etiam
1325 897 1389 940 nos
1432 899 1479 941 ex
1512 886 1615 959 parte

335 974 542 1042 Sanctitatis
575 993 694 1045 vestre
723 982 858 1049 monuit
892 983 985 1065 quod
1015 1003 1135 1046 curam
1166 983 1408 1051 ecclesiastice
1440 984 1615 1048 libertatis

333 1104 442 1166 agere
466 1088 647 1152 vellemus.
695 1088 916 1152 NovitDeus
934 1090 1155 1171 quantumin
1180 1112 1222 1153 ea
1239 1102 1341 1174 parte
1361 1091 1612 1172 laboravimus,

334 1204 421 1272 quot
454 1195 603 1258 bellicos
640 1197 790 1259 sudores
826 1205 951 1259 contra
990 1197 1247 1260 atrocissimum
1282 1197 1445 1262 Ecclesia
1477 1200 1616 1262 hostem

335 1299 588 1364 Christiernum
613 1304 725 1367 Dacia
749 1324 872 1385 regem
897 1303 1139 1386 sustinuimus,
1164 1326 1267 1386 quem
1292 1306 1435 1369 tandem
1460 1305 1539 1369 Deo
1564 1327 1615 1368 as·

334 1406 480 1471 sistente
506 1410 699 1475 devicimus
724 1422 759 1474 et
783 1432 804 1479 a
824 1412 946 1493 regnis
970 1412 1249 1493 Aquilonaribus
1273 1412 1475 1479 deiecimus,
1520 1411 1613 1483 Nam

334 1514 425 1578 sicut
449 1537 539 1579 nunc
565 1518 615 1580 ita
639 1517 744 1581 etiam
769 1540 790 1581 a
813 1518 988 1601 principio
1013 1518 1117 1600 regni
1139 1520 1251 1582 nostri
1275 1540 1346 1582 non
1370 1519 1483 1582 minus
1497 1519 1616 1587 Eccle-

335 1621 386 1684 sie
410 1644 515 1704 quam
540 1645 671 1688 c01one
696 1626 870 1689 rationem
894 1626 1091 1707 habuimus,
1116 1625 1233 1709 parati
1249 1625 1347 1709 prius
1367 1636 1520 1689 mortem
1541 1647 1616 1691 sus·

335 1728 481 1794 tinuisse
525 1751 629 1813 quam
673 1732 805 1795 occisio
840 1733 1236 1797 Reverendissimorum
1274 1731 1532 1816 Episcoporum
1574 1753 1617 1795 ac

334 1836 482 1900 aliorum
506 1837 688 1902 Ecclesiae
713 1842 930 1923 prelatorum
952 1840 1187 1929 pereundam
1204 1839 1315 1903 Dacia
1330 1857 1453 1920 regem
1475 1849 1618 1929 patrata

332 1942 444 2006 inulta
458 1944 653 2009 mansisset.
684 1946 729 2008 Et
742 1946 823 2031 quia
839 1946 1040 2011 libertatem
1063 1944 1224 2009 Ecclesia
1248 1954 1302 2009 tot
1324 1945 1493 2026 periculis
1507 1966 1614 2031 pepe·

332 2049 441 2119 rimus
481 2073 557 2115 eam
588 2074 811 2135 nequaquam
850 2052 997 2137 infringi
1035 2052 1229 2137 patiemur,
1269 2053 1461 2116 dummodo
1500 2051 1617 2118 Sedes

334 2158 545 2239 Apostolica
569 2163 659 2224 tales
681 2161 872 2243 episcopos
896 2181 962 2249 per
985 2171 1099 2224 terras
1132 2170 1273 2227 nostras
1306 2160 1526 2223 ordinaverit
1558 2161 1618 2243 qui

334 2264 405 2329 suis
436 2265 605 2331 limitibus
636 2268 795 2337 contenti
830 2288 958 2350 pacem
991 2276 1027 2330 et
1062 2266 1289 2337 concordiam
1323 2266 1416 2329 inter
1453 2268 1618 2333 subditos

333 2382 474 2435 nostros
498 2385 689 2455 procurent
714 2385 750 2438 et
772 2384 938 2447 servent3
963 2374 1106 2437 fuerant
1130 2372 1223 2439 enim
1246 2373 1489 2457 superioribus
1513 2374 1619 2439 annis

334 2480 441 2559 (quod
476 2480 640 2544 dolenter
674 2481 890 2565 referrimus)
933 2481 1091 2545 nonnulli
1128 2480 1300 2562 Episcopi
1332 2480 1516 2544 nobiscum
1556 2481 1619 2564 qui

333 2585 446 2667 magis
462 2588 507 2650 ad
521 2589 635 2669 patrie
648 2590 954 2671 perturbationem
967 2608 1073 2673 quarn
1086 2590 1132 2651 ad
1149 2588 1463 2651 conservacionem
1480 2588 1617 2652 christi-

333 2712 400 2755 ane
424 2694 607 2778 religionis
638 2696 819 2758 constituti
850 2696 1084 2776 videbantur,
1116 2697 1162 2757 ob
1191 2715 1340 2778 quorum
1375 2694 1617 2769 temeritatem

333 2810 404 2863 tam
425 2802 670 2866 ecclesiastica
694 2803 850 2889 dignitas
874 2824 980 2884 quam
1012 2800 1182 2866 secularis
1215 2810 1376 2887 potestas
1400 2802 1436 2867 in
1461 2823 1617 2879 summas

333 2907 552 2973 calamitates
583 2909 771 2976 ceciderat.
827 2910 966 2992 Quibus
996 2907 1162 2992 periculis
1196 2929 1267 2971 non
1299 2907 1500 2972 dubitamus
1530 2908 1618 2993 quin

334 3014 525 3081 Beatitudo
550 3016 681 3080 Vestra
705 3039 811 3100 quam
834 3038 956 3080 omnes
991 3026 1027 3080 et
1050 3036 1090 3081 re
1114 3024 1150 3080 et
1182 3015 1325 3078 nomine
1358 3015 1619 3081 sanctissimam

334 3122 521 3203 predicant
545 3144 732 3188 occurrere
756 3125 852 3207 velit,
876 3124 1125 3188 constituendo
1146 3121 1250 3185 nobis
1267 3121 1456 3204 episcopos
1478 3120 1540 3203 qui
1565 3122 1619 3187 ita

334 3230 485 3295 ecclesie
517 3230 720 3297 libertatem
756 3232 953 3295 defendant
989 3231 1085 3313 quod
1127 3250 1259 3293 corone
1303 3228 1403 3311 regie
1442 3228 1480 3291 in
1516 3230 1618 3292 nullo

335 3348 505 3411 noceant;
530 3340 627 3419 quod
650 3360 720 3402 non
745 3339 826 3402 ideo
844 3338 997 3421 petimus
1012 3336 1114 3419 quasi
1129 3337 1302 3399 vellemus
1317 3335 1443 3399 tollere
1467 3335 1619 3401 liberam

336 3443 586 3527 episcoporum
610 3445 870 3509 ordinationem
894 3466 915 3508 a
938 3443 1137 3507 Sanctitate
1153 3452 1273 3505 vestra
1290 3461 1359 3523 que
1374 3440 1443 3507 iam
1467 3442 1618 3513 sanctis·

335 3550 431 3614 simis
456 3553 528 3615 suis
556 3553 713 3616 moribus
738 3552 933 3617 Ecclesiam
959 3551 1089 3614 Christi
1118 3560 1155 3612 ut
1185 3547 1410 3631 percepimus
1432 3546 1619 3630 reformat,

333 3659 397 3720 sed
421 3669 459 3724 ut
482 3657 618 3725 firmam
641 3659 830 3722 amicitiam
855 3679 923 3740 que
948 3660 1015 3723 hac
1039 3665 1252 3741 tempestate
1276 3655 1368 3717 inter
1383 3654 1480 3717 viros
1503 3658 1619 3720 eccle·

333 3763 496 3829 siasticos
520 3786 562 3829 ac
587 3768 765 3830 seculares
789 3768 896 3830 valde
919 3764 1121 3829 necessaria
1146 3773 1210 3844 est,
1236 3771 1496 3827 connectamus.
1544 3760 1619 3845 Qui

332 3891 419 3933 varo
445 3873 547 3936 nobis
570 3875 664 3955 grati
689 3882 724 3939 et
747 3873 909 3937 Ecclesia
932 3873 1036 3936 utiles
1060 3882 1163 3936 erunt
1187 3871 1274 3933 satis
1293 3868 1511 3933 ostendimus
1535 3889 1618 3951 pre-

333 3977 408 4041 fato
434 3980 576 4047 domino
601 3981 754 4061 Johanni
780 3981 900 4044 Gotho
924 3979 961 4045 S.
985 3979 1030 4041 V.
1054 3981 1187 4061 legato,
1211 3976 1267 4039 cui
1291 3976 1326 4039 in
1351 3975 1512 4039 omnibus
1537 3995 1618 4041 nos-

333 4086 397 4149 tris
413 4086 567 4168 nagotiis
584 4098 619 4150 et
635 4088 882 4152 vacationibus
898 4086 1136 4150 Ecclesiarum
1161 4105 1238 4147 eam
1255 4082 1360 4147 fidem
1385 4082 1482 4164 apud
1507 4079 1618 4149 Sanc-

333 4201 405 4255 tam
441 4191 572 4257 Sedem
605 4194 851 4276 Apostolicam
881 4193 958 4256 dari
991 4193 1142 4275 petimus
1174 4211 1242 4273 que
1273 4188 1375 4253 nobis
1408 4190 1503 4272 apud
1535 4209 1620 4259 eam

334 4300 525 4381 agentibus
549 4311 778 4384 prestaretur.
826 4302 860 4364 Is
885 4301 978 4365 enim
1009 4309 1119 4363 totam
1152 4307 1306 4362 mentem
1334 4305 1491 4363 nostram
1519 4296 1620 4363 circa

333 4412 463 4471 bonam
488 4408 783 4473 reformacionem
811 4408 995 4471 Ecclesiae
1019 4406 1250 4488 Aquilonaris
1279 4412 1509 4486 perceperat,
1540 4413 1619 4468 tan·

333 4530 478 4597 tumque
502 4515 586 4578 fidei
610 4516 706 4598 apud
731 4515 806 4578 eius
829 4515 1038 4578 industriam
1062 4512 1266 4595 reponimus
1291 4511 1386 4593 quod
1410 4510 1520 4593 ipsius
1542 4531 1619 4575 mo·

335 4623 516 4685 deracioni
541 4632 651 4686 totum
676 4624 817 4707 pondus
831 4621 1057 4687 reformande
1081 4618 1240 4685 Ecclesia
1262 4639 1330 4701 per
1344 4627 1459 4685 terras
1474 4627 1619 4685 nostras

334 4752 355 4793 a
379 4730 415 4794 S.
441 4729 484 4793 V.
510 4729 680 4792 committi
704 4730 889 4807 vellemus,
913 4727 1064 4790 firmiter
1087 4726 1191 4789 nobis
1214 4727 1406 4788 suadentes
1429 4725 1525 4807 quod
1548 4745 1620 4807 per

334 4857 413 4900 eum
438 4836 565 4918 religio
589 4835 781 4905 christiana
803 4836 1059 4897 incrementum
1082 4832 1170 4898 felix
1195 4831 1365 4925 suscipiat
1388 4843 1424 4894 et
1447 4830 1484 4895 S.
1509 4830 1619 4896 Sedis
