3559 5734
777 497 1023 583 essese-2

260 640 363 705 vobis
388 643 606 717 transmitto;
632 645 754 725 quanti
778 646 926 727 periculi
952 648 997 710 sit
1014 647 1088 709 eius
1104 657 1272 711 contenta
1296 657 1332 709 et
1355 646 1538 709 materiam

259 746 296 809 in
321 750 449 830 vulgus
473 752 578 832 prodi
603 763 722 815 vestre
747 774 897 817 censure
921 764 957 816 et
980 754 1110 816 iudicio
1141 753 1227 816 duxi
1258 753 1539 835 relinquendum.

262 854 470 919 Verendum
495 866 548 921 est
572 859 638 922 nisi
670 880 815 924 cesaree
844 861 1038 924 maiestatis
1069 860 1281 925 auctoritate
1310 860 1468 923 censuris
1503 871 1542 923 et

261 962 363 1043 penis
387 963 587 1028 huiusmodi
612 968 804 1048 dampnate
829 978 864 1030 et
888 968 1032 1050 pessimi
1057 968 1212 1049 exempli
1237 968 1436 1031 libellorum
1468 967 1539 1030 edi·

262 1068 379 1133 tiones
403 1080 438 1133 et
463 1071 524 1134 illa
547 1072 772 1155 imprimendi
797 1075 941 1139 lieentia
965 1086 1001 1139 et
1032 1076 1165 1139 effrene
1196 1075 1469 1157 bibliopolarum
1503 1075 1541 1137 li-

260 1179 418 1240 bertates
451 1179 705 1262 adhibeantur,
745 1181 901 1263 pessima
935 1203 1075 1264 queque
1107 1191 1221 1245 tractu
1254 1182 1423 1263 temporis
1456 1181 1542 1244 inde

261 1294 442 1349 eventura.
490 1286 661 1367 Quamvis
697 1291 741 1351 de
771 1310 946 1371 prospero
979 1310 1144 1353 successu
1175 1311 1232 1352 res
1263 1298 1384 1352 nostre
1415 1298 1543 1352 contra

262 1390 385 1455 Gallos
399 1394 638 1475 expeditionis
655 1396 759 1459 michi
777 1398 936 1479 quotidie
952 1399 1144 1462 secundum
1158 1417 1317 1459 rumores
1331 1396 1541 1476 afferuntur,

260 1500 426 1563 desidero
450 1510 568 1564 tamen
594 1523 735 1584 quoque
761 1525 805 1566 ex
831 1505 1028 1586 prestantia
1052 1515 1170 1568 vestra
1187 1504 1387 1586 intelligere
1412 1504 1542 1586 quoin

261 1613 355 1668 statu
379 1627 437 1669 res
461 1608 557 1671 curie
581 1609 774 1691 imperialis
799 1622 1006 1691 versentur,
1030 1622 1099 1694 que
1123 1612 1194 1673 illic
1219 1632 1313 1674 nova
1337 1611 1472 1674 feratur
1496 1611 1543 1673 de

262 1714 440 1777 horrenda
464 1716 659 1797 irruptione
684 1716 916 1781 infidelissimi
949 1720 1060 1782 hostis
1091 1719 1282 1782 christiane
1313 1717 1397 1781 fidei
1429 1727 1465 1780 et
1495 1718 1543 1781 de

262 1820 340 1883 aliis
365 1821 453 1884 scitu
479 1822 596 1905 dignis
621 1845 690 1905 que
713 1824 809 1888 licite
833 1826 940 1889 scribi
964 1835 1122 1908 possunt.

352 1928 426 1993 Oro
450 1929 604 1993 vicissim
628 1952 683 1993 me
708 1932 895 1995 certiorem
920 1934 1071 1997 reddere
1088 1932 1204 1997 velitis
1230 1942 1394 2014 preterea
1419 1934 1541 2013 benig·

263 2035 408 2098 nitatem
433 2048 587 2100 vestram
613 2049 795 2102 exoratam
821 2039 915 2103 facio
939 2061 1009 2123 quo
1033 2062 1075 2103 ea
1100 2061 1168 2122 que
1193 2061 1263 2102 non
1288 2041 1396 2121 longe
1429 2060 1451 2101 a
1481 2040 1540 2101 ba-

264 2142 365 2205 silica
388 2143 423 2206 in
448 2144 570 2206 Husen
596 2155 699 2208 extra
723 2166 841 2209 muros
866 2147 1154 2210 Wormacienses
1179 2147 1245 2209 sita
1272 2167 1339 2209 una
1360 2145 1542 2208 familiari·

263 2259 336 2312 tate
361 2251 569 2315 contulimus
593 2252 664 2315 fida
689 2254 858 2318 memoria
881 2255 1016 2318 habere
1036 2254 1122 2317 velit
1147 2262 1182 2317 et
1211 2263 1248 2316 ut
1272 2263 1353 2315 tunc
1371 2249 1544 2332 temporis

262 2356 355 2419 inter
378 2379 443 2421 nos
467 2368 627 2441 tempore
653 2360 819 2423 abitionis
851 2370 886 2424 et
917 2382 1078 2424 recessus
1109 2361 1219 2423 nostri
1252 2358 1430 2442 peramice
1460 2378 1541 2420 con·

262 2476 407 2543 ventum
431 2477 486 2529 est
509 2487 575 2549 pro
600 2489 678 2530 mea
701 2468 873 2551 singulari
898 2488 986 2551 erga
1001 2489 1065 2531 vos
1090 2467 1219 2530 fiducia
1242 2488 1301 2530 res
1325 2486 1421 2529 meas
1445 2464 1543 2545 apud

263 2572 451 2636 Cesaream
467 2574 691 2637 Maiestatem
708 2575 898 2638 Dominum
913 2585 1071 2639 nostrum
1095 2574 1386 2658 gloriosissimum
1410 2575 1543 2634 ducere

263 2678 506 2743 sollicitandas
538 2690 574 2744 et
608 2683 871 2762 promovendas
908 2704 977 2766 que
1015 2682 1120 2745 michi
1159 2700 1246 2763 erga
1288 2679 1544 2743 humanitatem

263 2795 420 2849 vestram
444 2787 564 2850 veniet
598 2788 809 2851 amicissime
838 2798 874 2852 et
907 2790 1030 2853 summi
1060 2789 1168 2853 officii
1204 2792 1283 2852 loco
1315 2786 1543 2849 demerenda.

264 2893 350 2956 Cum
373 2893 441 2956 hiis
464 2894 567 2964 vobis
591 2895 663 2957 vite
687 2906 799 2958 status
822 2906 861 2958 ut
884 2897 1066 2978 regiminis
1082 2896 1312 2960 festivitatem
1336 2903 1543 2977 peroptans,

263 3001 317 3063 Ex
343 3001 476 3082 oppido
501 3012 622 3065 nostro
648 3003 803 3065 Zoibveu
828 3003 940 3067 Nonis
965 3002 1187 3085 Septembris
1211 3023 1303 3066 anno
1328 3001 1510 3064 MDXXI.

814 3127 990 3200 wilffinus,
1011 3139 1062 3185 Dei
1081 3136 1166 3199 gratia
1184 3136 1324 3199 episcopus
1344 3133 1507 3195 Argentinus

989 3225 1161 3290 Alsatiaeque
1180 3224 1364 3286 Lantgravius.

802 3408 862 3420 ψΜ
865 3408 895 3417 ve
902 3406 1007 3417 «mmmm

866 3639 939 3701 122.

646 3773 825 3852 Aloanda
860 3770 1172 3852 Vioeoanoellario.

693 3920 834 3991 mutua
858 3917 1122 3988 demean-1³6.)

744 4048 779 4101 [Q.
799 4040 961 4105 Septembris
983 4037 1069 4106 1521.)

355 4175 474 4257 Dopoi
498 4178 531 4238 le
556 4175 624 4237 mie
649 4177 737 4238 altre
761 4175 882 4238 scritte
915 4174 934 4236 a
966 4172 1002 4236 di
1033 4173 1093 4235 doi
1126 4174 1185 4235 del
1217 4180 1401 4253 presente,
1431 4168 1465 4230 io
1493 4170 1543 4230 ho

267 4284 357 4348 fatto
381 4287 501 4345 buona
524 4281 751 4364 inquisitione
787 4282 823 4344 di
847 4281 1013 4344 intender
1036 4301 1136 4343 come
1171 4278 1200 4342 si
1224 4287 1329 4360 porta
1354 4277 1546 4340 Antwersa

268 4393 325 4454 nel
349 4391 438 4453 fatto
464 4391 509 4453 de
533 4390 681 4468 Luther‚
713 4399 749 4452 et
782 4398 885 4453 trovo
911 4390 976 4451 che
1000 4387 1125 4451 invero
1150 4387 1170 4448 l'
1187 4385 1366 4449 universal
1389 4390 1481 4446 tutto
1505 4403 1544 4444 se

267 4510 373 4581 porta
395 4496 586 4561 benissimo
611 4505 749 4559 eccetto
773 4495 890 4558 alcuni
914 4493 1129 4558 Mercatanti
1152 4492 1214 4556 alti
1238 4490 1413 4572 Alamani,
1438 4498 1474 4553 et
1497 4491 1543 4551 al·

268 4605 350 4668 cuni
373 4604 509 4668 marani
532 4603 557 4666 li
582 4604 678 4686 quali
702 4603 830 4666 dicono
865 4612 901 4665 et
932 4601 1041 4664 fanno
1077 4621 1145 4683 pur
1180 4602 1330 4682 qualche
1362 4598 1481 4681 pazzia
1509 4596 1544 4658 in

267 4713 371 4776 favor
394 4712 431 4775 di
454 4712 589 4773 Luther
617 4711 676 4774 del
708 4711 774 4773 che
804 4710 914 4773 Cesar
945 4708 965 4771 e
998 4711 1069 4771 ben
1100 4706 1276 4771 advertito
1308 4716 1344 4769 et
1371 4707 1418 4768 ha
1451 4703 1545 4767 forte

268 4820 384 4885 animo
409 4818 510 4885 farne
534 4818 671 4900 grande
697 4816 983 4880 demostratione.
1030 4816 1092 4880 Ma
1106 4835 1171 4899 per
1189 4814 1345 4879 Consilio
1370 4812 1406 4874 di
1429 4809 1544 4893 questi
