3559 5734
709 561 956 621 a<3171ss>n

189 709 298 784 fatto:
324 713 389 774 che
413 712 483 775 Dio
507 712 656 793 perdoni
682 734 701 774 a
726 712 841 775 chilo
866 716 1028 793 goberna
1053 710 1088 774 di
1113 712 1162 774 tal
1187 722 1302 785 sorte;
1334 711 1404 774 imo
1438 712 1472 774 lo

191 823 409 883 subverteno
443 830 478 882 et
510 820 764 900 destruggeno
821 819 895 882 Che
927 840 965 882 se
998 819 1042 882 V.
1081 816 1117 881 S.
1149 819 1224 880 R¹¹²⁸
1255 820 1406 881 vedesse
1440 821 1474 881 le

190 948 274 991 cose
299 947 400 991 come
423 946 542 989 vanno
567 929 776 990 restarebbe
801 925 969 1007 attonita,
1004 946 1075 988 non
1106 928 1172 989 che
1205 925 1473 1007 maravigliosa:

193 1036 236 1097 nd
268 1055 306 1097 se
329 1034 538 1116 meraveglii
568 1035 625 1096 del
650 1036 719 1097 mal
744 1034 842 1097 exito
866 1034 962 1096 della
987 1054 1070 1096 cosa
1094 1043 1215 1096 nostra
1246 1034 1377 1113 perche
1403 1054 1472 1096 non

192 1163 231 1204 se
259 1144 483 1223 potrebbeno
515 1141 606 1204 tenir
640 1163 704 1223 per
741 1150 907 1224 questoro
939 1140 1104 1222 poggiori
1137 1140 1271 1221 meggi,
1305 1153 1472 1222 quantum

192 1250 331 1312 interim
350 1250 469 1313 dicant
486 1271 523 1311 se
541 1250 702 1311 miranda
721 1249 852 1328 facere,
878 1249 969 1311 adeo
994 1257 1032 1310 ut
1047 1248 1113 1310 nisi
1139 1248 1256 1310 omnia
1280 1249 1372 1310 malo
1391 1249 1473 1311 dolo

192 1356 325 1420 faciant
349 1357 456 1419 facile
479 1358 697 1438 persuadear
729 1366 765 1419 et
789 1366 827 1417 ut
852 1356 994 1418 credam
1026 1354 1124 1435 ipsos
1156 1375 1234 1416 esse
1265 1375 1335 1417 non
1361 1358 1474 1419 solum

192 1464 333 1526 timidos
357 1483 480 1526 verum
505 1463 610 1526 etiarn
626 1462 797 1544 stupidos.
835 1461 904 1525 Gis
928 1465 960 1524 el
980 1463 1082 1524 Duca
1106 1460 1249 1523 Saxone
1271 1462 1474 1544 triumphat,

194 1581 330 1653 regnat,
355 1570 507 1653 imperat
532 1580 567 1632 et
590 1569 626 1633 fa
651 1590 751 1633 come
776 1570 824 1632 lui
845 1571 927 1631 vole
943 1579 1065 1632 contra
1079 1568 1148 1631 Dio
1166 1578 1201 1630 et
1218 1578 1342 1632 contra
1358 1591 1474 1652 rason,

195 1688 231 1740 et
253 1687 351 1741 tanto
377 1678 436 1761 piri
462 1677 570 1759 dopoi
595 1677 660 1740 che
686 1678 729 1739 lo'
749 1679 875 1741 elletor
900 1676 1199 1757 Brandemburgh
1224 1697 1245 1738 a
1269 1677 1474 1740 dechiarato

195 1807 216 1869 a
239 1786 347 1848 Cesar
372 1786 408 1847 di
433 1785 532 1847 voler
557 1783 611 1846 far
635 1783 834 1866 parentado
864 1785 922 1845 del
946 1783 1184 1864 primogenito
1210 1804 1273 1846 suo
1298 1805 1376 1846 curn
1401 1784 1473 1848 Ma-

195 1894 295 1955 dame
327 1892 456 1955 Renee
500 1893 631 1954 sorella
669 1891 762 1954 della
804 1891 930 1973 regina
970 1890 1275 1970 christianissima,
1316 1892 1474 1972 perilche

194 2001 252 2082 qui
277 2021 315 2062 se
340 1999 435 2062 tiene
461 2020 590 2061 ancora
614 1999 673 2080 piir
699 2007 804 2061 conto
829 1998 889 2060 del
917 1996 1063 2060 Saxone
1089 1999 1154 2060 che
1179 1998 1310 2079 prima3
1336 2020 1391 2061 ma
1422 2021 1474 2062 sa·

194 2109 307 2189 piino‚
339 2117 378 2169 ut
402 2127 471 2189 ego
496 2106 570 2168 dixi
602 2104 767 2187 privatim
791 2104 945 2168 Domino
976 2106 1020 2167 de
1045 2105 1216 2167 Chievres
1246 2105 1315 2168 iam
1346 2109 1475 2169 multos

196 2216 288 2295 dies,
321 2217 388 2278 che
412 2215 440 2276 si
466 2195 730 2277 troverabbeno
754 2212 902 2294 gabbati
927 2212 962 2274 di
987 2222 1112 2294 questo
1138 2212 1242 2274 Duca
1266 2222 1300 2274 et
1324 2212 1475 2295 principi

194 2324 229 2385 di
255 2324 465 2402 Alemagna
491 2331 527 2384 et
552 2321 642 2383 sicut
667 2320 741 2382 dixi
774 2319 906 2383 factum
937 2321 1111 2382 hactenus
1143 2328 1224 2396 est,'
1246 2328 1282 2382 et
1306 2319 1335 2381 si
1359 2330 1473 2382 trova-

194 2450 306 2493 ranno
331 2429 416 2510 ogni
442 2429 475 2490 dl
500 2427 635 2511 peggio
660 2425 688 2490 si
720 2448 784 2508 per
817 2448 914 2490 esser
947 2429 1019 2489 tale
1050 2425 1073 2488 il
1098 2429 1203 2489 modo
1229 2427 1263 2488 di
1288 2427 1405 2489 diaete
1440 2427 1476 2489 di

9 2505 10 2548 l
101 2577 103 2580 -
195 2538 414 2618 Alemagna,
439 2535 467 2599 sl
491 2536 622 2617 perche
660 2545 826 2618 questoro
852 2536 971 2597 hauno
1001 2543 1126 2595 tenuto
1161 2533 1220 2615 piri
1253 2545 1358 2597 conto
1391 2536 1475 2598 delli

192 2645 325 2707 homini
351 2646 417 2707 che
443 2645 488 2705 de
511 2643 580 2705 Dio
612 2653 647 2705 et
676 2644 763 2723 pero
793 2641 967 2704 Dominus
998 2641 1033 2703 in
1067 2640 1176 2702 coelis
1209 2641 1371 2704 irridebit
1402 2663 1474 2705 eos.

194 2753 288 2816 Baso
312 2752 363 2834 gli
389 2749 475 2813 SS¹¹¹i
495 2750 591 2832 piedi
616 2750 651 2811 di
676 2750 717 2811 N.
743 2749 779 2811 S.
805 2758 840 2811 et
865 2749 900 2811 di
926 2749 970 2811 V.
996 2747 1021 2810 S
1058 2748 1152 2811 Rma
1176 2750 1209 2809 le
1234 2770 1334 2812 sacre
1369 2748 1473 2812 mani.

194 2860 416 2922 Wormatiae
441 2859 533 2920 XVI
559 2857 693 2939 Aprilis
718 2856 901 2919 MDXXl.

804 3383 856 3451 65.

447 3511 626 3592 lleaurler
654 3510 785 3614 Magno
814 3508 1035 3591 Gnueellario
1063 3508 1220 3611 Imperii.

662 3658 762 3729 ruunt
781 3658 870 3717 Gom.
889 3656 920 3714 L.
940 3656 1010 3729 204.)

599 3778 689 3846 (Circa
709 3780 777 3826 diem
802 3779 839 3826 ιο.
860 3778 964 3842 Aprilis
987 3777 1073 3843 1521.)

284 3926 362 3988 Illme
377 3927 455 3986 Due
469 3923 647 3985 Commen.
673 3920 782 4002 Quasi
797 3919 1028 4002 presagiebat
1049 3919 1131 3981 mihi
1155 3919 1290 3981 animus
1303 3917 1380 3981 sore
1394 3930 1431 3981 ut
1445 3919 1474 3982 si

200 4054 252 4094 res
275 4044 397 4095 nostra
428 4030 503 4092 istis
532 4029 751 4111 principibus
783 4038 818 4088 et
842 4027 985 4108 populis
1015 4035 1275 4107 proponeretur
1309 4027 1366 4087 vel
1403 4046 1473 4088 non

199 4141 407 4203 assentirent
432 4138 608 4200 Caesarae
633 4135 830 4214 Maiestati,
863 4136 919 4195 vel
945 4133 1133 4213 negocium
1158 4132 1474 4213 procrastinarent‚

200 4251 288 4328 quod
321 4246 499 4329 posterius
531 4247 577 4307 ab
607 4243 694 4326 ipsis
727 4241 857 4304 tentari
890 4242 960 4304 iarn
996 4241 1064 4303 iam
1101 4263 1121 4302 a
1154 4260 1285 4321 magno
1321 4240 1474 4320 quodam

202 4354 360 4435 Principe
385 4351 555 4414 intellexi.
594 4351 708 4431 Quum
725 4360 843 4412 tamen
868 4347 1019 4410 subinde
1041 4368 1177 4409 mecum
1193 4357 1319 4427 reputo
1344 4358 1475 4427 quanta

198 4460 383 4542 prudentia
413 4470 448 4521 et
472 4460 619 4520 consilio
646 4457 883 4520 Illustrissima
900 4455 1104 4517 Dominatio
1119 4455 1195 4516 Tua
1220 4475 1276 4516 res
1301 4464 1336 4515 et
1360 4474 1476 4534 regna

199 4569 247 4630 sui
277 4566 453 4647 Principis
483 4574 613 4628 tractet
646 4574 681 4627 et
712 4565 924 4641 moderetur,
956 4562 992 4624 in
1024 4581 1188 4643 magnam
1221 4582 1320 4642 spem
1355 4562 1475 4641 erigor

199 4697 264 4738 non
289 4694 474 4757 passuram
499 4693 575 4735 eam
601 4673 672 4735 ullo
697 4680 806 4753 pacto,
829 4679 867 4730 ut
892 4669 1045 4731 Cesarea
1070 4666 1263 4731 auctoritas
1287 4668 1371 4729 nihil
1397 4689 1474 4730 sen-

198 4784 383 4846 tentiarum
406 4790 467 4844 aut
486 4790 650 4843 votorum
667 4778 886 4842 subditorum
911 4776 1111 4858 principum
1127 4774 1303 4856 indigens
1329 4774 1474 4836 diminu-

200 4905 272 4953 atur
296 4903 329 4954 et
357 4892 463 4951 rebus
488 4886 671 4950 Pontificis
694 4886 763 4949 imo
782 4884 899 4948 verius
924 4885 1148 4946 orthodoxae
1172 4882 1255 4943 fidei
1281 4891 1316 4945 et
1340 4881 1474 4946 christi-
