3559 5734
691 552 749 606 0*-3
787 554 823 607 85
862 552 920 604 ΞΜ

166 699 365 780 inhoneste,
397 720 464 781 pur
496 721 561 781 per
584 700 748 763 satisfare
772 721 794 763 a
810 700 942 762 Cesare
966 708 1002 760 et
1025 719 1047 759 a
1071 697 1129 759 voi
1155 695 1235 758 altri
1257 695 1447 758 voluntieri

165 817 252 870 tutto
276 807 306 869 si
331 808 349 869 ὲ
373 807 475 870 fatto

250 913 350 977 Bene
376 914 515 977 Valete.

251 1021 456 1085 Florentiae
479 1020 584 1084 tertia
609 1021 728 1083 Martii
753 1019 938 1083 MDXXI.

1168 1105 1387 1176 saturnum,

1136 1199 1202 1247 Vice
1222 1197 1411 1247 Cancellarius.

252 1271 387 1354 (Tertia
410 1270 530 1333 Martii
560 1290 652 1350 1521.
682 1271 761 1353 XI.)

775 1699 829 1765 34.

510 1817 642 1897 lotulu
669 1816 847 1896 mittenda
876 1816 922 1895 sd
949 1815 1110 1896 Nuntios.

619 1965 703 2033 (Auta
720 1963 856 2022 wormat
874 1962 920 2022 rot
939 1963 992 2030 lt.)

254 2096 293 2157 In
319 2093 441 2175 primis
465 2094 723 2155 advertendum
746 2092 887 2153 videtur
912 2092 1008 2172 quod
1033 2089 1126 2153 circa
1145 2091 1338 2154 adventum
1356 2092 1448 2152 Mar·

163 2202 226 2265 tini
251 2201 512 2283 respondeatur
532 2198 730 2261 Caesareae
745 2197 925 2261 Maiestati
949 2201 1045 2280 quod
1069 2200 1114 2260 de
1138 2198 1213 2261 iure
1238 2208 1371 2260 certum
1398 2209 1451 2261 est

164 2310 262 2391 quod
283 2329 354 2371 non
379 2308 528 2370 deberet
551 2305 665 2369 audiri
688 2326 752 2368 nec
778 2305 897 2368 dicere
922 2325 1064 2369 causam
1088 2305 1154 2368 nisi
1178 2305 1213 2367 in
1238 2305 1450 2391 carceribus,

165 2415 352 2499 presertim
377 2415 632 2476 condemnatus
656 2434 677 2474 a
693 2410 788 2475 Sede
805 2413 1016 2495 Apostolica
1041 2423 1076 2476 et
1100 2434 1201 2477 sacro
1218 2411 1352 2476 Senatu
1370 2414 1450 2476 Car·

164 2524 336 2586 dinalium
361 2532 396 2585 et
420 2520 593 2583 universis
616 2520 786 2601 praelatis
802 2534 941 2583 necnon
958 2520 1134 2604 religiosis
1150 2540 1451 2603 quorumcumque

164 2631 328 2693 ordinum
354 2626 463 2691 Urbis
486 2627 637 2689 Romae.
679 2626 783 2708 Quod
808 2627 837 2690 si
861 2638 1091 2691 revocaretur
1113 2630 1150 2690 in
1175 2628 1319 2690 dubium
1335 2637 1450 2690 utrum

164 2736 344 2802 sententia
359 2734 464 2798 Sedis
480 2733 711 2815 Apostolicae
735 2736 828 2798 bene
852 2737 909 2798 vel
935 2737 1026 2799 male
1049 2737 1332 2814 condemnasset,
1357 2744 1451 2798 esset

163 2844 288 2908 venire
313 2851 437 2905 contra
461 2840 718 2923 Hieronymum
741 2841 778 2903 in
802 2841 975 2923 Epistolis
999 2844 1044 2904 ad
1065 2842 1257 2904 Damasum
1282 2842 1343 2904 ubi
1367 2841 1451 2904 dicit

164 2975 202 3016 se
218 2970 362 3033 semper
377 2938 558 3012 remittere
581 2949 626 3010 ad
650 2948 816 3011 iudicium
831 2948 937 3012 Sedis
955 2949 1201 3032 Apostolicae3
1226 2960 1321 3013 esset
1345 2950 1460 3013 etiam.

163 3059 289 3122 venire
314 3065 438 3120 contra
462 3056 622 3135 concilia,
652 3057 860 3138 praesertim
885 3068 1010 3120 contra
1027 3056 1209 3138 Nicenurn,
1235 3056 1333 3120 cuius
1357 3057 1450 3140 capi-

164 3169 239 3228 tula
263 3164 452 3247 originalia
476 3163 583 3226 missa
606 3173 686 3225 sunt
710 3164 864 3227 Romam
889 3163 1075 3244 Silvestro,
1100 3174 1137 3226 ut
1160 3163 1272 3227 refert
1293 3165 1447 3226 Athana-

164 3274 237 3336 sius
261 3272 297 3334 in
323 3271 475 3353 epistola
498 3271 544 3331 ad
559 3270 719 3333 Marcum
738 3271 888 3352 Papam;
915 3280 951 3333 et
974 3270 1159 3334 concilium
1184 3272 1450 3333 Calcedonense

166 3380 302 3443 rettulit
335 3397 374 3440 se
405 3378 450 3440 ad
484 3376 695 3440 sententiam
720 3377 879 3459 Leonis,
898 3381 1016 3459 quoad
1049 3400 1092 3441 ea
1123 3398 1214 3460 quae
1247 3387 1328 3440 sunt
1355 3377 1449 3441 fidei.

164 3487 280 3550 Multa
304 3494 385 3548 sunt
415 3484 541 3547 similia
574 3504 665 3566 quae
695 3495 844 3567 possunt
868 3485 1012 3559 adduci;
1044 3485 1133 3548 alias
1155 3485 1287 3548 frustra
1318 3484 1449 3547 dictum

163 3593 292 3656 fuisset
304 3593 413 3654 Petro
437 3600 476 3653 ut
499 3602 663 3672 pasceret
688 3612 784 3671 oveS,
809 3592 944 3656 frustra
967 3593 1075 3656 etiam
1100 3592 1278 3656 diceretur
1292 3591 1452 3655 Ecclesia

166 3699 266 3762 Petri
291 3698 465 3776 navicula,
490 3698 519 3759 si
536 3698 662 3760 Petrus
686 3697 735 3760 ibi
760 3697 845 3761 nihil
870 3700 1021 3762 haberet
1044 3699 1139 3780 iuris,
1163 3699 1295 3762 frustra
1318 3708 1353 3762 et
1369 3719 1452 3762 arca

165 3807 261 3885 Noe,
297 3805 362 3868 nisi
386 3805 464 3868 Noe
496 3815 591 3867 esset
615 3804 786 3868 dominus.
834 3806 967 3868 Videat
991 3827 1079 3889 ergo
1104 3806 1258 3871 Cesarea
1281 3806 1452 3869 Maiestas

166 3917 233 3976 sub
258 3913 357 3975 cuius
380 3912 496 3994 clipeo
521 3921 593 3975 tam
611 3911 772 3975 Christus
796 3932 900 3993 quam
926 3912 1001 3976 eius
1025 3912 1185 3976 Ecclesia
1202 3934 1241 3976 se
1257 3912 1452 3976 defendunt

165 4022 200 4083 in
234 4041 305 4103 quo
337 4022 416 4083 loco
448 4029 558 4102 ponat
582 4020 776 4083 Ecclesiam
809 4031 968 4084 sanctam
992 4021 1060 4084 Dei
1085 4030 1121 4084 et
1145 4022 1239 4103 quod
1264 4041 1391 4083 nomen
1416 4021 1451 4083 in

166 4127 344 4210 principio
368 4126 529 4189 culminis
553 4126 746 4208 imperialis
770 4126 887 4190 sortiri
912 4127 1008 4190 velit.
1061 4127 1105 4190 Et
1129 4146 1206 4189 cum
1230 4127 1281 4189 rei
1296 4137 1367 4189 tam
1384 4129 1450 4189 cla·

166 4257 229 4299 rae
254 4245 291 4297 et
314 4235 476 4297 notoriae
500 4234 686 4297 differatur
703 4236 878 4316 executio,
902 4234 1037 4316 liquido
1055 4243 1206 4317 apparet
1222 4234 1257 4295 in
1275 4242 1451 4296 conuentu

167 4342 427 4406 Germanorum
452 4342 583 4404 nullam
600 4362 678 4404 esse
694 4341 787 4403 inter
802 4330 864 4404 eos
881 4342 1116 4405 concordiam.
1154 4342 1331 4404 Advertat
1345 4341 1454 4423 igitur

167 4451 278 4513 Cesar
295 4449 409 4531 qualis
433 4449 466 4512 ei
478 4458 668 4530 prestetur
693 4448 898 4511 obedientia
922 4460 957 4512 et
980 4452 1045 4511 sub
1061 4470 1130 4530 quo
1147 4448 1249 4513 freno
1266 4459 1363 4510 tenet
1378 4449 1451 4511 Ro-

167 4576 310 4619 manum
325 4556 525 4638 Imperium,
550 4576 628 4618 cum
644 4555 825 4617 Maiestati
849 4575 934 4619 suae
958 4556 993 4618 in
1019 4555 1194 4618 communi
1211 4555 1392 4618 Ecclesiae
1417 4567 1453 4617 et

166 4662 307 4745 imperii
337 4683 377 4725 ac
407 4662 560 4725 omnium
594 4644 871 4725 christianorum*
896 4684 1004 4727 causa
1027 4672 1098 4726 tam
1120 4664 1346 4744 impudenter
1370 4662 1452 4725 resi·

168 4770 281 4833 stitur.
330 4768 369 4833 Si
393 4790 479 4833 vero
504 4790 549 4832 ex
576 4768 787 4832 Lutheranis
812 4769 920 4851 aliqui
945 4773 1010 4833 sub
1034 4777 1203 4852 pretextu
1227 4769 1453 4832 vitandorum

168 4879 417 4939 scandalorum
441 4877 590 4939 suadere
615 4877 737 4938 volent
752 4876 896 4939 Caesari
921 4877 1153 4940 differendam
1177 4897 1254 4941 esse
1274 4875 1452 4940 executio-
