3559 5734
831 540 1043 594 4436&

294 700 428 751 temere
464 698 500 750 et
535 687 642 768 impie
677 689 818 769 prolata
855 686 1163 769 perturbationum
1202 707 1309 749 causa
1348 687 1382 749 in
1419 688 1580 750 Ecclesia

295 796 447 875 fuerant,
471 797 633 858 consulte
650 814 691 856 ac
717 795 913 875 prudenter
936 803 975 856 ut
999 793 1226 856 christianum
1252 795 1356 856 decet
1381 808 1580 873 revocaret,

295 902 451 984 alioquin
486 913 524 965 ut
559 901 761 965 haereticus
794 904 840 965 ab
874 902 1037 964 omnibus
1068 901 1173 963 vitari
1204 913 1240 963 et
1270 900 1387 982 puniri
1418 903 1579 977 deberet,

295 1019 400 1090 prout
424 1010 459 1072 in
484 1009 625 1085 nostris,
649 1008 684 1071 in
710 1009 838 1090 quibus
863 1009 1038 1071 voluimus
1062 1008 1158 1089 quod
1180 1006 1321 1069 litterae
1338 1007 1437 1088 ipsae
1454 1009 1490 1071 in
1505 1029 1578 1073 cer-

294 1118 338 1178 tis
372 1116 531 1179 ecclesiis
558 1117 733 1198 publicari
759 1116 950 1193 deberent,
983 1116 1122 1196 plenius
1147 1115 1358 1177 continetur.
1407 1116 1581 1179 Volentes

294 1224 403 1305 igitur
434 1233 472 1286 ut
501 1224 641 1286 litterae
673 1232 817 1285 nostrae
849 1222 1056 1304 praedictae
1090 1222 1125 1284 in
1150 1222 1218 1284 illis
1243 1222 1405 1303 partibus
1427 1223 1581 1286 fideliter

294 1330 520 1413 publicentur
545 1341 580 1393 et
603 1329 639 1392 in
664 1329 715 1392 eis
739 1338 909 1393 contenta
930 1328 1135 1393 executioni
1149 1329 1293 1392 debitae
1310 1331 1580 1411 demandentur,

294 1460 336 1501 ac
361 1448 540 1502 sumentes
565 1437 598 1500 in
624 1448 685 1500 tua
707 1437 900 1518 prudentia
926 1437 960 1498 in
985 1436 1106 1498 arduis
1124 1440 1358 1518 comprobata
1375 1447 1410 1499 et
1426 1458 1580 1519 persona

295 1558 355 1608 tua
379 1544 647 1627 quamplurimis
663 1545 852 1607 virtutibus
867 1544 1037 1624 insignita
1052 1541 1212 1605 fidutiam
1229 1542 1264 1605 in
1282 1544 1360 1606 Deo
1378 1546 1581 1626 specialem,

294 1667 330 1715 te
355 1673 433 1715 cum
458 1651 708 1714 benedictione
733 1651 826 1713 illius
850 1652 948 1732 cujus
971 1652 1069 1713 vices
1093 1650 1126 1712 in
1153 1650 1257 1713 terris
1281 1651 1437 1731 gerimus
1461 1664 1497 1715 et
1521 1655 1580 1733 qui

295 1778 414 1823 curam
432 1758 554 1840 gregis
570 1758 624 1821 sui
641 1758 743 1822 nobis
761 1757 981 1821 committere
999 1757 1166 1838 dignatus
1184 1765 1247 1837 est,
1272 1759 1318 1820 ad
1338 1758 1580 1822 charissimum

295 1869 329 1930 in
346 1866 487 1931 Christo
511 1863 620 1928 filium
645 1875 804 1928 nostrum
822 1865 987 1928 Carolum
1004 1864 1250 1926 Romanorum
1275 1872 1310 1925 et
1327 1864 1580 1946 Hispaniarum

295 1994 418 2057 regem
453 1974 666 2037 catholicum
699 1971 734 2034 in
767 1972 1023 2053 Imperatorem
1058 1972 1209 2033 electum
1242 1982 1276 2033 et
1307 1970 1409 2034 Sacri
1439 1973 1581 2054 Imperii

296 2086 470 2145 electores
494 2100 688 2161 omnesque
706 2080 921 2143 Germaniae
946 2080 1081 2141 Bassae
1105 2088 1142 2141 et
1165 2080 1259 2142 altae
1284 2079 1472 2161 episcopos
1488 2081 1580 2162 prin·

296 2190 393 2271 cipes
424 2192 578 2252 barones
609 2188 842 2250 comunitates
874 2199 910 2250 et
941 2187 1126 2248 universos
1157 2187 1338 2267 praelatos
1370 2196 1405 2249 et
1435 2189 1481 2250 ad
1511 2189 1581 2251 alia

296 2301 375 2358 loca
398 2297 442 2357 ad
468 2315 560 2376 quae
584 2304 620 2356 te
644 2295 824 2357 declinare
849 2293 1050 2374 contigerit,
1073 2292 1242 2355 Nuntium
1266 2303 1301 2356 et
1325 2302 1503 2356 oratorem
1522 2315 1580 2356 no·

296 2413 405 2465 strum
429 2401 597 2465 mittimus
606 2450 613 2480 ,
647 2401 874 2483 injungentes
898 2400 961 2462 tibi
986 2411 1025 2462 ut
1049 2400 1178 2463 Carolo
1203 2401 1280 2481 regi
1306 2413 1341 2462 et
1365 2401 1581 2465 electoribus

297 2531 337 2571 ac
363 2508 441 2573 aliis
465 2508 686 2591 principibus
711 2518 746 2571 et
770 2506 940 2589 praelatis
965 2506 1139 2587 praefatis
1164 2517 1286 2569 nostro
1311 2508 1453 2570 nomine
1482 2529 1580 2590 prae·

297 2618 427 2680 dictum
445 2627 568 2680 contra
585 2615 776 2679 Martinum
794 2615 927 2678 editum
944 2625 979 2677 et
996 2615 1083 2677 alias
1099 2616 1335 2678 credentiales
1353 2616 1489 2678 litteras
1505 2637 1580 2679 nos-

299 2742 370 2788 tras
393 2735 558 2805 patentes
582 2744 623 2786 ac
648 2734 806 2787 nostram
831 2734 984 2785 mentem
1010 2723 1080 2784 illis
1101 2722 1338 2785 communices
1356 2724 1580 2803 quemadmo-

298 2834 379 2894 dum
410 2851 589 2913 propensa
621 2841 675 2893 est
710 2831 756 2893 ad
787 2829 871 2893 fidei
910 2830 1106 2893 catholicae
1140 2850 1282 2892 causam
1307 2829 1582 2909 defendendam,

298 2959 491 3019 eorumque
524 2937 658 3001 auxilia
691 2938 737 2999 ad
769 2939 861 3000 hanc
885 2936 980 3018 piam
1015 2948 1050 2999 et
1081 2937 1318 2999 necessariam
1346 2935 1414 2998 Dei
1439 2957 1581 3001 causam

297 3046 465 3128 implores
495 3046 803 3127 persuadeasque,
836 3055 872 3106 et
900 3043 1098 3106 rationibus
1130 3044 1193 3106 tibi
1227 3043 1320 3105 notis
1344 3043 1505 3123 indutus,
1539 3066 1582 3108 ac

298 3153 456 3215 cordium
473 3171 616 3215 suorum
632 3150 730 3215 fores
757 3150 899 3214 assidue
914 3150 1058 3231 pulsare
1074 3170 1145 3213 non
1162 3150 1314 3213 desistas
1336 3161 1374 3213 ut
1390 3149 1582 3215 Martinum

298 3260 412 3341 ipsum
445 3259 580 3322 hortari
611 3258 723 3322 velint
752 3269 791 3320 ut
822 3257 968 3339 cognita
1001 3257 1154 3320 veritate
1184 3258 1230 3320 ad
1260 3269 1393 3321 rectam
1420 3258 1581 3322 semitam

298 3368 440 3431 tandem
466 3368 591 3430 redeat
615 3376 651 3428 et
674 3366 775 3447 hujus
796 3366 951 3428 Sanctae
973 3364 1078 3427 Sedis
1102 3366 1278 3427 mandatis
1301 3378 1438 3446 pareat.
1477 3364 1582 3446 Quod

299 3475 327 3536 si
350 3475 494 3555 iecerit,
519 3474 620 3536 verbi
645 3472 841 3536 Salvatoris
866 3472 978 3535 nostri
1003 3493 1187 3550 memores,
1212 3473 1271 3554 qui
1298 3493 1368 3536 non
1393 3474 1469 3536 vult
1495 3493 1582 3536 mor·

298 3594 368 3644 tem
403 3580 621 3663 peccatoris,
654 3582 718 3643 sed
750 3590 788 3641 ut
816 3589 1044 3641 convertatur
1076 3588 1113 3640 et
1135 3579 1251 3660 vivat,
1285 3591 1321 3643 et
1345 3582 1440 3661 quod
1464 3582 1584 3661 angeli

299 3687 413 3768 magis
444 3688 604 3769 gaudent
636 3688 681 3749 de
717 3707 786 3749 uno
819 3696 1010 3768 peccatore
1044 3686 1089 3748 ad
1121 3685 1379 3767 poenitentiam
1412 3689 1585 3751 redeunte

301 3814 405 3874 quam
436 3795 481 3855 de
506 3804 646 3855 centurn
668 3792 789 3874 justis,
822 3792 883 3874 qui
908 3801 944 3854 et
967 3792 1052 3855 alibi
1076 3803 1198 3856 monet
1221 3795 1412 3856 habentem
1441 3802 1584 3856 centum

300 3922 386 3964 oves
419 3900 448 3963 si
479 3921 584 3987 unam
615 3921 661 3963 ex
694 3900 763 3963 illis
792 3898 989 3981 perdiderit
1013 3899 1243 3962 dimittendas
1277 3920 1355 3964 esse
1389 3900 1585 3983 nonaginta

301 4027 428 4070 novem
452 4007 487 4069 in
512 4007 656 4069 deserto
681 4017 717 4069 et
741 4006 791 4069 ire
816 4008 862 4067 ad
886 4006 983 4068 illam
1008 4025 1099 4086 quae
1125 4007 1280 4088 perierat
1304 4009 1419 4070 donec
1440 4008 1585 4071 invene·

302 4115 345 4176 rit
370 4135 460 4193 eam,
485 4115 636 4176 eundem
661 4112 851 4176 Martinum
876 4114 923 4175 ad
947 4112 1099 4195 gratiam
1124 4124 1162 4174 ut
1192 4116 1336 4176 charum
1365 4114 1474 4177 filiurn
1499 4115 1584 4178 reci·

301 4222 449 4302 piemus,
464 4220 650 4303 ipsumque
666 4219 861 4282 honoribus
877 4239 1191 4302 recognoscemus;
1212 4221 1353 4299 sivero,
1369 4224 1465 4302 quod
1481 4222 1585 4303 absit,

301 4347 422 4389 eorum
455 4336 490 4389 et
521 4336 644 4389 nostra
677 4326 811 4389 monita
844 4326 975 4407 exequi
1007 4327 1224 4407 neglexerit,
1256 4348 1396 4390 omnem
1420 4348 1525 4409 opem
1550 4342 1586 4392 et

302 4453 449 4515 operam
474 4433 680 4517 impendere
705 4443 740 4496 et
764 4432 947 4511 adhibere,
971 4443 1078 4514 teque
1102 4453 1168 4515 pro
1187 4434 1320 4496 viribus
1333 4436 1458 4516 juvare
1476 4437 1586 4500 velint

303 4554 349 4615 ut,
375 4543 449 4623 ejus
466 4541 667 4604 temeritate
683 4543 866 4624 depressa,
891 4541 1064 4604 adversus
1080 4553 1150 4604 tam
1175 4541 1381 4623 pestiferum
1406 4543 1585 4606 hominem

303 4650 469 4710 mandata
494 4658 616 4711 nostra
640 4648 770 4729 exequi
795 4650 936 4730 valeas,
969 4648 1153 4730 cupientes
1178 4661 1214 4711 et
1239 4659 1372 4712 tantam
1396 4650 1514 4712 labem
1540 4672 1583 4713 ex

303 4754 464 4834 partibus
497 4753 566 4818 illis
600 4755 791 4834 eradicari,
825 4765 860 4818 et
891 4775 935 4818 ea
962 4753 1115 4818 infectos
1139 4755 1271 4835 corrigi
1296 4776 1337 4818 ac
1362 4776 1501 4819 errores
1525 4758 1583 4819 hu-

299 4861 451 4943 jusmodi
485 4862 669 4943 extirpari,
704 4873 740 4925 et
773 4872 977 4945 opportuna
1000 4862 1158 4925 remedia
1183 4862 1363 4941 adhiberi,
1395 4874 1586 4945 antequam
