3559 5734
712 545 960 607 aomo-0

197 694 233 757 di
257 697 339 777 quel
362 695 495 778 Regno
519 699 566 760 de
589 697 810 780 importanza
832 719 905 762 nm
925 697 1062 762 restino
1086 696 1122 759 in
1143 717 1248 759 mano
1273 696 1318 759 de
1333 694 1476 758 Picardi

197 822 306 866 oveto
330 805 481 886 suspetti
505 804 540 867 di
565 806 683 886 quella
705 804 873 886 factione,
897 825 1000 868 come
1022 807 1058 867 al
1079 814 1248 886 presente
1266 821 1386 882 erano,
1410 802 1477 865 che

198 910 340 992 quando
365 910 389 973 il
413 911 472 974 Re
495 910 533 974 fu
558 911 594 974 in
617 911 766 975 Boemia
789 932 857 975 con
880 914 990 975 multe
1005 909 1074 974 arti
1087 918 1125 972 et
1138 928 1206 972 oon
1215 908 1347 973 danari
1360 916 1476 971 otten-

199 1037 292 1079 neno
317 1020 383 1080 che
411 1017 498 1081 detti
530 1017 639 1081 officii
674 1018 704 1082 si
739 1022 926 1083 levasseno
964 1020 1011 1081 da
1043 1015 1233 1081 Christiani
1270 1025 1305 1079 et
1336 1015 1477 1079 iussero

199 1123 272 1185 dati
295 1125 383 1203 loru,
408 1134 443 1186 et
467 1121 536 1188 Dio
561 1125 711 1207 perdoni
736 1124 838 1188 achi
862 1147 907 1189 ne
931 1124 970 1188 fu
994 1123 1155 1207 cagione,
1179 1144 1217 1187 se
1241 1124 1276 1187 lo
1292 1122 1478 1204 meritano,

200 1240 236 1292 et
259 1250 327 1293 con
352 1230 542 1294 lauthoritd
567 1233 611 1295 de
635 1232 883 1315 Strigoniense
914 1233 944 1295 si
977 1231 998 1295 ὲ
1026 1241 1176 1314 operato
1200 1232 1280 1294 chel
1304 1231 1404 1294 detto
1427 1250 1480 1293 se-

201 1337 352 1401 cretario
384 1340 402 1402 e
438 1339 571 1421 partito
603 1339 638 1402 di
669 1360 739 1422 qua
769 1341 830 1403 alli
862 1339 959 1402 XIX
993 1342 1086 1404 bene
1120 1339 1292 1421 expedito
1322 1337 1359 1400 in
1388 1344 1480 1400 tutto

201 1445 362 1525 segondo
387 1448 453 1509 che
486 1446 746 1509 desideravano
777 1447 814 1509 di
845 1447 1002 1511 maniera
1032 1448 1098 1509 che
1129 1467 1200 1509 non
1231 1445 1263 1508 ci
1295 1445 1388 1508 vedo
1419 1443 1479 1526 piu

205 1553 331 1616 alcuno
362 1552 631 1635 impedimento,
663 1563 699 1616 et
731 1553 834 1617 stimo
871 1555 951 1620 chel
980 1554 1131 1636 rispetto
1165 1551 1200 1615 dl
1229 1552 1344 1635 questi
1372 1549 1481 1615 officii

203 1659 255 1721 sia
279 1668 372 1721 stata
396 1661 431 1722 la
453 1659 638 1743 potissima
662 1660 813 1742 cagione
838 1661 873 1724 di
899 1670 1024 1744 questa
1048 1660 1230 1728 dilatione.

293 1766 339 1828 Et
364 1786 403 1829 se
428 1767 448 1830 ὲ
480 1767 587 1830 lecito
618 1778 764 1850 captare
796 1770 916 1832 omina
948 1769 983 1833 io
1013 1769 1035 1833 1²
1053 1771 1100 1831 ho
1128 1770 1237 1832 molto
1269 1788 1334 1850 per
1362 1770 1483 1830 buono

202 1873 327 1935 chela
352 1892 435 1936 cosa
459 1874 512 1938 sia
535 1873 668 1937 reiecta
692 1877 736 1938 ad
762 1876 855 1939 diem
885 1876 1131 1940 conversionis
1157 1873 1280 1955 Pauli,
1313 1876 1349 1936 la
1379 1874 1482 1955 quale

203 1985 275 2041 cosl
300 1999 401 2043 come
431 1980 468 2043 fu
491 1981 703 2045 miraculosa
728 1993 764 2045 et
788 1982 823 2045 di
847 1984 957 2046 molto
981 2003 1146 2045 successo
1170 1981 1207 2044 in
1223 1979 1384 2044 Ecclesia
1405 1978 1483 2058 Dei,

204 2089 276 2148 cosl
301 2088 367 2149 che
391 2086 471 2150 sara
496 2098 620 2169 questa
645 2091 814 2153 condutta
838 2110 910 2153 non
934 2110 1000 2172 per
1023 2089 1198 2153 industria
1226 2109 1247 2153 o
1271 2107 1398 2169 sapere
1422 2086 1482 2149 hu·

204 2213 327 2272 mano,
351 2214 409 2257 ma
431 2214 496 2276 per
525 2195 646 2259 divina
669 2197 889 2279 operatione,
915 2207 1030 2260 attesa
1054 2198 1088 2259 la
1111 2195 1258 2259 volunta
1282 2202 1318 2257 et
1340 2193 1484 2257 fervore

204 2301 271 2363 che
296 2300 425 2364 dicono
450 2321 570 2365 essere
593 2302 628 2364 in
655 2305 771 2385 quelle
795 2304 895 2387 genti
921 2304 956 2367 ui
982 2312 1106 2386 questa
1135 2323 1219 2366 cosa
1249 2301 1286 2366 la
1318 2301 1422 2383 quale
1446 2299 1484 2362 in

205 2406 319 2489 questi
345 2407 455 2490 tempi
479 2410 544 2471 che
569 2410 703 2473 ardeno
729 2412 773 2473 de
797 2412 937 2474 heresie
955 2412 1045 2474 deve
1063 2431 1182 2475 essere
1206 2418 1306 2473 tanto
1329 2408 1390 2492 pib
1415 2428 1484 2469 ma·

206 2514 412 2597 ravigliosa,
436 2515 471 2577 di
496 2516 562 2579 che
587 2517 749 2580 laudetur
772 2518 870 2580 Deus
893 2519 1027 2580 Potens
1050 2516 1086 2580 in
1110 2516 1278 2599 operibus
1301 2515 1385 2578 suis.

295 2620 337 2683 El
368 2624 467 2685 detto
499 2621 702 2687 Secretario
731 2625 811 2687 sara
842 2628 876 2687 al
908 2624 1035 2705 giorno
1066 2625 1212 2687 statuito
1243 2623 1277 2687 in
1312 2622 1420 2685 Dieta
1450 2630 1485 2685 et

207 2728 286 2790 dice
311 2730 436 2791 chela
461 2731 590 2792 durera
614 2730 732 2811 alpib
761 2733 871 2813 longo
902 2730 1018 2813 giorni
1043 2731 1146 2811 XIV,
1175 2751 1219 2793 ne
1249 2731 1284 2792 la
1317 2730 1421 2812 quale
1451 2729 1486 2790 la

207 2835 321 2917 prima
344 2856 429 2899 cosa
453 2835 600 2900 risoluta
623 2839 703 2900 sara
728 2840 773 2901 de
797 2840 831 2900 la
854 2837 938 2901 fede
962 2846 999 2901 et
1022 2840 1153 2902 unione
1183 2846 1219 2901 et
1250 2839 1317 2900 che
1340 2837 1485 2916 deputa·

208 2962 333 3022 ranno,
358 2942 437 3005 anci
464 2944 530 3005 che
554 2945 655 3026 quasi
684 2965 705 3006 a
738 2957 839 3027 quest
871 2946 960 3008 hora
991 2947 1111 3008 banno
1136 2943 1306 3026 deputati,
1332 2945 1365 3005 el
1388 2942 1487 3005 detto

208 3048 311 3112 Duca
334 3049 439 3112 Carlo
465 3053 544 3132 quel
570 3049 703 3133 Signor
727 3052 846 3115 Leone
882 3064 918 3114 et
950 3072 1020 3115 uno
1053 3053 1099 3114 de
1130 3052 1238 3132 quelli
1271 3050 1307 3113 di
1335 3050 1486 3112 Presten

208 3176 275 3218 con
308 3156 424 3218 alcuni
460 3156 541 3219 altri
576 3160 686 3222 buoni
716 3171 751 3221 et
783 3159 948 3221 catholici
980 3158 1171 3222 Christiani
1199 3178 1263 3238 per
1300 3156 1432 3219 oratori
1466 3176 1488 3218 a

208 3272 334 3344 questa
366 3262 503 3326 Maesta
536 3275 570 3327 et
606 3286 627 3328 a
662 3286 717 3328 me
750 3285 815 3347 per
849 3266 1063 3328 concludere
1101 3285 1168 3328 con
1207 3267 1242 3327 la
1270 3264 1370 3326 sedia
1404 3283 1487 3345 apo·

207 3369 333 3431 stolica
362 3383 486 3451 questa
516 3370 645 3435 unione
674 3383 710 3435 et
739 3370 840 3434 finita
871 3375 970 3435 detta
1001 3372 1096 3434 dieta
1124 3371 1158 3433 in
1189 3371 1291 3434 diece
1315 3369 1433 3452 giorni
1457 3369 1486 3432 si

209 3486 435 3540 metteranno
473 3477 508 3539 in
549 3477 673 3541 ordine
710 3489 746 3541 et
780 3479 814 3541 in
849 3480 929 3542 altri
959 3478 1061 3541 diece
1090 3499 1112 3540 o
1141 3478 1215 3540 XII
1244 3497 1396 3541 saranno
1430 3481 1488 3558 qul

211 3593 247 3646 et
270 3587 343 3647 cosl
376 3584 411 3645 al
443 3582 513 3647 fine
547 3584 581 3646 di
617 3584 761 3647 febraro
798 3598 975 3667 potranno
1011 3605 1130 3647 essere
1166 3582 1244 3668 qui,
1281 3594 1317 3647 et
1351 3585 1488 3647 bench&

210 3700 336 3773 questo
359 3692 503 3754 tardare
527 3701 628 3755 tanto
651 3714 706 3756 me
731 3692 940 3775 dispiaccia,
973 3714 1041 3776 pur
1071 3713 1137 3776 pro
1167 3713 1206 3756 re
1235 3701 1335 3755 tanto
1368 3712 1424 3754 me
1456 3693 1491 3753 la

211 3818 359 3879 passaro
384 3799 515 3879 meglio
541 3800 621 3862 chio
645 3803 749 3881 potrb
774 3811 809 3863 et
833 3801 866 3862 in
893 3812 1013 3883 tempo
1039 3820 1110 3863 non
1133 3801 1324 3863 mancharo
1345 3798 1381 3860 di
1405 3797 1490 3879 ogni

213 3904 408 3987 diligentia.
456 3906 572 3969 Credo
597 3908 662 3969 che
695 3910 730 3970 la
763 3908 927 3990 maggior
957 3907 1129 3971 difficultu
1160 3908 1239 3970 sara
1269 3907 1314 3969 de
1348 3906 1373 3969 li
1407 3905 1491 3969 beni

212 4012 400 4094 temporali
424 4015 458 4075 al
475 4015 541 4076 che
566 4014 594 4075 si
613 4013 765 4096 pensata
790 4016 825 4075 di
843 4025 1020 4096 oportuno
1037 4014 1198 4093 rimedio,
1222 4014 1359 4076 benche
1375 4013 1409 4076 io
1426 4033 1490 4076 son

213 4122 258 4183 de
283 4119 450 4202 opinione
481 4121 546 4182 che
569 4141 635 4202 per
658 4123 750 4183 bene
774 4141 846 4184 non
871 4121 900 4183 si
933 4122 1067 4185 habbia
1099 4128 1234 4183 restare
1266 4120 1301 4181 di
1334 4120 1491 4182 condure

213 4239 340 4310 questa
364 4247 447 4290 cosa
471 4247 492 4288 a
515 4225 596 4289 fine.
648 4216 749 4290 Sono'
770 4227 917 4306 avisato,
943 4229 1008 4290 che
1033 4227 1087 4292 fra
1110 4228 1187 4290 loro
1210 4247 1256 4289 ne
1271 4228 1431 4308 parlano,
1457 4237 1491 4288 et

213 4335 300 4398 forsi
325 4334 354 4398 si
379 4344 661 4397 contentaranno
686 4338 751 4397 che
775 4334 883 4416 quelli
908 4336 974 4397 che
997 4354 1063 4416 per
1086 4333 1252 4396 scrittura
1275 4354 1296 4395 0
1314 4332 1492 4395 testimoni

214 4464 236 4506 o
264 4443 344 4506 altri
369 4441 571 4506 documenti
595 4441 743 4524 legitimi
767 4461 839 4503 non
863 4461 984 4522 ponno
1000 4450 1173 4504 mostrare
1191 4442 1316 4503 alcuna
1331 4441 1491 4521 ragione,

214 4571 272 4613 ma
295 4570 383 4614 sono
406 4549 494 4614 meri
518 4547 746 4631 occupatori,
770 4547 795 4610 li
819 4547 1086 4628 restituiscan0,
1115 4548 1139 4610 li
1164 4548 1255 4626 altri,
1281 4550 1347 4610 che
1371 4567 1492 4629 ponno

215 4668 387 4721 mostrare
421 4660 455 4720 le
479 4660 557 4721 loro
582 4656 722 4738 ragioni
752 4654 911 4719 habbino
942 4659 1034 4720 altra
1057 4655 1360 4734 consideratione,
1392 4663 1428 4717 et
1458 4655 1493 4716 la

214 4764 380 4847 maggior
403 4775 506 4847 parte
530 4764 677 4827 intendo
703 4763 768 4825 che
792 4762 840 4824 ha
863 4764 977 4827 solum
999 4762 1054 4826 ius
1082 4761 1245 4845 pignoris
1269 4781 1334 4842 per
1369 4759 1491 4823 danari

216 4873 370 4938 sborsati
394 4895 415 4937 a
438 4871 668 4958 Sigismondo
692 4872 923 4956 Imperatore,
949 4879 985 4934 et
1007 4870 1137 4951 perche
1169 4870 1204 4936 lo
1236 4870 1359 4936 valore
1390 4868 1435 4934 de
1467 4866 1491 4932 li
