3559 5734
1363 574 1851 642 &wlff-⁶

331 729 487 795 darn
535 726 838 796 attinere
886 729 1269 796 arbitratus
1314 732 1517 796 fuero
1566 732 1635 797 in
1697 733 1811 797 his
1872 732 2212 817 maxime,
2262 741 2340 797 ut
2380 729 2888 798 molestissimis

332 841 428 903 sic
473 839 1079 921 pernitiosissimis
1126 839 1548 903 rusticorum
1609 840 2112 924 seditionibuS,
2178 862 2354 923 quas
2410 860 2549 923 ego
2603 841 2892 923 pariter,

332 957 491 1030 post
565 947 867 1029 patriam
937 946 1302 1028 infectam,
1382 946 1454 1010 in
1526 948 1945 1031 episcopatu
2003 927 2152 1012 'hoc
2225 969 2388 1030 su0,
2473 967 2732 1028 magna
2800 969 2892 1009 ex

332 1063 531 1145 parte
580 1064 651 1116 et
699 1054 945 1118 videre
996 1064 1065 1116 et
1114 1054 1463 1118 sustinere
1510 1065 1801 1119 coactus
1849 1076 2023 1119 sum.
2095 1056 2338 1136 Atque
2394 1054 2661 1118 utinam
2727 1057 2892 1117 velit

332 1162 524 1223 Deus
573 1161 1042 1244 Omnipotens
1091 1163 1283 1242 quod
1330 1162 1444 1224 hic
1494 1162 1730 1225 omnia
1776 1162 2057 1244 possint
2100 1164 2218 1225 vel
2264 1161 2548 1244 pacari,
2610 1163 2724 1224 vel
2776 1185 2888 1225 ex*

334 1268 582 1349 tingui,
633 1289 823 1351 cura,
872 1268 1106 1332 studio
1156 1278 1228 1330 et
1274 1268 1654 1350 prudentia
1702 1265 2151 1332 Serenissimi
2196 1268 2586 1351 Principis,
2635 1268 2752 1350 qui
2804 1269 2892 1329 ad

334 1376 404 1438 id
451 1375 958 1457 praestandum
1009 1374 1243 1437 omnia
1291 1375 1592 1458 cogitat,
1659 1386 2095 1458 conatusque
2166 1396 2332 1438 suos
2402 1395 2611 1457 quam
2657 1389 2896 1457 potest

336 1482 872 1563 diligentissime
936 1481 1317 1563 impendit,
1388 1484 1577 1563 quod
1639 1483 1698 1545 si
1761 1480 1909 1546 Sua
1976 1479 2344 1546 Serenitas
2405 1484 2622 1565 (quod
2682 1483 2896 1559 absit}

336 1610 479 1653 rem
525 1610 666 1653 non
717 1588 1139 1669 confecerit,
1203 1589 1329 1651 sed
1387 1588 1524 1670 ipsi
1592 1589 1794 1652 oneri
1856 1590 2337 1671 succubuerit,
2402 1599 2635 1652 actum
2682 1591 2896 1670 plane

338 1696 542 1759 video
592 1699 682 1760 de
730 1698 946 1759 rebus
992 1695 1100 1759 his
1148 1695 1582 1759 Tridentinis
1631 1696 1902 1779 pariter
1953 1707 2030 1758 ut
2062 1698 2153 1760 de
2183 1696 2493 1779 reliquiS,
2542 1706 2615 1759 et
2645 1697 2896 1759 eadem

338 1806 632 1885 posthac
699 1804 884 1868 inter
932 1803 1296 1885 proximas
1357 1802 1524 1865 mihi
1586 1804 1911 1867 nationes
1971 1805 2353 1868 metuenda
2402 1814 2627 1866 erunt.
2698 1801 2896 1883 Quae

338 1911 569 1974 omnia
621 1911 797 1974 velit
845 1909 1206 1974 Sanctitas
1253 1909 1514 1972 Vestra
1564 1931 1691 1973 sua
1737 1910 2151 1993 prudentia,
2219 1931 2346 1973 suo
2402 1910 2699 1973 consilio
2743 1929 2896 1991 per=

338 2019 674 2099 pendere,
723 2027 938 2100 atque
986 2016 1420 2100 prospicere,
1469 2029 1543 2080 et
1589 2038 1800 2098 quam
1848 2027 2087 2101 potest
2154 2017 2264 2080 his
2312 2021 2528 2081 rebus
2575 2017 2896 2097 extingu*

342 2124 542 2187 endis
591 2145 799 2207 opem
850 2125 1071 2205 ferre,
1121 2125 1311 2206 quod
1361 2144 1568 2187 nemo
1617 2125 1867 2187 melius
1932 2145 2144 2207 quam
2191 2124 2403 2187 armis
2451 2128 2900 2205 adsequetur,

336 2242 409 2294 ut
456 2232 646 2294 idem
694 2233 1043 2313 Princeps
1099 2229 1607 2294 Serenissimus
1654 2231 1897 2294 facere
1944 2232 2265 2313 instituit,
2314 2232 2373 2295 si
2421 2232 2737 2294 fautores
2784 2233 2896 2293 ha-

337 2339 591 2420 buerit,
627 2349 698 2401 et
729 2358 814 2402 eo
846 2340 1058 2401 modo
1090 2338 1460 2421 continget
1492 2339 1683 2419 quod
1723 2349 1967 2401 vestra
1997 2339 2383 2403 Beatitudo
2415 2340 2580 2400 dum
2612 2338 2900 2401 adiuvat

337 2445 569 2508 aliena
618 2446 754 2508 sibi
799 2445 938 2527 ipsi
986 2447 1344 2526 consulet,
1409 2455 1479 2507 et
1540 2465 1666 2507 sua
1714 2446 2027 2509 tuebitur
2074 2446 2187 2509 cui
2233 2467 2345 2509 me
2395 2455 2469 2509 et
2513 2445 2900 2508 Ecclesiam

342 2550 554 2615 Suam
602 2552 1089 2616 Tridentinam
1135 2572 1346 2635 quam
1395 2552 1700 2615 maxime
1748 2553 2188 2616 commendO.

514 2660 625 2722 Ex
674 2660 923 2743 Rippa
967 2660 1359 2742 penultimo
1406 2658 1580 2721 Maii
1624 2659 2026 2725 MDXXV.

2021 2788 2184 2836 Hum.
2224 2787 2477 2836 Creatura

1848 2877 1906 2925 B.
1949 2877 2101 2941 Eps.
2139 2876 2618 2929 Tridentinus,

1414 3125 1826 3136 mmm

849 3532 1239 3634 Episcopus
1296 3418 1759 3615 Tndenffius
1817 3534 2162 3615 Clementi
2216 3535 2374 3617 VII.

1203 3680 1401 3755 (Epist.
1440 3682 1614 3755 prino.
1650 3682 1753 3741 111.
1792 3682 1884 3742 fol„
1920 3681 2051 3749 28⁷.)

1376 3807 1488 3876 (31.
1528 3812 1662 3861 Maii
1705 3811 1883 3878 1525.)

522 3950 945 4014 Beatissime
1023 3952 1242 4015 Pater
1312 3963 1384 4015 et
1456 3953 1759 4017 Domine
1831 3953 2344 4017 Colendissime
2409 3963 2574 4034 post
2642 3957 2900 4035 perlui-n

353 4056 732 4121 Beatorum
780 4059 1025 4120 oscula
1070 4058 1502 4122 humilimam
1551 4060 2199 4142 comendationem,
2268 4072 2338 4125 et
2405 4063 2903 4144 obsequiorum

349 4164 846 4246 servitutisque
896 4185 1053 4228 mee
1102 4164 1569 4230 oblacionem.

527 4272 810 4352 Quanto
859 4272 1089 4355 magis
1135 4271 1366 4336 animo
1415 4293 1626 4337 verso
1677 4274 1994 4338 debitum
2040 4274 2207 4339 fidei
2264 4286 2336 4339 et
2404 4277 2904 4341 observantiae

354 4398 505 4441 mee
555 4398 731 4460 erga
778 4377 1110 4442 Vestram
1174 4379 1698 4444 Beatitudinem
1765 4391 1839 4445 et
1903 4379 2164 4445 Sedem
2230 4383 2752 4465 Apostolicam,
2820 4405 2904 4445 ec·

357 4485 581 4567 magis
628 4486 945 4548 adducor
980 4496 1056 4547 ut
1104 4485 1281 4549 nihil
1327 4488 1632 4551 debeam
1679 4488 2203 4570 pretermittere
2265 4492 2455 4571 quod
2504 4511 2548 4553 a
2594 4510 2705 4553 me
2772 4493 2904 4553 dici

351 4591 743 4672 prestarive
815 4592 1040 4673 possit
1105 4613 1239 4675 pro
1300 4592 1447 4657 Sua
1522 4615 1679 4658 cum
1740 4595 2239 4660 exhaltacione
2302 4607 2372 4660 et
2436 4599 2709 4659 honore
2764 4609 2908 4661 tum

351 4697 561 4761 etiam
608 4699 1000 4780 reipublice
1049 4701 1354 4763 comodo
1404 4711 1475 4764 et
1524 4715 1979 4782 augumentO.
2027 4702 2246 4765 Novit
2276 4702 2617 4786 imprimis
2649 4703 2908 4766 Vestra

350 4805 733 4869 Beatitudo
802 4805 1024 4888 ipsius
1092 4805 1475 4874 Germanic
1535 4810 1875 4872 tumultus
1940 4818 2014 4872 et
2086 4809 2474 4874 seditiones
2540 4810 2912 4885 inauditas„

350 4932 628 4997 queque
676 4933 768 4976 ex
818 4913 926 4977 his
979 4925 1354 4979 manarunt
1400 4917 1646 5000 cedes,
1718 4916 2090 5002 incendia,
2161 4916 2756 5008 depopulationes
2804 4941 2910 4985 ec·-
