3559 5734
845 515 1075 573 &Duff-0

317 685 387 728 non
413 664 605 728 damnavit.
652 662 697 726 Et
722 666 945 745 superhaec
970 664 1088 727 omnia
1118 663 1154 726 in
1186 663 1327 746 prefata
1357 667 1456 728 bulla
1479 687 1603 729 omnes

317 782 566 855 receptatores
597 771 806 834 defensores
836 772 996 834 fautores
1020 782 1087 835 etc.
1142 772 1287 835 Lutheri
1319 773 1420 854 quasi
1444 774 1602 837 damnati

316 879 502 942 videntur:
528 876 631 941 Sicut
654 888 772 941 autern
797 877 956 940 veridica
979 879 1153 942 relatione
1177 881 1221 941 ad
1247 900 1311 941 nos
1333 880 1522 942 deductum
1548 895 1602 943 est

316 987 412 1067 quod
439 986 533 1048 idem
558 986 736 1048 Lutherus
766 985 802 1048 in
827 983 934 1047 Curia
965 985 1183 1049 invictissimi
1215 997 1250 1047 et
1278 986 1505 1050 sacratissimi
1530 988 1597 1049 Do-

317 1093 401 1156 mini
424 1091 567 1155 Domini
585 1093 703 1154 Caroli
728 1092 890 1155 Caesaris
915 1092 1150 1173 potentissimi
1175 1092 1318 1156 Domini
1342 1102 1378 1154 et
1401 1093 1602 1157 fundatoris

316 1200 427 1263 nostri
453 1199 714 1262 clementissimi
729 1200 784 1261 his
801 1199 928 1261 diebus
953 1198 1058 1261 fuerit
1083 1202 1140 1262 vel
1165 1200 1275 1283 degit,
1300 1200 1345 1263 de
1370 1201 1468 1265 cuius
1492 1202 1598 1264 invic-

315 1307 439 1370 tissimi
463 1306 635 1388 principis
661 1306 809 1369 consilio
838 1316 920 1368 sunt
950 1310 1178 1387 quamplures
1204 1307 1493 1390 Archiepiscopi,
1519 1310 1598 1391 Epi·

317 1414 433 1497 scopi,
466 1414 617 1492 Prelati‚
652 1414 830 1475 Doctores
863 1425 898 1474 et
923 1413 1144 1475 omnifariam
1171 1415 1328 1496 experti,
1362 1415 1482 1497 ibique
1513 1417 1598 1479 nihil

316 1522 463 1602 dignum
495 1532 608 1584 morte
642 1531 701 1582 aut
735 1519 882 1582 infamia
907 1521 1021 1583 eidem
1052 1522 1206 1611 luthero
1231 1534 1347 1584 actum
1374 1543 1463 1603 esse,
1493 1544 1538 1586 ne
1563 1524 1598 1586 in

315 1629 487 1710 praedicti
505 1628 636 1697 domini
652 1628 824 1710 principis
849 1629 959 1690 nostri
973 1630 1143 1709 jacturam
1169 1647 1278 1710 agere
1295 1630 1479 1692 videamur
1495 1630 1600 1692 nobis

315 1756 538 1817 nequaquam
563 1735 670 1797 licere
695 1734 953 1816 precipitanter
976 1735 1135 1798 eiusdem
1156 1736 1327 1817 principis
1350 1739 1462 1800 nostri
1479 1749 1598 1800 mente

315 1864 385 1905 non
410 1844 533 1906 habita
558 1842 773 1924 procedere:
799 1842 843 1904 Et
867 1843 964 1923 quod
987 1842 1080 1904 idem
1105 1843 1261 1922 Joannes
1279 1843 1409 1905 Echius
1424 1844 1597 1907 Nuncium

315 1971 353 2012 se
369 1950 495 2013 asserit
517 1949 762 2031 apostolicum,
788 1951 833 2012 de
858 1950 956 2031 cujus
980 1949 1227 2012 commissione
1245 1951 1289 2011 de
1309 1951 1437 2013 notarii
1455 1972 1598 2033 quoque

315 2069 351 2119 et
389 2056 517 2138 prelati
550 2056 609 2138 qui
633 2067 891 2138 transumptum
921 2056 1162 2119 transmissum
1187 2058 1233 2118 ad
1264 2078 1328 2119 nos
1360 2072 1398 2120 ut
1428 2059 1599 2122 asseritur

313 2164 515 2226 munierunt
534 2164 785 2245 legalitatibus,
813 2163 897 2225 nihil
915 2174 1066 2225 constat.
1099 2163 1214 2244 Quum
1231 2163 1351 2245 itaque
1376 2186 1441 2227 nos
1458 2166 1598 2228 Rector

313 2271 474 2352 prefatus
498 2271 531 2332 in
558 2269 769 2333 consistorio
786 2280 908 2332 nostro
933 2290 998 2351 pro
1014 2271 1219 2351 pluralitate
1233 2283 1397 2335 votorum
1414 2275 1594 2335 concluse·

312 2379 420 2441 rimus
445 2381 491 2439 ob
515 2378 752 2441 reverentiam
779 2376 1006 2440 illustrissimi
1040 2388 1075 2439 et
1099 2377 1324 2441 Invictissimi
1355 2379 1527 2461 principis
1561 2390 1596 2441 et

316 2485 455 2547 Domini
489 2485 600 2548 nostri
625 2483 768 2547 Domini
792 2483 910 2546 Caroli
936 2484 1181 2546 Romanorum
1206 2484 1434 2567 imperatoris
1465 2496 1501 2549 et
1527 2488 1595 2549 Do·

314 2593 395 2655 mini
414 2592 631 2655 Ferdinandi
657 2590 898 2654 Archiducum
926 2591 1092 2653 Austriae
1116 2590 1342 2654 fundatorum
1369 2604 1404 2655 et
1429 2593 1595 2655 Domino·

313 2720 388 2761 rum
414 2708 616 2761 nostrorum
640 2697 994 2761 clementissimorum
1018 2718 1060 2759 ac
1085 2698 1238 2761 omnium
1264 2699 1505 2761 Cardinalium
1531 2702 1594 2762 Ar·

313 2806 621 2888 chlepiscoporum
647 2806 893 2868 Praelatorum
917 2826 959 2869 ac
983 2806 1229 2887 temporalium
1254 2806 1453 2888 principum
1487 2807 1596 2869 totius

314 2912 527 2976 Germaniae
552 2933 596 2975 ne
622 2926 657 2976 et
681 2913 750 2994 ipsi
774 2914 912 2974 macula
937 2932 984 2975 ex
1009 2914 1134 2975 eadem
1158 2915 1255 2974 bulla
1280 2924 1317 2974 ut
1341 2914 1510 2975 asseritur
1534 2926 1595 2975 aut

312 3020 445 3083 fulmen
470 3020 638 3100 sentiant,
664 3040 706 3082 ac
731 3021 778 3081 ob
802 3019 889 3082 alias
914 3040 1040 3082 causas
1074 3030 1109 3081 et
1133 3021 1178 3081 ad
1204 3020 1392 3083 evitandos
1415 3022 1595 3098 tumultus,

312 3129 485 3190 clamores
508 3128 645 3209 populi,
670 3126 864 3188 seditiones
889 3147 981 3207 quae
1005 3147 1069 3207 per
1094 3126 1370 3207 publicationem
1403 3139 1439 3190 et
1468 3148 1594 3190 execu-

311 3235 444 3297 tionem
469 3245 627 3298 nostram
653 3245 690 3295 ut
714 3233 907 3295 timendum
933 3245 986 3295 est
1011 3245 1135 3295 contra
1160 3236 1291 3296 clerum
1315 3235 1501 3315 insurgere
1517 3255 1595 3317 pos·

312 3354 401 3423 sent,
427 3343 616 3423 negocium
641 3343 686 3403 ad
711 3350 850 3422 tempus
874 3341 953 3403 fore
978 3339 1229 3403 differendum:
1261 3354 1448 3424 sperantes
1479 3344 1509 3404 si
1534 3341 1594 3405 Se·

312 3452 376 3512 des
401 3449 611 3531 Apostolica
636 3449 680 3510 de
705 3448 759 3510 his
784 3448 915 3510 nostris
931 3446 1072 3510 motivis
1096 3448 1367 3511 rationabilibus
1391 3449 1499 3511 fuerit
1523 3451 1594 3531 ple-

313 3557 390 3619 nius
415 3556 604 3619 informata
628 3558 759 3618 nullam
785 3555 1067 3637 indignationem
1092 3575 1177 3617 suae
1202 3555 1398 3617 sanctitatis
1423 3576 1488 3619 nos
1513 3577 1594 3619 con·

312 3677 505 3727 tracturos:
531 3665 689 3726 decanus
712 3683 799 3725 vero
825 3673 860 3724 et
883 3661 1045 3743 magistri
1058 3661 1290 3742 Theologiae‚
1316 3663 1516 3743 postposita
1541 3684 1594 3726 or-

312 3771 492 3834 dinatione
524 3770 663 3833 statutis
695 3770 895 3851 privilegiis
926 3781 962 3831 et
993 3769 1309 3831 consuetudinibus
1341 3768 1594 3849 universitatis

311 3899 349 3940 se
374 3888 409 3940 et
434 3898 532 3940 suam
561 3880 767 3940 facultatem
792 3899 813 3938 a
840 3876 944 3939 nobis
969 3885 1005 3939 et
1025 3874 1255 3938 universitate
1280 3876 1443 3957 predicta
1467 3876 1594 3938 divise-

310 3995 392 4047 runt
416 3996 451 4048 et
476 3985 746 4047 declinaverunt
776 4004 841 4065 pro
874 3995 910 4045 ut
942 3983 976 4044 in
1003 3983 1072 4044 alio
1096 4002 1267 4062 processu
1300 3993 1424 4046 contra
1449 3984 1593 4046 eosdem

310 4092 517 4174 'l‘heologos
549 4091 670 4154 forsan
702 4092 902 4154 emanando
941 4090 1079 4170 plenius
1111 4089 1359 4152 continebitur.
1401 4090 1454 4152 Ne
1486 4089 1596 4169 igitur

307 4200 378 4280 jam
403 4185 488 4261 dicti
512 4197 689 4279 Theologi
713 4199 770 4260 vel
796 4198 1008 4279 quicumque
1033 4198 1123 4257 alter
1148 4215 1241 4258 nunc
1273 4206 1335 4258 aut
1369 4197 1403 4257 in
1438 4196 1595 4259 futurum

311 4306 414 4368 nobis
443 4316 479 4367 et
507 4305 728 4368 universitati
762 4305 924 4386 prefatae
957 4302 1101 4384 publice
1135 4304 1192 4364 vel
1226 4305 1364 4365 occulte
1395 4302 1595 4385 impingere

311 4425 458 4495 possent
482 4433 546 4474 nos
572 4421 608 4474 et
625 4411 889 4474 universitatem
916 4410 1023 4474 fuisse
1048 4431 1127 4473 esse
1144 4420 1205 4472 aut
1229 4409 1306 4473 fore
1330 4411 1518 4473 haeresum
1543 4432 1593 4473 er·

310 4539 429 4582 rorum
460 4529 521 4581 aut
552 4539 800 4600 perversorum
830 4521 1037 4600 dogmatum
1068 4526 1273 4598 receptores
1296 4517 1505 4580 defensores
1534 4528 1595 4580 aut

311 4635 555 4708 promotores,
581 4627 691 4689 nostri
717 4636 752 4689 et
777 4625 1018 4688 universitatis
1042 4625 1183 4686 nomine
1208 4643 1249 4685 ac
1275 4622 1427 4686 omnium
1460 4633 1495 4686 et
1526 4623 1593 4686 sin·

312 4735 475 4815 gularum
492 4754 725 4814 personarum
743 4733 846 4795 nobis
862 4742 899 4796 et
918 4730 1125 4814 praedictae
1150 4731 1372 4794 universitati
1397 4731 1592 4813 supposita·

313 4861 389 4905 rum
414 4850 449 4903 et
473 4840 713 4905 obedientium
738 4840 957 4921 nominibus,
987 4838 1192 4903 melioribus
1220 4839 1278 4902 via
1304 4840 1382 4924 jure
1413 4848 1449 4901 et
1478 4837 1595 4902 forma
