3559 5734
681 530 928 600 voror&

768 864 832 930 185
858 825 859 828 Ὺ

598 989 810 1092 Campegius
838 988 1011 1073 Sadoletn.

569 1136 740 1232 (11331131
759 1137 910 1197 German
937 1136 968 1197 L
992 1138 1042 1208 n)

672 1255 710 1324 (5.
729 1258 840 1322 Januar.
863 1255 950 1326 1525.)

319 1388 452 1453 Rever.
477 1390 557 1453 Dne
582 1388 632 1452 uti
655 1389 767 1453 frater
790 1390 872 1455 hon.
898 1388 935 1453 S.

256 1513 362 1595 Dopo
394 1515 428 1576 la
452 1514 576 1597 gionta
607 1514 676 1578 mia
707 1515 765 1597 qui
799 1515 919 1579 scrissi
951 1516 1011 1579 alli
1035 1517 1214 1583 XXVIII.
1246 1530 1379 1599 quanto
1403 1519 1450 1582 mi

166 1640 378 1702 occorreva‚
409 1633 445 1685 et
468 1643 533 1704 per
556 1643 627 1685 non
657 1624 791 1687 havere
816 1625 931 1686 ancho
955 1635 1102 1705 possuto
1133 1624 1211 1687 fare
1242 1634 1391 1688 mettere
1416 1627 1449 1689 le

166 1737 272 1809 poste
305 1750 327 1791 a
351 1727 466 1810 questi
490 1728 566 1810 qui,
602 1749 667 1810 per
700 1750 815 1793 messo
840 1732 987 1813 proprio
1012 1731 1153 1794 mandai
1186 1733 1219 1795 le
1245 1733 1349 1795 lettre
1380 1734 1450 1795 alla

166 1845 273 1916 posta
297 1834 331 1897 in
358 1835 499 1898 Vienna
523 1845 559 1899 et
588 1836 634 1899 de
658 1836 683 1899 li
706 1836 823 1900 subito
855 1836 961 1900 furori
986 1837 1170 1921 expedite,
1206 1848 1242 1902 et
1264 1839 1450 1921 pensando
1562 1919 1566 1928 f

167 1943 236 2006 che
260 1963 413 2006 saranno
443 1946 513 2006 ben
537 1943 693 2025 capitate
717 1966 788 2007 non
820 1945 996 2027 replicari
1020 1948 1244 2026 aitramente‚
1280 1947 1369 2008 hora
1392 1947 1450 2008 ha-

167 2050 288 2113 vendo
313 2049 525 2113 commoditi
550 2050 585 2111 di
600 2071 647 2113 un
664 2070 801 2132 spazzo,
827 2053 893 2114 che
917 2050 954 2114 fa
978 2052 998 2115 l'
1016 2061 1158 2114 oratore
1174 2062 1303 2116 veneto
1319 2051 1355 2114 in
1376 2051 1450 2115 dili-

169 2157 311 2240 gentia,
342 2177 408 2239 per
431 2166 557 2238 questa
580 2157 639 2220 via
670 2159 827 2220 anchora
850 2159 898 2221 ho
922 2160 1044 2221 voluto
1068 2158 1224 2221 scrivere
1248 2167 1381 2240 quanto
1405 2158 1451 2220 mi

170 2283 329 2327 occorre.

261 2388 330 2450 Doi
354 2387 472 2471 giorni
503 2409 591 2452 sono
616 2391 682 2453 che
705 2389 889 2472 capitaron
922 2389 981 2471 qui
1005 2389 1065 2452 doi
1088 2389 1221 2453 oratori
1251 2390 1309 2453 del
1333 2389 1451 2452 Reve-

169 2494 381 2559 rendissimo
406 2505 442 2558 et
465 2495 705 2559 Illustrissimo
730 2496 921 2560 Cardinale
945 2495 1155 2577 Maguntino
1178 2497 1315 2559 Messer
1338 2495 1452 2558 Wolf-

173 2604 283 2684 fango
308 2623 352 2665 ex
379 2603 579 2666 Beronibus
603 2605 647 2667 de
672 2603 906 2666 Schonburch
930 2605 1118 2686 glaucham
1148 2613 1183 2666 et
1207 2603 1453 2686 Valdenburg,

172 2722 209 2773 et
239 2710 378 2773 Messer
406 2710 533 2772 Livino
564 2712 608 2773 de
633 2710 798 2773 Velthem
828 2712 955 2774 doctor
986 2731 1058 2775 ecc.
1088 2710 1273 2793 preposito
1303 2708 1451 2773 hildese-

171 2838 294 2880 mense
327 2837 394 2880 con
419 2819 523 2880 lettre
548 2816 757 2880 credentiali
788 2816 824 2879 di
848 2815 922 2880 Sua
946 2815 1114 2899 Signoria
1136 2816 1454 2880 Reverendissima

172 2932 268 2986 sotto
292 2925 326 2985 le
351 2923 445 3004 quali
470 2923 516 2986 mi
539 2925 659 2987 hanno
683 2925 768 2986 dato
792 2924 827 2986 la
851 2925 928 2987 loro
952 2923 1194 3004 instructione,
1222 2924 1266 2987 de
1290 2926 1326 2987 la
1349 2924 1454 3005 quale

171 3051 220 3093 ne
245 3031 373 3092 mando
397 3030 501 3111 copia
524 3031 670 3094 insieme
695 3050 762 3093 con
786 3031 820 3093 13
844 3039 929 3093 nota
960 3031 1005 3092 de
1029 3032 1064 3093 lo
1088 3030 1184 3093 aiuto
1209 3029 1299 3092 ch'e
1326 3026 1453 3091 offerto

173 3159 195 3200 a
211 3135 287 3198 Sua
302 3134 467 3217 Signoria
481 3136 797 3201 Reverendissima
821 3135 867 3199 da
892 3136 1008 3200 alcuni
1025 3136 1191 3217 Principi‚
1216 3145 1251 3199 et
1271 3135 1317 3198 mi
1336 3138 1454 3198 hanno

172 3243 342 3307 richiesto
376 3245 411 3306 di
436 3243 610 3327 consIglio
643 3254 679 3308 et
712 3244 748 3307 di
772 3245 868 3307 aiuto
904 3265 1076 3328 appresso
1101 3265 1122 3306 a
1146 3243 1277 3306 Nostro
1302 3241 1455 3325 Signore

173 3352 378 3417 facendomi
412 3351 580 3415 instantia
622 3351 701 3415 chio
735 3351 852 3414 scriva
887 3373 908 3414 a
941 3349 1014 3414 Sua
1047 3349 1186 3413 Santita
1221 3358 1355 3432 quanto
1388 3370 1454 3413 con

174 3471 303 3544 questa
335 3459 385 3540 gli
410 3458 498 3523 diro.
545 3459 597 3522 La
620 3459 774 3541 risposta
798 3457 868 3521 mia
900 3458 1036 3521 ‹istata
1066 3456 1274 3520 inlaudata
1307 3474 1455 3518 summa-

174 3579 294 3633 mente
326 3565 399 3629 Sua
431 3564 599 3649 Signoria
623 3564 940 3630 Reverendissima
973 3566 1018 3627 de
1050 3565 1085 3626 la
1117 3563 1239 3625 buona
1270 3573 1388 3626 mente
1421 3573 1456 3626 et

173 3675 294 3739 animo
317 3676 382 3737 che
406 3674 502 3737 tiene
526 3673 562 3735 di
587 3672 766 3756 extirpare
790 3673 825 3734 la
848 3682 948 3735 secta
971 3672 1168 3748 lutherana,
1192 3669 1457 3733 inanimandola

174 3782 459 3866 maggiormente
484 3802 505 3844 a
529 3791 655 3862 questo
680 3780 820 3859 effett0,
855 3779 988 3861 perche
1014 3777 1049 3840 di
1073 3798 1136 3840 soa
1160 3786 1287 3839 natura
1310 3777 1456 3839 intendo

176 3894 245 3954 che
276 3885 427 3953 &molto
459 3887 582 3950 timido
614 3896 649 3949 et
679 3886 700 3948 Ιί
724 3887 777 3949 soi
801 3884 1005 3968 consiglieri
1038 3887 1103 3948 che
1133 3904 1198 3966 per
1230 3885 1265 3946 la
1294 3881 1459 3964 maggior

175 4008 282 4080 parte
306 4016 393 4059 sono
417 3993 594 4059 lutherani
618 3993 762 4057 aiutano
787 3994 822 4056 la
845 4014 909 4056 soa
933 3991 1082 4055 timidita
1105 3989 1298 4073 ponendoli
1318 4008 1458 4070 sempre

177 4104 291 4168 inanti
314 4104 364 4187 gli
388 4102 489 4166 occhi
513 4101 612 4165 molti
635 4100 794 4183 pericoli.
841 4099 887 4162 Et
907 4109 1041 4182 quanto
1066 4100 1136 4161 allo
1152 4098 1248 4161 aiuto
1274 4099 1339 4160 che
1354 4095 1458 4159 ricer-

178 4214 294 4275 chano
319 4212 365 4273 da
379 4209 512 4273 Nostro
527 4206 681 4290 Signore
705 4209 774 4270 due
799 4227 881 4270 cose
903 4206 1042 4285 dicono,
1066 4206 1088 4268 l'
1107 4225 1176 4267 una
1201 4206 1266 4266 che
1283 4202 1356 4265 Sua
1373 4201 1459 4265 San·

177 4319 244 4381 titi
277 4317 398 4398 voglia
421 4316 578 4380 scrivere
611 4315 657 4377 ad
686 4313 801 4377 alcuni
825 4312 977 4395 principi
1008 4313 1109 4374 iuxta
1132 4313 1167 4373 la
1199 4309 1460 4389 informatione,

180 4428 249 4489 che
272 4424 352 4489 sara
376 4444 442 4487 con
468 4432 604 4506 questa,
628 4422 804 4484 toccando
829 4421 964 4483 anchor
986 4440 1057 4482 una
1080 4420 1215 4500 pamla,
1241 4419 1306 4480 che
1322 4416 1459 4480 bench&

179 4533 251 4595 tral
273 4533 383 4614 vulgo
407 4530 437 4593 si
461 4530 541 4593 dica
565 4530 630 4592 che
654 4530 688 4591 la
713 4526 868 4589 factione
892 4526 1078 4589 lutherana
1099 4526 1146 4588 ha
1166 4525 1299 4587 havuto
1322 4522 1461 4604 origine

180 4642 219 4704 in
243 4638 421 4718 Saxonia,
457 4636 578 4700 niente
610 4636 645 4699 di
668 4655 773 4698 meno
796 4632 869 4696 Sua
892 4629 1031 4696 Santita
1061 4652 1100 4694 sa
1123 4629 1221 4694 molti
1251 4629 1286 4692 di
1310 4631 1386 4692 loro
1411 4650 1461 4692 es·

181 4768 287 4811 serne
311 4744 427 4826 alieni,
451 4751 491 4807 ut
513 4743 549 4805 in
573 4741 822 4807 informatione
847 4760 920 4804 ecc.
967 4739 1089 4802 Laltra
1113 4739 1130 4801 ἐ
1156 4739 1222 4801 che
1239 4735 1462 4819 designando

182 4855 219 4921 el
247 4837 388 4939 prefato
412 4849 729 4915 Reverendissimo
752 4847 965 4931 Maguntino
1001 4845 1036 4909 di
1060 4845 1136 4909 fare
1160 4844 1315 4927 impresa
1339 4853 1462 4910 contra
