3559 5734
740 389 752 417 Ι

696 599 944 662 o{Muti-0

180 761 263 813 tunc
287 753 430 833 quando
455 751 713 815 matrimonium
737 750 939 814 huiusmodi
963 751 1056 814 inter
1071 735 1133 813 eos
1149 757 1370 812 contractum
1394 745 1461 810 fuit

179 867 366 939 presentes
389 858 532 922 fuerant
555 860 669 922 adhuc
694 858 874 923 vivebant.
921 858 996 921 Nos
1019 877 1064 922 ne
1089 876 1239 921 erronea
1261 853 1461 919 huiusmodi

181 975 217 1027 et
240 986 335 1048 vaga
358 965 454 1028 fama
485 965 627 1030 veritati
657 976 803 1047 noceat,
837 966 873 1029 in
912 963 1130 1030 Consistorio
1164 972 1286 1026 nostro
1321 970 1460 1026 secreto

180 1059 371 1135 Francisco
396 1082 597 1136 sanctorum
621 1073 768 1153 Joannis
792 1083 828 1137 et
853 1073 954 1136 Pauli
978 1081 1014 1136 et
1038 1072 1226 1135 Leonardo
1250 1078 1373 1134 sancte
1397 1065 1465 1132 Sus

185 1199 296 1241 sanne
311 1188 350 1245 tt.
370 1180 578 1262 presbiteris
594 1180 842 1244 Cardinalibus
866 1180 1005 1244 dilectis
1029 1177 1108 1242 filiis
1132 1177 1274 1258 nostris,
1298 1185 1335 1240 ut
1354 1196 1462 1257 super

181 1307 290 1349 causa
321 1296 357 1349 et
392 1287 544 1370 negocio
579 1287 813 1370 legitimitatis
849 1309 889 1351 ac
925 1285 1186 1369 illegitimitatis
1216 1305 1258 1349 ac
1292 1283 1461 1347 natalium

180 1393 262 1473 Julii
286 1394 400 1458 Electi
423 1394 622 1458 huiusmodi
647 1395 753 1458 etiam
777 1417 820 1459 eo
845 1397 904 1459 vel
933 1395 1002 1459 alio
1026 1413 1092 1476 pro
1117 1413 1160 1457 eo
1192 1412 1262 1455 non
1295 1391 1460 1464 instante,

185 1501 322 1564 vocatis
345 1522 409 1565 sua
433 1501 468 1563 in
491 1502 673 1583 premissis
697 1503 867 1566 interesse
884 1501 1103 1585 putantibus,
1128 1521 1174 1564 ex
1206 1497 1325 1562 officio
1349 1496 1459 1580 inqui·

180 1618 300 1672 rerent
324 1620 360 1672 et
391 1620 653 1691 cognoscerent
675 1610 879 1692 veritatem,
903 1610 990 1692 ipsis
1013 1608 1180 1688 invicem,
1205 1626 1313 1670 unum
1337 1626 1384 1669 ex
1408 1605 1461 1668 eis

180 1725 241 1778 aut
265 1715 370 1779 alium
394 1718 451 1780 vel
476 1716 565 1780 alios
588 1728 695 1799 prout
722 1717 775 1782 eis
803 1718 987 1782 videretur
1015 1714 1276 1797 subdelegandi
1304 1713 1350 1777 ad
1380 1731 1460 1795 pro-

180 1824 379 1886 cedendum
401 1822 437 1886 in
461 1824 653 1906 premissis,
678 1825 783 1888 etiarn
807 1824 906 1888 feriis
931 1825 976 1888 de
999 1844 1120 1888 mense
1144 1818 1368 1904 Septembris
1395 1838 1461 1901 per

179 1929 254 1991 Nos
277 1929 439 2010 indictis,
472 1951 543 1994 non
568 1932 792 1995 obstantibus
800 1981 810 2013 ‚
834 1933 1049 2012 facultatem,
1074 1929 1275 2010 tribuendo,
1300 1948 1341 1990 ac
1366 1936 1460 2008 post·

183 2037 325 2100 modum
350 2037 516 2120 quicquid
542 2059 649 2122 super
673 2039 873 2103 huiusmodi
896 2039 1120 2122 legitimitate
1136 2038 1194 2100 vel
1208 2033 1460 2118 illegitimitate

184 2143 412 2225 inveniretur,
436 2145 472 2208 in
497 2149 623 2209 eodem
640 2145 858 2209 Consistorio
882 2144 1072 2225 referendi,
1097 2144 1178 2208 vive
1202 2143 1301 2207 vocis
1316 2141 1460 2205 oraculo

184 2259 223 2313 ut
246 2250 281 2311 in
306 2249 478 2315 similibus
507 2252 584 2316 fieri
614 2253 800 2317 consuevit
831 2253 1102 2334 commissimus,
1137 2273 1180 2315 ac
1216 2251 1321 2314 etiam
1353 2265 1461 2329 super

181 2358 248 2419 hoc
274 2358 520 2422 comissionem
543 2381 648 2424 manu
673 2371 794 2424 nostra
826 2360 1003 2442 signatam
1034 2380 1099 2442 per
1132 2361 1221 2422 duos
1254 2378 1300 2420 ex
1331 2354 1461 2419 nostris

182 2463 392 2528 Cursoribus
416 2466 614 2547 presentari
645 2468 888 2531 mandavimus
918 2488 960 2530 ac
985 2466 1142 2548 lecimus,
1172 2466 1311 2548 ipsique
1342 2461 1460 2527 Cardi-

181 2573 281 2634 nales
314 2572 570 2637 commissionis
600 2575 799 2638 huiusmodi
829 2575 955 2657 vigore
991 2574 1129 2657 seipsos
1164 2574 1209 2637 ad
1244 2571 1395 2634 invicem
1426 2578 1462 2632 et

182 2679 331 2741 dilectos
366 2679 457 2744 filios
496 2680 694 2760 Johannem
730 2682 914 2746 Paschalis
948 2691 983 2746 et
1012 2682 1190 2746 Gentilem
1222 2681 1267 2743 de
1300 2677 1461 2742 Carlenis

182 2786 341 2866 clericos,
365 2808 486 2880 eorum
512 2788 715 2869 AuditoreS,
741 2790 786 2852 ad
810 2788 845 2851 in
869 2789 1070 2852 huiusmodi
1093 2785 1330 2871 inquisitionis
1354 2804 1461 2848 causa

182 2894 464 2977 procedendum,
494 2904 530 2958 et
561 2895 729 2978 quicquid
758 2915 825 2977 per
853 2917 915 2960 eos
946 2896 980 2959 in
1013 2897 1138 2959 eadem
1162 2894 1343 2957 inventum
1367 2891 1461 2954 foret

182 3000 233 3062 eis
257 3000 483 3064 referendum
514 3004 803 3085 subdelegarunt‚
827 3023 869 3065 ac
904 3003 1053 3066 dilectus
1076 3001 1168 3064 filius
1191 2999 1366 3083 Magister
1389 2999 1460 3060 An·

184 3108 286 3188 gelus
310 3108 355 3170 de
381 3106 480 3171 Cesis
504 3111 620 3173 Aulae
638 3119 757 3173 nostre
775 3110 1037 3173 Consistorialis
1052 3110 1271 3186 AdvocatuS,
1297 3125 1461 3170 asserens

181 3235 220 3278 se
245 3216 402 3278 eiusdem
426 3216 510 3296 Julii
533 3216 646 3281 Electi
670 3217 829 3280 intimum
854 3227 889 3280 et
913 3217 1122 3300 precipuum
1153 3215 1303 3279 amicum
1331 3234 1373 3276 ac
1397 3232 1460 3276 sua

181 3322 374 3403 interesse,
399 3343 444 3386 ne
469 3325 547 3404 quis
571 3324 729 3387 indebite
753 3325 810 3387 vel
842 3324 970 3387 iniuste
999 3324 1242 3387 diffamaretur
1250 3371 1259 3403 ‚
1292 3332 1460 3402 tanquam

182 3427 263 3492 talis
286 3449 328 3491 ac
353 3429 440 3492 alias
464 3441 502 3492 ut
526 3451 616 3494 unus
640 3433 684 3494 de
717 3433 851 3513 populo
883 3451 1002 3494 coram
1033 3429 1182 3513 prefatis
1214 3426 1460 3491 Cardinalibus

183 3555 393 3617 comparens
417 3556 622 3618 processum
646 3537 681 3600 in
705 3537 905 3601 huiusmodi
930 3559 1036 3602 causa
1059 3558 1124 3620 per
1155 3536 1316 3600 Edictum
1347 3533 1459 3616 publi·

182 3662 261 3704 cum
285 3641 320 3704 in
346 3644 451 3705 Alma
484 3643 583 3708 Urbe
614 3655 736 3709 nostra
771 3656 807 3708 et
831 3645 956 3709 Valvis
987 3645 1208 3710 Cancellarie
1247 3640 1458 3724 Apostolice

182 3769 224 3812 ac
250 3748 338 3813 Acie
363 3749 565 3832 Campiflori
588 3752 807 3834 affigendum
831 3764 955 3816 contra
979 3773 1101 3832 omnes
1132 3762 1168 3814 et
1204 3750 1364 3832 singulos
1397 3768 1461 3810 sua

183 3859 217 3920 in
243 3858 423 3938 premissis
447 3859 678 3922 communiter
700 3862 759 3922 vel
787 3859 927 3922 divisim
952 3859 1123 3922 interesse
1156 3867 1323 3939 putantes
1347 3855 1376 3918 si
1400 3854 1460 3937 qui

182 3965 301 4028 forent
324 3966 578 4028 instituendum
602 3976 638 4029 et
654 3966 931 4029 continuandum
948 3987 989 4028 ac
1006 3964 1208 4028 citationem
1225 3983 1290 4046 per
1307 3961 1459 4026 edictum

183 4082 307 4134 contra
342 4092 405 4134 sua
441 4073 614 4136 interesse
649 4081 816 4154 putantes
845 4073 879 4134 in
921 4071 1050 4135 Valvis
1090 4080 1126 4134 et
1164 4070 1254 4134 Acie
1289 4068 1460 4152 predictis

182 4177 400 4260 affigendam
425 4188 549 4242 contra
565 4179 663 4262 ipsos
679 4200 743 4243 sua
757 4180 929 4243 interesse
953 4188 1120 4261 putantes
1145 4179 1189 4241 ad
1215 4178 1401 4239 dicendum
1425 4184 1461 4237 et

183 4286 433 4367 excipiendum
458 4286 625 4368 quicquid
650 4289 761 4350 verbo
785 4287 842 4349 vel
872 4285 907 4348 in
932 4285 1072 4367 scriptis
1096 4295 1220 4347 contra
1243 4284 1355 4365 ipsam
1384 4302 1460 4365 pre·

182 4391 266 4455 fatis
300 4392 548 4456 Cardinalibus
584 4405 622 4455 ut
655 4392 835 4475 prefertur
864 4392 995 4456 factam
1033 4402 1069 4455 et
1098 4401 1339 4473 presentatum
1369 4409 1459 4453 com·

183 4499 383 4563 missionem
408 4499 527 4563 dicere
544 4500 619 4564 sive
637 4500 806 4581 excipere
822 4501 955 4563 vellent
970 4501 1015 4563 ad
1032 4508 1167 4562 certum
1182 4495 1460 4580 peremptorium

183 4617 267 4670 tunc
292 4626 499 4689 expressum
523 4615 781 4689 competentem
806 4606 992 4671 terminum
1018 4607 1161 4670 decerni
1191 4605 1352 4670 obtinuit.
1405 4604 1460 4666 Ac

182 4715 406 4797 postmodum
434 4714 469 4776 in
502 4701 627 4777 eodem
656 4714 806 4777 termino
838 4734 957 4776 coram
986 4712 1136 4795 prefatis
1159 4713 1351 4776 Francisco
1377 4711 1458 4776 Car·

183 4823 293 4886 dinali
317 4821 564 4887 Commissario
588 4842 630 4885 ac
653 4823 816 4902 Johanne
841 4831 877 4885 et
901 4821 1045 4887 Gentile
1063 4821 1296 4885 Auditoribus
1320 4828 1359 4881 ut
1381 4838 1457 4900 pre-

180 4931 294 4993 fertur
324 4929 567 5013 subdelegatis
607 4949 817 5012 comparens
849 4929 1013 4993 Edictum
1048 4928 1227 4992 citationis
1257 4926 1458 4992 huiusmodi
