3559 5734
1601 533 2095 589 0<13444[:>-0

571 685 637 737 nt
689 676 1181 756 innbediente,
1254 698 1453 740 come
1526 681 1598 742 fu
1654 684 2050 763 proceduto
2113 693 2361 745 contra
2413 684 2659 746 Boemi
2710 698 2780 745 et
2829 685 2940 745 nel
2991 685 3119 766 pri·

573 781 745 845 varli
801 784 886 846 de
936 783 985 846 li
1033 785 1435 848 commercii
1484 785 1824 850 interdire
1875 790 2100 851 ancho
2150 790 2290 852 alle
2339 791 2517 853 altre
2582 791 2713 853 che
2762 794 2893 854 sub
2941 812 3125 873 pena

573 891 1249 958 excomunicationis
1297 903 1429 956 etc.
1481 915 1619 956 non
1671 896 1973 958 havesse
2022 897 2275 959 alcuno
2324 897 2747 960 commercio
2790 919 2920 961 con
2971 919 3122 961 esse

573 997 989 1061 altramente
1040 1000 1171 1062 che
1221 1002 1372 1062 loro
1423 1002 1589 1062 beni
1639 1011 1710 1064 et
1757 1002 2144 1065 mercantie
2195 1004 2251 1066 si
2288 1005 2595 1067 dessono
2644 1005 2715 1067 in
2766 1006 3009 1086 preda,
3058 1014 3127 1066 et

569 1105 749 1165 ‘fatto
801 1116 1051 1187 questo
1100 1105 1157 1169 si
1206 1110 1562 1188 potrebbe
1611 1108 2025 1172 dimandare
2072 1131 2115 1172 a
2164 1111 2413 1174 Boemi
2474 1132 2674 1175 come
2736 1113 2828 1174 ad
2889 1110 3124 1175 obedi-

573 1213 745 1293 enti,
817 1214 946 1276 che
995 1233 1134 1275 non
1185 1216 1588 1278 andassono
1653 1215 1771 1297 piu
1826 1218 1893 1279 la
1941 1237 2055 1279 ma
2100 1216 2562 1281 ritornassino
2611 1239 2654 1281 a
2701 1217 3125 1299 Ratispona,

569 1321 988 1383 similmente
1038 1323 1405 1401 operando
1454 1342 1588 1384 con
1638 1323 1800 1384 tutti
1849 1324 2081 1404 questi
2132 1325 2492 1388 Potentati
2560 1334 2631 1388 et
2692 1326 2935 1407 Regni
2993 1346 3120 1388 con

573 1429 797 1505 lettre,
850 1430 980 1489 che
1032 1428 1383 1491 evitarent
1430 1428 1587 1491 illas
1636 1428 1983 1494 Civitates
2032 1440 2189 1512 ete„
2239 1442 2309 1495 et
2358 1430 2503 1495 cosi
2552 1452 2753 1495 come
2803 1433 2896 1495 da
2943 1454 3019 1495 se
3068 1432 3125 1494 si

569 1533 1056 1597 [lestituiriano
1108 1544 1178 1597 et
1243 1537 1556 1618 segnitia
1618 1540 1687 1600 lo
1737 1535 2004 1602 effett0.
2100 1540 2245 1601 Pur
2285 1541 2353 1603 la
2402 1539 2571 1603 citta
2605 1539 2677 1602 di
2720 1540 3125 1622 Ratispona

577 1641 820 1701 merita
869 1640 1038 1722 ogni
1088 1642 1283 1704 aiuto
1334 1652 1405 1705 et
1452 1642 1703 1707 favore
1751 1645 2013 1727 perche
2062 1666 2192 1727 per
2241 1647 2307 1709 la
2356 1646 2767 1710 obedientia
2832 1667 2961 1709 soa
3010 1646 3128 1709 alli

573 1748 934 1810 intersietti
983 1769 1195 1830 perse
1244 1749 1292 1812 il
1340 1748 1588 1813 trafico
1639 1759 1708 1813 et
1759 1752 1795 1814 ὲ
1844 1751 1965 1833 gia
2014 1772 2211 1815 come
2261 1753 2735 1833 abandonata,
2786 1763 2858 1815 et
2906 1755 2943 1815 ὲ
2993 1773 3126 1815 am·

573 1853 886 1933 plis-sima
935 1855 1103 1918 citta
1153 1868 1224 1919 et
1273 1859 1489 1919 molto
1539 1859 1723 1921 bene
1774 1857 2104 1922 edificata
2151 1861 2241 1922 ad
2290 1859 2519 1942 ripam
2567 1860 2880 1923 Danubii

573 2009 3126 2034 000000000000000000000000

753 2086 996 2149 nudae
1049 2043 1312 2151 xxvi
1364 2089 1632 2171 Aptius
1682 2090 2063 2152 MDXXV

2190 2216 2282 2264 Uti
2323 2217 2505 2263 Frater
2546 2216 2916 2266 Deditissimns

2246 2303 2302 2364 1..
2342 2302 2464 2365 Gar.
2503 2302 2854 2377 θιιιιιοιίιιι.

1780 2753 1931 2819 205.

1365 2869 1683 2950 Clemens
1742 2871 1901 2951 VII.
1961 2871 2202 2952 Garolo
2266 2871 2337 2954 V.

1225 3017 1498 3089 (Sadoleti
1534 3017 1712 3091 Epist.
1749 3019 1823 3077 ad
1859 3019 2141 3092 Principes
2176 3018 2267 3078 fol.
2305 3019 2440 3090 143.)

1620 3136 1690 3202 (7.
1732 3139 1865 3188 Maii
1910 3135 2084 3205 1525.)

753 3261 962 3323 [Earum
1010 3261 1078 3324 in
1131 3261 1412 3324 Christo
1459 3261 1560 3324 fili
1588 3271 1832 3324 noster
1865 3272 1992 3325 ete.
2092 3261 2264 3323 Cum
2312 3282 2355 3323 a
2402 3259 2643 3342 primis
2691 3260 3128 3342 temporibus

573 3367 1034 3431 Psmtificatus
1084 3367 1326 3448 nostri,
1374 3368 1856 3450 intelligentes
1903 3369 1976 3431 in
2024 3388 2233 3449 quam
2282 3387 2520 3430 curam
2577 3377 2648 3429 et
2693 3369 3012 3431 laborem
3060 3377 3129 3431 et

573 3473 645 3535 in
693 3495 874 3553 quae
922 3484 1247 3557 tempora
1313 3475 1735 3538 christianae
1806 3474 2243 3557 reipublicae
2292 3494 2422 3536 nos
2492 3477 2580 3537 ad
2643 3484 2885 3538 tantae
2956 3495 3129 3538 onus

573 3581 1061 3645 sollicitudinis
1108 3582 1304 3644 Deus
1353 3580 1825 3664 Omnipotens
1872 3581 2292 3661 vocavisset,
2342 3580 2836 3644 institissemus
2883 3601 3126 3665 procu·

577 3709 733 3749 rare
785 3696 853 3750 et
901 3690 1201 3752 suadere
1250 3708 1535 3770 pacem,
1583 3688 1736 3752 sine
1786 3710 1925 3772 qua
1974 3687 2575 3751 Christianitatem
2624 3698 2730 3751 tot
2779 3698 2851 3751 et
2899 3698 3124 3751 exter-

577 3793 681 3853 nis
733 3806 801 3857 et
851 3796 1257 3859 domesticis
1306 3797 1506 3858 malis
1554 3796 1827 3858 damnis
1889 3795 2493 3877 incommodisque
2555 3794 2904 3874 attritam,
2971 3814 3125 3877 pro-

573 3901 833 3965 ximam
883 3922 1040 3965 esse
1089 3902 1307 3965 exitio
1356 3903 1813 3966 videbamus:
1863 3903 2319 3965 recordamur
2350 3922 2478 3964 nos
2509 3922 2600 3964 ex
2635 3900 2851 3964 officii
2890 3900 3128 3983 potius

577 4009 797 4073 nostri
847 4010 1124 4090 debito,
1175 4030 1383 4091 quam
1433 4012 1623 4091 quod
1672 4032 1800 4093 spe
1848 4012 1993 4073 ulla
2041 4019 2475 4089 teneremur,
2538 4010 2629 4071 ad
2699 4028 2852 4071 eam
2916 4007 3124 4070 actio-

577 4137 733 4177 nem
785 4129 948 4179 tunc
981 4118 1328 4180 adductos
1375 4116 1618 4180 fuisse.
1697 4116 1849 4179 Etsi
1879 4116 2063 4179 enim
2097 4116 2325 4178 Deum
2375 4116 2772 4178 sciebamus
2820 4113 3128 4197 omnipo·

577 4237 838 4286 tentem
889 4236 1163 4287 mutare
1210 4244 1429 4305 saepe
1478 4233 1775 4307 repente
1826 4223 2120 4286 consilia
2168 4222 2526 4285 hominum
2575 4222 2643 4284 in
2712 4222 2990 4302 melius,
3062 4229 3133 4283 et

577 4353 757 4413 quae
817 4330 1227 4394 difficillima
1273 4332 1722 4411 videbantur,
1772 4350 1858 4393 ea
1905 4349 2061 4392 cum
2120 4329 2308 4391 omni
2357 4329 2696 4391 facilitate
2744 4326 3129 4391 conficere:

577 4453 813 4501 tamen
863 4437 933 4500 in
981 4437 1197 4500 tantis
1246 4457 1599 4500 armorum
1646 4436 2242 4515 contentionibus,
2293 4444 2363 4497 et
2403 4434 2701 4497 diversis
2734 4434 3131 4516 principum

581 4549 1120 4609 christianorum
1168 4545 1559 4624 sententiis,
1607 4564 1748 4607 non
1798 4545 2222 4606 cernebatur
2269 4542 2430 4622 paci
2464 4544 2682 4621 locuS,
2732 4562 2941 4623 quam
2976 4562 3130 4605 cum

581 4656 1054 4717 euadebamus
1103 4662 1175 4716 et
1222 4653 1314 4714 ad
1349 4672 1505 4714 eam
1534 4652 1997 4714 hortabamur
2019 4698 2034 4729 ,
2085 4650 2805 4731 proponebamusque
2836 4669 2922 4711 ea
2952 4669 3130 4730 quae

585 4761 785 4825 nobis,
846 4761 1272 4823 videbantur
1330 4760 1424 4822 ad
1478 4779 1729 4841 pacem
1802 4757 2138 4839 propiora
2200 4776 2394 4836 esse,
2467 4755 2699 4819 studio
2768 4754 2993 4839 magis
3064 4763 3133 4820 et

585 4867 936 4934 defiiderio
986 4867 1467 4937 conscientiae
1516 4876 1802 4930 nostrae
1854 4863 2509 4943 satisfaciebamuS,
2559 4882 2767 4945 quam
2817 4882 2944 4945 spe
2975 4883 3130 4945 pro·
