3559 5734
1380 559 1876 622 0-<t35478m

341 718 586 782 collati
634 726 836 781 sunt:
887 713 1102 779 occisi
1153 725 1312 778 sunt
1359 734 1667 797 vespere
1717 723 1789 775 et
1837 733 2041 776 mane
2090 724 2255 775 ante
2306 711 2666 796 oppidum,
2718 723 2790 775 et
2834 715 2906 775 in

342 836 587 889 monte
639 821 735 887 Sti
793 822 1092 905 Georgii
1138 842 1334 901 3900.

524 930 1086 1013 Vigesimanona
1130 927 1322 1008 Junii
1367 925 1583 990 vertit
1632 925 2020 989 exercitum
2085 946 2335 989 versus
2397 926 2458 989 N
2466 939 2698 991 eust-at
2750 931 2906 991 Am*

344 1041 538 1120 hart,
589 1038 714 1101 ubi
773 1038 1022 1101 decem
1085 1033 1501 1106 decollavit;
1572 1033 1894 1116 perrexit
1954 1032 2215 1097 deinde
2276 1054 2526 1097 versus
2574 1035 2906 1095 EUissem-

345 1149 678 1228 burgum.

528 1250 926 1315 Frobenius
973 1258 1209 1312 autem
1259 1248 1348 1309 de
1397 1247 1668 1309 Hutten
1717 1246 1809 1309 ad
1858 1245 2304 1327 Moguntiam
2352 1268 2506 1312 cum
2574 1251 2910 1331 equitata,

346 1370 419 1422 et
452 1359 815 1442 Episcopo
848 1355 1359 1439 Argentinensi
1383 1355 1910 1418 locumtenente
1958 1375 2035 1417 se
2084 1355 2410 1436 contulit,
2474 1379 2630 1419 nam
2698 1367 2766 1419 et
2814 1355 2910 1419 illi

350 1471 432 1527 20
484 1464 759 1548 Aprilis
807 1464 1337 1528 rebellaverant
1385 1471 1457 1525 et
1504 1461 1840 1524 articulos
1890 1462 2234 1542 quosdam
2283 1473 2762 1543 extorsisti-ann
2830 1483 2910 1523 aa:

346 1573 831 1637 Rinckaviam
880 1572 971 1634 ad
1021 1568 1440 1640 seditionem
1488 1568 1934 1649 impulerant.
2029 1568 2119 1631 P·
2164 1568 2354 1648 Junii
2402 1569 2702 1655 ingressi
2754 1583 2914 1631 sunt

347 1678 817 1760 Moguntiam‚
866 1676 1056 1759 capti
1106 1687 1269 1738 sunt
1316 1675 1878 1757 sexagintadu03
1929 1687 2183 1757 postea
2251 1676 2626 1740 exiverunt
2694 1679 2910 1739 unde*

348 1786 531 1849 eima
578 1786 746 1867 Juhi
794 1786 885 1848 ad
932 1783 1413 1847 Rinckaviam
1462 1793 1534 1845 et
1582 1782 1917 1845 decollati
1964 1782 2253 1847 fuerunt
2302 1806 2384 1863 54
2418 1795 2486 1847 et
2518 1787 2914 1867 privilegiis

350 1904 421 1955 et
484 1893 698 1955 armis
760 1890 974 1970 exuti,
1044 1910 1127 1953 ac
1198 1909 1457 1971 magna
1525 1889 1832 1970 pecunia
1902 1890 2219 1954 mulctati
2300 1901 2370 1953 et
2442 1911 2674 1955 arcem
2746 1891 2914 1955 iussi

351 1999 710 2063 edificare.

535 2106 784 2187 Algoii
835 2105 1271 2168 rebellantes
1317 2102 1673 2184 Episcopo
1725 2102 2191 2185 Augustensi‚
2253 2104 2554 2167 Prelatis
2606 2119 2674 2167 et
2725 2107 2910 2167 nohi-

356 2214 564 2293 libus,
617 2232 833 2293 saepe
887 2210 1127 2274 minati
1176 2220 1337 2271 sunt
1386 2210 1846 2290 irruptionem
1908 2210 1977 2271 in
2029 2210 2409 2275 Bavariam
2474 2235 2598 2295 per
2650 2215 2914 2275 lacum:

354 2323 559 2402 plura
610 2321 820 2382 etiam
865 2317 1294 2381 monasteria
1349 2316 1791 2399 diripuerunt
1842 2327 1913 2379 et
1959 2316 2450 2399 incenderunt,
2482 2319 2798 2383 similiter
2846 2335 2918 2383 et

354 2448 559 2491 arces
608 2426 947 2490 nobilium
998 2436 1066 2487 et
1115 2428 1616 2507 praelatorum,
1665 2424 1855 2486 unde
1908 2424 2143 2487 Duces
2190 2425 2542 2488 Bavariae
2578 2431 2914 2511 compulsi

354 2545 526 2597 sunt
616 2535 886 2596 habere
956 2531 1344 2595 exercitum
1415 2529 1846 2592 collimitium
1919 2530 2039 2611 qui
2107 2531 2410 2594 rusticos
2478 2535 2918 2615 reprimeret}

357 2641 689 2723 abigeret
734 2659 1024 2721 pecora,
1071 2657 1302 2721 pagos
1349 2635 1792 2699 incenderet:
1844 2637 2144 2718 sparsim
2192 2637 2408 2701 occisi
2454 2655 2618 2703 sunt
2670 2647 2814 2703 uoti.

539 2747 820 2809 Positus
869 2755 978 2808 est
1026 2754 1096 2807 et
1142 2744 1538 2826 Diepoldus
1586 2744 1675 2805 de
1724 2741 1925 2807 Stein
1976 2765 2132 2807 cum
2182 2747 2514 2807 trecentis
2566 2747 2918 2827 equitibus

360 2866 430 2917 et
481 2854 672 2917 mille
720 2851 1081 2935 peditibus
1142 2850 1209 2913 in
1260 2850 1772 2931 Wissenhorn‚
1843 2861 1921 2914 ut
1982 2851 2429 2915 insolentiam
2498 2855 2918 2919 rusticarum

358 2961 769 3044 impediret,
837 2959 954 3040 qui
1023 2957 1424 3021 successive
1481 2959 1724 3039 plures
1788 2958 2090 3020 rusticos
2161 2959 2438 3023 occidit.
2558 2963 2778 3023 villas
2850 2963 2918 3023 in

367 3071 554 3131 valle
604 3067 757 3130 Rot
806 3077 875 3129 et
922 3067 1150 3128 Ilerae
1198 3064 1511 3126 incendit
1569 3085 1649 3126 ac
1702 3065 2174 3129 Baltzhausen
2235 3076 2306 3128 et
2367 3065 2918 3131 Seinetzhausen

361 3196 517 3238 cum
569 3175 892 3256 pluribus
923 3173 1077 3236 aliis
1124 3174 1190 3234 in
1227 3172 1637 3245 Mindeltal;
1687 3174 2072 3235 creduntur
2118 3174 2416 3257 sparsim
2466 3175 2678 3235 occisi
2741 3199 2758 3235 1
2774 3199 2922 3255 501³.

541 3282 801 3344 Missus
849 3281 980 3343 fuit
1043 3302 1113 3358 14
1164 3279 1350 3359 Junii
1423 3281 1512 3341 ad
1570 3279 1932 3361 Meminge
2005 3282 2097 3342 ad
2161 3283 2750 3364 compescendam
2822 3307 2922 3347 re-

359 3389 741 3453 bellionem
792 3387 1025 3470 plebis
1071 3395 1319 3448 contra
1366 3396 1720 3464 senatum,
1791 3387 1910 3448 ubi
1976 3388 2268 3469 antiqua
2333 3410 2534 3451 sacra
2598 3391 2922 3467 restituit,

363 3507 509 3559 tres
558 3494 961 3575 decollavit,
1011 3492 1166 3556 aliis
1197 3492 1625 3574 primoribus
1670 3494 2080 3556 rebellionis
2130 3506 2200 3556 et
2249 3496 2698 3577 predicatore
2750 3499 2922 3575 fuga

365 3602 660 3686 elapsis,
721 3602 839 3684 qui
901 3599 1204 3664 rusticos
1268 3609 1337 3662 et
1421 3600 1725 3682 Algoios
1800 3601 2223 3664 comitarunt
2294 3605 2380 3665 ad
2454 3605 2918 3667 obsidendum

365 3710 705 3792 oppidum
755 3723 825 3772 et
877 3715 1223 3771 venerunt
1290 3728 1462 3786 9000
1526 3709 1979 3778 rusticorum:
2032 3711 2156 3771 sed
2206 3711 2498 3792 egregie
2554 3711 2922 3771 defensum

365 3828 475 3880 est
521 3837 651 3899 per
700 3817 1129 3898 Diepoldum
1179 3826 1426 3877 contra
1475 3817 1759 3897 plebem
1810 3827 1880 3877 et
1912 3816 2231 3879 rusticos,
2289 3817 2658 3880 Intellecta
2690 3831 2922 3879 autern

370 3926 686 3987 adventu
736 3924 927 4003 ligae
976 3923 1342 3985 solverunt
1389 3921 1832 3984 obsidionem
1883 3922 2112 3985 XXV
2160 3923 2317 4001 Jun.

545 4032 939 4094 Rebellant
983 4029 1226 4093 rustici
1281 4050 1358 4090 22
1411 4028 1682 4110 Aprilis
1730 4028 2090 4110 Episcopo
2148 4030 2558 4093 Eistettensi
2630 4043 2694 4091 μὶ
2770 4035 2926 4095 aliis

368 4137 778 4215 collimitiis,
848 4146 1201 4217 occupant
1279 4145 1585 4198 castrum
1646 4135 1970 4216 Messing
2034 4147 2104 4199 et
2168 4137 2506 4217 oppidum
2578 4139 2922 4219 Greding.

367 4257 448 4326 p¹³⁵
494 4244 664 4307 Maii
712 4243 1122 4326 supervenit
1171 4241 1575 4304 Fridericus
1623 4242 1736 4305 Fr.
1788 4243 2094 4305 Palatini
2160 4254 2231 4304 et
2298 4247 2650 4325 equitatus.
2702 4247 2922 4307 Bava-

369 4352 576 4415 ricus,
650 4351 861 4413 Unde
910 4349 1149 4413 rustici
1199 4348 1450 4411 timore
1501 4349 1756 4430 dilapsi
1805 4360 1969 4412 sunt
2016 4360 2088 4412 et
2133 4352 2224 4412 ad
2272 4351 2570 4433 gratiani
2625 4367 2694 4415 et
2742 4355 2922 4415 iusti·

370 4458 537 4520 tiam
588 4456 882 4539 recepti,
933 4456 1264 4519 decollati
1333 4466 1496 4518 sunt
1551 4456 1930 4519 tresdecim
1999 4457 2313 4519 secunda
2379 4458 2566 4523 Maii.
2689 4463 2926 4523 ”sertia

368 4576 625 4646 postea
673 4562 1094 4656 Ingolstadii
1143 4564 1385 4643 plures
1433 4563 1643 4644 capti.
1738 4563 2038 4626 Bohemi
2086 4564 2367 4645 pedites
2429 4567 2670 4647 plures
2730 4571 2926 4627 rusti=

371 4695 494 4734 cos
541 4682 705 4735 ante
756 4670 1115 4752 cognitam
1164 4691 1413 4752 pacem
1463 4671 1876 4733 occiderunt
1934 4692 2073 4751 150.

550 4777 832 4840 Subditi
857 4776 1294 4839 Marchionis
1319 4778 1990 4859 Brandeburgensis
2016 4788 2086 4841 et
2112 4778 2438 4843 comitum
2470 4783 2554 4839 de
2586 4783 2922 4859 Utringffli

377 4887 724 4951 rebellant
772 4885 841 4945 in
878 4882 1167 4963 Rhetia‚
1218 4886 1341 4946 sed
1392 4886 1679 4946 sedatur
1729 4896 1799 4947 et
1849 4885 2326 4948 dissimulatur
2373 4891 2694 4947 rebellio.
2794 4891 2922 4951 [Je-

2506 5011 2610 5067 315*
