3559 5734
766 539 1013 610 aaut&

247 697 397 762 risoluto
413 699 529 763 chela
552 699 659 762 Dieta
674 700 862 782 Imperiale
879 699 908 763 ai
925 701 1044 763 debba
1060 701 1222 764 intimare
1247 723 1268 765 a
1284 697 1354 765 San
1371 692 1529 783 Jacom0‚

249 816 290 869 et
312 807 345 869 el
377 806 506 870 nuncio
536 806 584 869 mi
613 807 729 870 scriva
758 808 824 870 che
855 826 1015 890 pensano
1048 807 1180 870 ridurla
1214 829 1235 868 a
1264 806 1337 870 San
1368 807 1529 889 Giorgi0,

249 915 370 977 niente
394 913 431 975 di
455 933 557 976 meno
582 915 670 977 hora
693 933 759 995 per
781 915 887 976 lettre
913 914 957 975 de
997 962 1003 974 .
1033 968 1037 977 .
1066 968 1070 979 .
1100 968 1105 978 .
1141 934 1229 996 pare
1264 915 1312 977 mi
1348 925 1457 979 metta
1493 915 1529 978 in

249 1020 359 1083 dubio
384 1041 424 1083 se
447 1023 483 1083 la
505 1020 535 1083 si
559 1019 636 1084 lara
651 1042 672 1084 o
688 1042 770 1085 non.
817 1020 951 1084 Dubito
975 1019 1109 1083 habbia
1124 1021 1274 1102 pigliato
1299 1042 1436 1096 errore;
1463 1042 1530 1084 con

250 1137 377 1210 questo
402 1147 528 1210 spazzo
553 1127 603 1208 gli
628 1128 743 1192 scrivo
768 1128 834 1190 che
859 1126 948 1189 avisi
972 1126 1104 1190 Nostro
1129 1125 1299 1211 Signore,
1333 1138 1369 1192 et
1392 1149 1448 1192 me
1472 1150 1530 1192 an-

251 1235 362 1297 chora
385 1234 447 1316 piir
471 1244 697 1298 certamente.
722 1233 804 1296 Non
828 1234 857 1296 si
880 1232 1044 1314 facend0‚
1070 1256 1090 1298 o
1115 1236 1398 1317 prolungandosi
1421 1257 1442 1299 a
1457 1234 1531 1300 San

250 1340 398 1420 Jacomo
409 1360 430 1402 o
440 1341 501 1422 pilu
511 1342 604 1403 ultra
613 1341 731 1403 iudico
742 1362 813 1403 non
827 1361 946 1404 essere
961 1342 1187 1423 expediente,
1199 1344 1265 1405 che
1275 1342 1364 1406 finiti
1377 1343 1436 1425 qui
1450 1364 1530 1425 que·

250 1448 297 1510 sti
307 1429 459 1529 negocii,
469 1457 505 1510 et
516 1447 606 1511 fatto
618 1449 700 1530 quel
710 1448 776 1511 che
787 1448 816 1510 si
824 1468 872 1530 po
886 1447 966 1511 chio
977 1448 1063 1511 resti
1073 1469 1243 1531 appresso
1254 1451 1287 1513 lo
1294 1447 1445 1530 Infante,
1454 1469 1531 1531 per·

251 1555 318 1617 che
332 1575 424 1637 poco
438 1574 546 1636 posso
557 1575 708 1636 operare
720 1574 791 1617 non
805 1555 958 1618 essendo
971 1555 995 1618 li
1004 1555 1162 1637 Principi
1172 1555 1318 1619 insieme
1329 1556 1364 1618 in
1378 1556 1486 1619 Dieta
1497 1567 1533 1619 et

251 1682 325 1725 uno
348 1661 484 1724 Noncio
501 1662 643 1724 bastera
659 1681 831 1745 appresso
847 1659 921 1725 Sua
933 1659 1116 1737 Serenita3
1133 1682 1246 1744 penso
1262 1665 1396 1726 anchor
1412 1666 1477 1726 che
1493 1683 1532 1726 se

251 1771 322 1831 ben
340 1766 369 1831 si
385 1767 524 1831 facesse
541 1788 611 1831 una
625 1768 733 1831 Dieta
748 1767 937 1849 Imperiale
954 1770 1019 1832 che
1035 1769 1123 1833 forsi
1139 1789 1210 1833 non
1226 1771 1278 1833 sia
1301 1771 1363 1852 pilu
1387 1771 1531 1853 expedi·

253 1884 337 1940 ente
361 1874 406 1938 ne
426 1876 645 1938 honorevole
660 1874 834 1937 mandarli
851 1894 898 1938 un
913 1875 1068 1956 Legato;
1091 1897 1148 1939 ma
1162 1877 1305 1960 seguire
1320 1887 1453 1959 quanto
1470 1897 1536 1959 per

255 1983 403 2046 l'ultima
418 1981 489 2045 mia
509 1981 641 2053 scrissi;
667 2001 735 2063 pur
748 1981 784 2044 in
808 1990 900 2045 tutto
924 1982 971 2044 mi
994 1983 1136 2046 rimetto
1161 2004 1182 2045 a
1206 1993 1338 2065 quanto
1361 1985 1489 2066 patera
1514 2005 1535 2046 a

253 2089 388 2153 Nostro
413 2085 578 2171 Signum,
602 2089 637 2150 al
661 2092 765 2169 quale
789 2108 902 2170 penso
928 2089 1075 2152 obedire
1099 2090 1261 2153 omnibus
1285 2090 1480 2172 pospositis
1528 2145 1534 2157 .

345 2322 468 2384 Budae
493 2320 618 2383 XXII.
644 2321 721 2400 Jan.
745 2319 947 2384 MDXXV.

806 2467 853 2514 Uti
872 2467 953 2515 stater
972 2467 1158 2516 Deditissimur
1177 2463 1206 2525 1..
1226 2462 1306 2525 oud,
1325 2463 1501 2556 mmm·

799 2671 998 2684 «samam-own

862 2947 878 3010 1
927 2996 934 3010 .

639 3061 851 3163 Campegius
879 2948 1053 3142 {lementi
1080 3062 1159 3145 VIL

669 3208 809 3280 iuerat.
829 3210 956 3269 mmm.
974 3209 1049 3268 um
1069 3210 1124 3279 n.)

747 3330 783 3397 (3.
803 3330 941 3380 Februarii
963 3330 1050 3394 1525.)
1140 3307 1146 3324 ‘

349 3486 529 3548 Revereri.
556 3481 858 3563 Archiepiscopus
882 3480 1085 3544 Bremensis
1117 3480 1172 3543 vir
1195 3501 1330 3544 summa
1354 3481 1539 3544 nobilitate

259 3615 302 3658 ac
318 3592 437 3656 multis
453 3589 664 3669 nominibus,
679 3589 850 3670 precipue
865 3608 952 3651 vero
968 3608 1032 3650 sua
1046 3607 1133 3669 erga
1150 3588 1395 3669 Apostolicam
1410 3586 1542 3651 Sedem

260 3711 299 3764 et
321 3701 392 3763 Ro.
417 3699 527 3761 Eec⁸m
551 3696 684 3778 pietate
719 3706 754 3759 et
777 3694 979 3757 reverentia
1011 3696 1143 3774 clarus,
1182 3693 1407 3758 Lutheranae
1438 3695 1542 3758 huius

259 3807 396 3874 heresis
420 3804 584 3868 fluctibus
610 3804 740 3865 dudum
764 3802 915 3865 iactatus
940 3811 976 3864 et
999 3804 1187 3864 admodum
1212 3799 1373 3882 afflictus]
1400 3801 1542 3864 ditionis

262 3914 355 3978 enim
387 3933 450 3977 sue
480 3910 691 3997 Metropolis
715 3909 862 3973 Bremes
897 3909 958 3971 illa
988 3908 1126 3971 insania
1156 3919 1321 3991 correpta
1349 3918 1420 3991 est,
1456 3911 1545 3973 eccl.

262 4043 325 4086 sue
349 4021 532 4083 Decanum
562 4036 676 4099 nuper
699 4018 745 4078 ad
768 4037 824 4079 me
848 4016 942 4079 misit
973 4025 1135 4097 questum
1160 4018 1205 4078 de
1229 4016 1300 4079 suis
1333 4028 1367 4079 et
1392 4017 1542 4081 ecclesie

263 4150 325 4193 sue
361 4126 510 4191 miseriis
544 4137 579 4189 et
603 4123 888 4201 difficultatibus,
926 4143 1030 4185 orans
1062 4132 1101 4185 ut
1133 4144 1212 4186 eum
1237 4121 1282 4186 Stl
1308 4123 1378 4184 V“⁰
1401 4125 1542 4206 quando

262 4256 404 4319 possem
429 4232 621 4297 studiosius
646 4231 949 4308 commendarem,
974 4229 1033 4310 qui
1057 4229 1198 4292 tametsi
1223 4229 1352 4292 virtute
1377 4250 1441 4292 sua
1464 4251 1543 4293 sese

264 4343 436 4421 omnibus,
460 4339 647 4423 presertim
663 4357 750 4401 vero
768 4335 985 4399 Beatitudini
1000 4334 1142 4416 Vestre,
1159 4337 1440 4399 commendatum
1458 4335 1544 4398 satis

262 4451 409 4530 reddat,
442 4446 642 4511 huiusmodi
676 4455 792 4507 tamen
818 4441 973 4506 officium
997 4464 1019 4506 a
1041 4463 1097 4505 me
1131 4463 1272 4524 quoque
1297 4442 1402 4505 facile
1437 4442 1543 4524 impe-

264 4558 381 4622 travit.
420 4545 526 4638 Cupit
549 4563 667 4616 autem
690 4565 729 4614 ut
750 4550 895 4614 iacturis
919 4569 1008 4631 quas
1023 4550 1151 4612 multas
1176 4552 1222 4612 ob
1239 4551 1330 4611 hanc
1345 4558 1542 4631 temporum

265 4663 501 4728 calamitatem
524 4660 609 4724 fecit
633 4673 670 4723 et
691 4678 824 4722 summe
844 4655 964 4740 inopie
990 4658 1034 4719 ad
1059 4676 1163 4737 quam
1179 4656 1344 4718 redactus
1368 4666 1431 4736 est,
1457 4653 1543 4718 San·

265 4771 368 4836 ctitas
407 4770 451 4833 V.
487 4790 533 4832 ex
565 4766 788 4831 liberalitatis
831 4785 893 4827 sue
929 4762 1027 4827 fonte
1061 4763 1179 4844 aliquo
1220 4763 1326 4825 modo
1362 4774 1544 4825 succurrat

265 4876 474 4954 sacerdotiis
497 4878 555 4940 vel
579 4872 762 4957 quibusvis
786 4871 863 4934 aliis
888 4870 1082 4934 commodis
1107 4891 1186 4933 eum
1211 4871 1387 4952 augendo.

293 5005 374 5056 Βὼιι,
385 5004 529 5043 Documenta
538 5002 676 5041 Lutlreraua.
1350 4977 1384 5029 27
