3559 5734
832 510 1080 570 emilii&

315 674 386 718 non
410 676 608 738 possumus.
656 658 771 740 Quum
795 671 913 725 autern
938 663 983 725 de
997 660 1206 727 Venerabili
1224 661 1373 725 fratrum
1398 672 1594 725 nostrorum

314 760 469 827 Sanctae
502 764 691 829 Romanae
730 768 913 832 Ecclesiae
954 768 1193 833 cardinalium
1231 769 1379 832 consilio
1420 769 1595 833 Nuncium

314 870 561 952 Apostolicum
592 893 663 936 non
687 874 871 938 minusad
895 885 1006 939 totam
1030 877 1133 941 istam
1150 877 1331 940 nationem
1354 877 1457 940 nobis
1479 876 1596 955 valde,

313 998 356 1040 ac
379 999 521 1061 semper
544 980 727 1062 dilectam,
759 1003 864 1064 quam
897 984 943 1046 ad
967 983 1072 1046 istum
1097 984 1356 1048 ornatissimum
1381 994 1593 1047 conventum

313 1083 451 1148 missuri
473 1087 700 1169 propediem,
733 1089 875 1153 interim
907 1092 1077 1154 dilectum
1107 1089 1217 1155 filium
1240 1091 1498 1174 Hieronymum
1522 1091 1593 1153 Ro·

312 1192 443 1255 rarium
467 1193 686 1273 familiarem,
711 1205 747 1259 et
771 1195 1013 1261 Comei-arium
1037 1206 1195 1269 nostrum
1209 1198 1298 1261 istuc
1313 1198 1503 1278 mittamus,
1526 1197 1591 1263 tus·

312 1299 531 1382 serimusque
555 1321 635 1364 eum
659 1302 758 1366 adire
782 1311 889 1386 atque
905 1304 1039 1386 alloqui
1056 1304 1317 1369 fraternitatem
1332 1315 1440 1385 tuam,
1465 1314 1501 1368 et
1519 1304 1594 1369 eius

312 1405 468 1470 consiliis
490 1406 608 1487 inniti,
632 1419 773 1491 gratum
804 1410 909 1474 nobis
943 1410 1004 1475 illa
1038 1411 1163 1492 faciet,
1196 1411 1227 1474 si
1259 1432 1359 1475 suam
1393 1411 1429 1475 in
1462 1408 1594 1474 Sedent

312 1512 557 1595 Apostolicam
580 1516 770 1598 pietatem,
804 1538 846 1581 ac
874 1517 1063 1600 pristinam
1093 1538 1182 1601 erga
1211 1539 1277 1583 nos
1304 1517 1593 1582 benevolentiam

311 1621 378 1683 hac
403 1641 545 1704 quoque
568 1621 604 1686 in
618 1643 657 1687 re
674 1625 881 1706 ostenderit,
898 1624 1014 1708 ipsum
1030 1625 1298 1710 Hieronymum,
1321 1625 1439 1708 siquid
1455 1626 1500 1688 ad
1518 1625 1595 1689 Nos

311 1737 481 1809 spectans
505 1730 686 1809 acciderit,
708 1730 866 1814 benigne
879 1730 1037 1796 fovendo
1053 1741 1089 1795 et
1103 1731 1163 1815 pie
1178 1732 1376 1815 dirigendo.
1417 1732 1590 1814 Quemad-

311 1835 454 1898 modum
477 1835 554 1919 ipse
578 1836 739 1918 pluribus
762 1838 852 1903 haec
874 1840 997 1902 verbis
1021 1840 1117 1903 dicet
1140 1859 1247 1922 super
1279 1839 1408 1922 quibus
1439 1839 1473 1902 ei
1496 1839 1591 1921 cupi·

311 1963 387 2005 mus
410 1943 517 2006 fidem
541 1963 607 2025 per
630 1943 890 2008 fraternitatem
915 1956 1011 2010 tuam
1036 1946 1209 2011 adhiberi.

400 2068 481 2131 Dat.
505 2068 647 2132 Rornae
671 2077 737 2135 etc.
763 2067 908 2135 XXIV.
932 2071 1143 2135 Decembris
1171 2090 1265 2151 152³·
1312 2070 1420 2134 Anno
1443 2071 1568 2154 primo.

399 2173 522 2238 Simile
546 2175 831 2259 Archiepiscopo
856 2177 1070 2242 Coloniensi.

399 2279 522 2344 Simile
557 2281 686 2346 Comiti
722 2283 907 2364 Palatino,
949 2296 985 2349 et
1016 2284 1236 2368 Lantgravio
1271 2283 1399 2348 Assiae
1411 2331 1421 2365 ,
1456 2292 1593 2347 mutato

313 2385 422 2450 frater
445 2388 480 2450 in
505 2387 650 2453 Nobilis.

849 2562 1055 2578 WWMWW

913 2742 975 2808 141

622 2855 778 2940 loannes
804 2859 970 2939 Hanerus
997 2857 1169 2940 1111111111
1195 2858 1275 2939 l'll

747 2996 846 3072 (nm
863 2998 1024 3074 eruum
1041 2999 1078 3057 11
1095 2997 1165 3071 uo)

807 3112 843 3176 (5.
863 3112 984 3177 Januarii
1007 3110 1094 3180 1524.)

398 3234 630 3299 Conflictatur
672 3237 742 3299 iam
789 3257 882 3300 nunc
921 3234 1114 3299 Germania
1149 3242 1270 3297 nostra
1309 3254 1373 3296 sex
1408 3232 1590 3316 perpetuis

309 3342 412 3405 annis
436 3363 543 3424 super
567 3343 723 3425 Christo,
748 3365 855 3425 super
879 3342 1089 3425 Evangelio,
1115 3349 1151 3405 et
1174 3351 1307 3422 quanto
1331 3339 1508 3403 fecithoc
1531 3361 1589 3404 an·

311 3449 429 3512 nixius
453 3470 496 3513 eo
520 3451 634 3513 minus
659 3450 743 3514 mihi
768 3461 804 3514 et
828 3450 959 3514 Christi
994 3460 1030 3512 et
1061 3447 1251 3531 Evangelii
1282 3448 1416 3511 habere
1440 3446 1587 3511 videtur.

310 3555 445 3620 Caussa
469 3566 523 3620 est
546 3560 642 3640 quod
666 3578 732 3640 per
756 3558 947 3638 invidiam,
980 3566 1018 3619 ut
1043 3558 1238 3640 Apostolus
1262 3555 1328 3636 ait,
1361 3564 1397 3618 et
1421 3554 1589 3618 contenti·

310 3684 413 3727 onem
438 3685 495 3728 res
520 3666 649 3746 agitur,
673 3685 743 3728 non
769 3686 854 3729 vere
887 3665 968 3728 huic
1001 3665 1124 3727 morbo
1149 3683 1227 3725 cum
1257 3662 1326 3725 iam
1357 3662 1418 3725 diu
1445 3661 1589 3725 circum·

310 3771 458 3853 spiritur
500 3781 535 3834 et
573 3770 771 3835 differendo
805 3772 919 3835 crevit
960 3781 996 3834 et
1028 3771 1250 3853 quorundam
1281 3769 1365 3832 item
1395 3769 1588 3832 morosiore

311 3898 420 3960 opere
444 3878 638 3942 etiamnum
662 3880 764 3961 peius
789 3882 922 3942 habere
947 3877 1058 3960 cepit;
1090 3897 1213 3940 verum
1237 3897 1284 3940 ne
1306 3896 1364 3939 res
1387 3877 1530 3939 tandem
1554 3875 1590 3938 in

309 3985 437 4066 ingens
458 3986 672 4049 christianae
684 3985 905 4069 reipublicae
929 3984 1117 4048 discrimen
1142 3987 1260 4065 abeat,
1277 3985 1488 4047 maturanda
1511 4002 1588 4046 con·

309 4092 388 4154 silia
410 4101 498 4174 puto
523 4102 558 4155 et
581 4112 689 4175 super
716 4101 919 4176 opportuno
939 4091 1097 4159 remedio
1115 4091 1355 4174 cogitandum,
1371 4089 1479 4172 idque
1495 4100 1589 4172 post·

309 4199 435 4282 positis
459 4199 566 4262 etiam
590 4199 734 4282 reliquis
758 4198 923 4263 omnibus
946 4209 1020 4263 turn
1051 4198 1143 4262 curis
1172 4208 1246 4261 tum
1278 4196 1447 4280 negociis,
1500 4196 1593 4261 Nam

310 4326 382 4369 non
406 4316 542 4370 tanturn
567 4305 760 4370 christiano
785 4306 881 4388 orbi,
912 4326 992 4370 mea
1015 4304 1208 4386 sententia,
1232 4326 1280 4368 ex
1302 4305 1419 4368 Turca
1441 4304 1592 4387 periculi

309 4413 488 4491 imminet,
519 4422 690 4495 quantum
721 4433 768 4477 ex
799 4414 867 4476 hac
895 4433 966 4478 una
998 4411 1190 4495 impietatis
1217 4412 1391 4486 factione;
1415 4412 1593 4475 cantilena

310 4519 403 4583 enim
426 4522 535 4602 vulgo
562 4520 710 4601 canitur,
735 4529 902 4583 nontam
932 4540 1105 4587 novarum
1134 4540 1251 4584 rerum
1280 4539 1385 4601 quarn
1414 4519 1593 4583 libertatis

311 4628 453 4710 cupido,
479 4628 722 4691 accenduntur
737 4637 774 4691 et
795 4627 997 4710 principum
1017 4627 1239 4709 quorundam
1263 4625 1391 4707 studia,
1413 4626 1510 4707 quod
1532 4627 1592 4690 vel

310 4734 460 4797 nominis
475 4735 558 4798 inde
573 4734 853 4817 perpetuitatem
867 4733 1051 4797 vindicare
1075 4733 1142 4797 sibi
1165 4733 1323 4816 cupiunt,
1347 4740 1409 4795 aut
1431 4740 1530 4802 certe
1552 4750 1591 4795 se

311 4843 422 4908 ultum
452 4840 495 4904 iri
527 4840 699 4909 adversus
734 4861 797 4910 eos
828 4861 918 4928 quos
950 4839 1168 4922 implacabili
1200 4838 1283 4903 odio
1317 4850 1592 4921 prosequuntur.
