3559 5734
812 543 1059 607 eoliae*

293 690 550 780 indignationis
573 706 716 761 nostrae
747 707 783 761 et
813 698 901 761 alias
925 687 1149 780 supradictas
1173 716 1309 781 poenas
1340 704 1376 762 et
1407 713 1577 761 censuras

294 805 323 867 si
347 816 472 868 contra
495 804 646 869 fecerint
664 805 848 873 incursuri.
896 804 951 886 Et,
975 807 1058 888 quia
1075 806 1220 869 difficile
1242 807 1344 870 nimis
1367 807 1461 870 foret
1476 826 1578 888 prae-

295 921 413 977 sentes
436 917 502 977 has
525 913 661 977 litteras
685 934 747 976 seu
773 916 955 980 decretum
979 913 1024 975 ad
1049 912 1192 995 singula
1215 934 1378 996 quaeque
1402 915 1482 976 loca
1506 913 1575 975 dio·

294 1020 385 1084 cesis
408 1029 444 1084 et
456 1020 687 1084 Dominorum
712 1031 914 1085 nostrorum
940 1020 1083 1101 deferri,
1108 1024 1271 1084 volumus
1295 1031 1332 1083 et
1355 1020 1576 1084 decernimus

295 1129 391 1210 quod
424 1148 544 1191 earum
582 1129 812 1210 transumptis
845 1148 949 1191 manu
983 1127 1099 1191 tidelis
1139 1128 1320 1191 secretarii
1352 1128 1465 1192 nostri
1498 1131 1575 1191 sub-

295 1234 437 1317 scriptis
460 1243 497 1298 et
519 1254 632 1317 parvo
658 1236 776 1317 sigillo
800 1234 953 1317 predicti
978 1235 1109 1298 domini
1129 1234 1256 1298 Nuncii
1282 1233 1423 1298 munitis
1446 1234 1576 1316 ubique

295 1353 406 1408 stetur
430 1351 467 1406 et
489 1344 597 1425 plena
620 1341 711 1407 fides
736 1342 948 1407 adhibeatur
972 1351 1078 1424 prout
1099 1343 1185 1423 ipsis
1202 1343 1434 1424 originalibus
1451 1340 1577 1405 litteris

295 1461 448 1515 staretur
460 1460 496 1513 et
507 1450 739 1514 adhiberetur
752 1450 780 1512 si
794 1450 977 1513 exhibitae
990 1449 1108 1513 forent
1120 1458 1156 1510 et
1170 1457 1346 1514 ostensae.
1366 1450 1498 1512 Datum
1507 1460 1575 1513 etc.

911 1889 965 1953 61.

674 2007 853 2087 lleander
880 2005 1194 2087 vicecancellario.

725 2145 866 2212 (Nuntiat
886 2144 1012 2204 urmm
1029 2143 1061 2203 1..
1080 2144 1149 2216 148.)

800 2265 838 2332 (5.
858 2265 962 2329 Aprilis
985 2263 1071 2334 1521.)

385 2410 505 2492 Dopoi
537 2410 573 2472 la
606 2408 825 2491 publication
861 2409 919 2471 del
953 2409 1071 2471 edicto
1096 2408 1250 2472 Cesareo
1285 2412 1350 2473 che
1381 2409 1524 2472 mandai
1557 2430 1579 2473 a

296 2518 340 2581 V.
366 2516 403 2580 S.
427 2517 505 2579 R¹²⁸
526 2536 592 2599 per
622 2516 647 2579 il
677 2515 860 2598 proximo,
896 2517 1006 2578 molto
1038 2535 1126 2597 pare
1156 2516 1185 2578 si
1216 2516 1307 2580 siino
1331 2517 1520 2598 acquietati
1554 2517 1578 2579 li

295 2623 429 2707 populi,
454 2644 511 2687 ma
534 2623 728 2706 discoperti
760 2621 784 2685 li
809 2621 937 2702 grandi
962 2621 1092 2685 fautori
1116 2624 1309 2697 lutherani;
1346 2624 1368 2685 li
1393 2624 1488 2706 quali
1512 2644 1579 2705 per

296 2740 422 2814 questa
445 2730 687 2813 publicatione
711 2732 831 2793 hanno
856 2730 892 2792 di
916 2731 965 2792 tal
990 2741 1086 2793 sorte
1110 2730 1335 2795 manifestato
1364 2732 1389 2794 il
1413 2742 1578 2794 concetto

295 2841 423 2901 veleno
455 2857 525 2901 non
557 2858 623 2920 per
646 2857 755 2900 causa
784 2829 821 2899 'di
846 2836 980 2900 Luther
1012 2838 1140 2923 (anche
1172 2839 1218 2900 de
1248 2839 1297 2901 lui
1321 2859 1359 2900 se
1384 2859 1428 2901 ne
1458 2840 1578 2901 hanno

295 2946 387 3009 fatto
410 2946 521 3010 scudo
544 2964 610 3007 con
636 2947 668 3007 el
692 2945 901 3026 populazzo)
929 2965 987 3007 ma
1009 2945 1056 3006 de
1080 2964 1235 3026 occupar
1258 2946 1283 3008 li
1305 2946 1389 3008 beni
1414 2946 1577 3008 ecclesia·

296 3052 385 3133 stici‚
409 3055 475 3116 che
498 3052 578 3115 tutti
596 3051 793 3114 dubbitano
815 3051 856 3113 sii
880 3050 1086 3133 pervenire
1108 3072 1155 3114 un
1175 3055 1224 3114 tal
1240 3053 1419 3133 scandalo,
1444 3054 1478 3115 al
1494 3055 1578 3135 qual

296 3160 373 3223 solo
396 3159 474 3223 Idio
504 3158 602 3242 possi
626 3158 836 3222 remediare.
884 3158 928 3220 Et
952 3159 1062 3221 credo
1093 3161 1159 3222 che
1183 3179 1222 3222 se
1246 3160 1266 3222 l’
1281 3159 1393 3223 editto
1425 3162 1578 3223 havesse

295 3273 490 3348 contenuto
513 3268 580 3330 che
604 3267 649 3328 de
674 3266 832 3348 presenti
857 3286 896 3328 se
921 3267 1211 3331 abbrusciassero
1235 3266 1259 3329 li
1283 3266 1365 3350 libri
1381 3267 1428 3329 de
1444 3267 1579 3330 Luther

296 3381 332 3436 et
356 3375 414 3437 del
438 3383 529 3437 tutto
554 3372 692 3436 fussero
712 3372 938 3452 annichilati‚
962 3393 1024 3436 era
1047 3373 1206 3455 periculo
1231 3375 1307 3454 che,
1334 3376 1430 3436 nulla
1454 3373 1579 3436 habita

295 3479 460 3544 Caesaris
484 3479 639 3560 ratione,
672 3479 732 3561 qui
756 3481 814 3543 hic
838 3490 894 3543 est
917 3479 1078 3562 inermis,
1112 3482 1306 3543 havessero
1329 3480 1421 3544 fatto
1444 3481 1578 3563 impeto

296 3587 333 3651 in
364 3596 490 3670 questa
514 3585 601 3649 citta
623 3587 719 3649 intus
752 3597 788 3649 et
811 3587 899 3650 foris
923 3589 1070 3651 obsessa
1094 3589 1141 3650 da
1164 3587 1357 3651 lutherani
1391 3597 1427 3650 et
1450 3588 1578 3651 comin-

297 3696 391 3758 ciato
416 3694 476 3777 gia
508 3715 529 3756 a
553 3714 676 3756 menar
699 3695 733 3757 le
756 3694 859 3758 mani.
909 3695 985 3758 Hor
1008 3696 1043 3757 la
1067 3715 1151 3757 cosa
1181 3700 1254 3758 cosi
1278 3716 1395 3777 passa.
1443 3693 1578 3776 Questo
1612 3704 1614 3708 ’

297 3802 437 3865 ribaldo
462 3802 498 3865 di
519 3801 670 3881 Hutten,
694 3801 858 3864 advisato
882 3802 919 3864 di
944 3803 1063 3882 quello
1086 3805 1153 3866 che
1177 3803 1237 3865 noi
1260 3822 1518 3885 procuravamo
1543 3804 1579 3865 lo

298 3907 409 3971 editto
431 3907 615 3991 imperiale
643 3928 709 3971 con
735 3919 833 3972 tante
858 3911 1019 3973 consulte
1051 3919 1086 3971 et
1111 3910 1223 3989 diete‚
1254 3910 1282 3972 si
1313 3911 1361 3973 ha
1384 3919 1578 3973 contenuto

296 4011 333 4078 di
356 4017 506 4079 mandar
529 4015 632 4077 fuora
656 4018 784 4078 alcuna
808 4036 910 4094 cosa,
944 4016 1074 4097 perche
1097 4017 1147 4079 lui
1172 4038 1311 4099 sempre
1335 4036 1488 4098 sperave
1511 4017 1578 4079 che

296 4144 363 4207 per
386 4125 421 4186 la
444 4124 581 4204 grande
605 4121 757 4185 autoritit
782 4123 838 4185 del
864 4124 967 4186 Duca
987 4121 1132 4186 Saxone
1156 4134 1192 4186 et
1216 4124 1292 4187 suoi
1317 4123 1479 4206 complici
1506 4143 1578 4186 non

297 4251 336 4295 se
359 4241 503 4314 potesse
526 4239 683 4300 ottener:
715 4249 771 4292 ma
794 4249 864 4292 non
890 4231 1032 4294 lassava
1054 4232 1142 4314 pero
1171 4232 1217 4295 de
1241 4232 1430 4313 parechiar
1452 4232 1475 4294 li
1501 4231 1578 4294 suoi

297 4337 442 4418 tosichi‚
478 4337 502 4400 li
527 4336 621 4418 quali
653 4336 713 4419 pol
737 4337 870 4399 veduto
894 4338 1079 4418 publicato
1109 4340 1156 4401 ha
1180 4359 1304 4421 sparso
1337 4359 1402 4422 per
1425 4348 1517 4402 tutto
1541 4348 1579 4402 et

297 4447 344 4509 ha
367 4445 491 4508 scritto
514 4464 585 4507 una
608 4444 726 4507 littera
750 4444 878 4508 bestial
910 4464 932 4507 a
955 4443 1104 4525 Cesare,
1135 4445 1230 4509 della
1253 4447 1358 4527 quale
1383 4465 1453 4509 non
1479 4445 1507 4508 si
1531 4448 1578 4508 ha

296 4561 444 4635 possuto
473 4553 586 4615 haver
610 4569 743 4614 ancora
771 4550 896 4632 copia,
931 4571 989 4615 ma
1019 4561 1152 4633 quanto
1183 4551 1212 4615 si
1236 4555 1322 4634 puol
1346 4552 1511 4616 intendet
1540 4552 1576 4614 di

296 4659 400 4723 fuora
423 4658 482 4722 via
489 4706 498 4738 ,
526 4657 575 4721 lui
599 4657 713 4721 scrive
737 4657 998 4740 maravigliarsi
1021 4662 1088 4723 che
1113 4658 1224 4723 Cesar
1246 4660 1276 4723 si
1299 4662 1345 4723 ha
1368 4663 1500 4724 lassato
1525 4679 1564 4721 se

296 4769 402 4830 durre
436 4767 482 4829 da
505 4764 566 4828 doi
596 4764 788 4828 oratorculi
817 4764 876 4828 del
901 4764 1003 4849 Papa
1035 4767 1157 4848 (utitur
1187 4766 1278 4830 enim
1311 4766 1367 4829 his
1389 4766 1522 4847 verbis)
1556 4785 1578 4829 a

297 4874 398 4937 voler
422 4871 603 4958 opprimet
626 4882 752 4958 questo
774 4875 877 4936 'tanto
898 4871 1008 4937 homo
1033 4874 1078 4936 de
1094 4874 1228 4938 Luther
1251 4884 1287 4937 et
1310 4875 1497 4956 destruger
1514 4894 1578 4936 sue
