3559 5734
836 520 1066 578 043648ιΗΰ

310 692 347 733 se
371 671 418 733 ha
441 669 532 733 fatto
556 689 761 752 surrogare,
794 670 829 732 di
854 671 1013 733 maniera
1037 672 1102 733 che
1126 671 1356 752 procedendo
1381 669 1416 732 in
1440 690 1547 733 causa
1571 690 1592 731 a

309 781 343 840 la
376 778 565 859 gagliarda
598 787 634 840 et
664 776 764 859 quasi
797 797 903 839 senza
934 787 1115 840 contrasto
1146 779 1192 839 ha
1216 788 1377 840 ottenuto
1403 779 1436 840 le
1465 780 1591 840 lettere

309 884 542 948 executoriali
566 905 633 947 con
658 886 691 947 le
716 904 866 948 censure
892 895 1017 946 contra
1041 885 1218 966 chiunque
1243 905 1437 966 occupasse
1461 886 1496 947 la
1513 905 1589 967 pos-

309 993 466 1056 sessione
490 1011 579 1071 ecc.,
612 1002 647 1053 et
671 991 805 1072 perche
828 991 857 1053 si
881 991 1075 1054 intendeva
1099 994 1208 1054 molto
1233 994 1340 1071 bene,
1365 993 1431 1054 che
1455 993 1489 1053 la
1512 1011 1591 1073 pos-

309 1100 467 1163 sessione
491 1097 528 1162 di
550 1101 585 1161 la
609 1098 835 1181 prepositura
852 1120 914 1161 era
929 1108 1023 1162 stata
1038 1120 1145 1181 presa
1162 1110 1256 1162 sotto
1273 1119 1377 1161 nome
1395 1099 1475 1179 mio,
1498 1118 1591 1179 poco

308 1207 430 1269 avanti
453 1206 500 1270 mi
524 1206 562 1269 fu
585 1206 753 1269 mandato
779 1206 832 1268 sin
856 1207 890 1267 in
918 1227 1059 1269 camera
1083 1227 1129 1269 un
1145 1206 1299 1270 Cursore
1320 1228 1341 1270 a
1356 1205 1591 1268 denuntiaturi

309 1317 342 1376 la
373 1312 628 1377 scommunica:
661 1316 696 1376 la
727 1316 810 1395 qual
844 1334 928 1376 cosa
961 1313 1160 1376 essendomi
1194 1334 1296 1394 parsa
1332 1315 1440 1376 molto
1471 1323 1592 1374 strana

309 1432 343 1483 et
376 1422 485 1484 molto
510 1441 620 1499 nova,
655 1431 691 1482 et
715 1441 784 1483 non
811 1422 965 1483 volendo
990 1440 1056 1502 per
1079 1423 1182 1483 alcun
1207 1421 1312 1482 modo
1338 1420 1497 1483 lassarmi
1522 1440 1590 1481 ma-

308 1532 407 1591 cular
430 1531 475 1590 de
499 1528 590 1590 simil
615 1527 784 1607 macchia,
808 1528 933 1610 pigliai
958 1528 1090 1609 partito
1116 1528 1150 1589 di
1175 1528 1397 1607 remediarvi,
1423 1548 1461 1589 se
1482 1546 1590 1590 reme·

308 1636 386 1697 diar
410 1634 439 1696 si
464 1654 609 1716 possea:
634 1636 777 1696 tandem
802 1645 907 1715 posta
931 1635 966 1697 la
983 1654 1066 1696 cosa
1082 1634 1116 1695 in
1135 1636 1369 1697 consultation
1387 1637 1432 1698 de
1447 1635 1471 1696 li
1487 1632 1590 1715 primi

309 1754 344 1805 et
376 1743 436 1824 piu
469 1742 659 1805 excellenti
693 1741 858 1804 advocati
891 1741 926 1803 di
960 1752 1085 1824 questa
1109 1743 1232 1819 Corte,
1267 1753 1302 1805 et
1326 1741 1530 1805 nominatim
1556 1739 1592 1801 di

309 1851 447 1913 Messer
470 1850 615 1930 Angelo
639 1850 685 1912 de
710 1848 825 1929 Cesis,
860 1860 897 1912 et
920 1849 1144 1912 considerata
1168 1852 1260 1912 bene
1285 1853 1318 1911 la
1344 1849 1506 1928 materia,
1540 1847 1591 1910 fui

309 1957 521 2037 consigliato
553 1977 575 2019 a
602 1957 723 2020 cieder
755 1978 776 2019 a
799 1958 832 2019 le
856 1956 983 2037 ragion
1008 1967 1145 2036 nostre,
1177 1968 1309 2038 quanto
1343 1959 1389 2019 ad
1412 1975 1590 2038 possesso·

308 2067 396 2128 rium
428 2085 493 2127 con
528 2063 739 2127 reservarmi
773 2064 858 2144 ogni
892 2065 1094 2145 qualunque
1131 2064 1257 2145 ragion
1299 2065 1333 2126 io
1374 2067 1523 2126 havesse
1555 2063 1589 2123 in

308 2172 476 2257 petitorio
508 2181 574 2235 etc.
609 2182 645 2233 et
676 2169 748 2233 cosi
781 2172 829 2233 ho
860 2170 951 2232 fatto
984 2170 1257 2233 sforzatanrente
1282 2183 1317 2233 et
1342 2170 1376 2231 di
1402 2169 1593 2233 malissirna

309 2280 445 2361 voglia:
482 2299 540 2340 ma
572 2298 641 2340 non
675 2290 807 2358 poteva
838 2276 895 2339 far
928 2279 1039 2350 altro;
1076 2280 1176 2339 salvo
1211 2298 1248 2340 se
1277 2277 1311 2339 io
1339 2297 1408 2339 non
1438 2279 1591 2339 havesse

308 2389 430 2449 voluto
461 2396 612 2448 mostrar
643 2406 664 2445 a
697 2386 800 2446 tuttol
827 2385 957 2446 mondo
987 2384 1023 2446 di
1048 2405 1145 2446 esser
1174 2386 1280 2447 homo
1310 2384 1464 2447 ostinato
1488 2404 1533 2445 ne
1557 2384 1592 2444 la

310 2493 514 2575 inglustitia‚
540 2503 575 2554 et
599 2491 623 2554 il
648 2494 752 2573 quale
777 2512 847 2554 non
873 2512 1017 2555 curasse
1042 2513 1086 2555 ne
1113 2492 1147 2554 di
1172 2492 1193 2554 l’
1207 2494 1322 2554 honor
1345 2512 1390 2554 ne
1407 2490 1442 2552 di
1459 2493 1494 2552 la
1510 2510 1590 2552 con·

309 2600 457 2662 scientia
482 2599 566 2662 mia:
602 2620 640 2661 se
664 2599 744 2662 altri
769 2619 838 2661 non
863 2608 1006 2662 temeno
1031 2601 1063 2662 le
1089 2619 1255 2679 censure,
1280 2619 1300 2660 a
1325 2619 1380 2660 me
1406 2617 1546 2678 sempre
1571 2595 1591 2656 e

309 2728 414 2789 parso
447 2708 493 2768 da
525 2706 688 2783 temerle,
724 2708 760 2768 la
792 2706 930 2768 cession
966 2705 986 2767 e
1020 2717 1113 2769 stata
1136 2706 1231 2768 facta
1255 2705 1394 2785 precise
1419 2726 1440 2766 a
1464 2716 1592 2785 questo

310 2816 414 2877 modo
439 2812 734 2893 simplicemente3
768 2833 835 2893 per
859 2812 882 2873 il
907 2824 1073 2894 respecto
1098 2815 1164 2875 che
1191 2812 1232 2874 V.
1257 2832 1292 2892 p.
1317 2813 1363 2873 ha
1387 2812 1521 2889 inteso,
1556 2818 1592 2871 et

309 2920 441 3002 perche¹
475 2918 582 2981 infine
613 2939 683 2981 non
708 2939 746 2981 se
770 2921 818 2981 ha
840 2932 989 3000 possuto
1013 2920 1068 2983 far
1092 2921 1193 2982 altro.
1241 2920 1285 2981 Et
1309 2919 1343 2980 in
1369 2926 1495 3000 questo
1520 2936 1591 2977 non

310 3028 341 3088 ν’
367 3028 385 3090 ὲ
410 3038 503 3089 stata
527 3048 572 3089 ne
595 3025 841 3107 intelligentia,
866 3047 911 3090 ne
936 3028 1099 3105 accord0,
1124 3048 1169 3089 ne
1189 3036 1364 3106 consert0,
1391 3048 1435 3089 ne
1451 3024 1590 3108 pratica

310 3156 353 3196 ne
387 3133 643 3213 conventione,
680 3153 725 3194 ne
757 3153 825 3214 pur
857 3153 927 3196 una
959 3136 1084 3215 parola
1114 3154 1181 3196 con
1207 3134 1227 3195 l'
1243 3133 1468 3197 adversario:
1505 3149 1590 3211 veg-

309 3241 423 3319 giansi
448 3241 472 3302 li
496 3239 565 3303 acti
583 3241 628 3301 de
645 3242 679 3301 la
697 3259 803 3301 causa
819 3251 854 3303 et
872 3240 1045 3302 trovarasi
1062 3243 1096 3303 la
1112 3241 1223 3303 verita
1239 3252 1360 3323 presto
1378 3250 1518 3322 presto:
1543 3239 1590 3299 ho

309 3348 404 3409 l'acto
438 3348 625 3428 quelche,
656 3366 771 3425 corne,
807 3368 843 3425 ο,
878 3347 1067 3410 Cardinale
1092 3369 1128 3419 o,
1161 3368 1316 3429 persona
1339 3347 1522 3428 religiosa,
1557 3366 1590 3424 o,

309 3457 438 3516 huomo
454 3453 654 3517 Christiano
679 3474 748 3516 non
774 3464 907 3534 potevo
931 3454 1083 3536 fuggire.
1118 3455 1179 3517 Ma
1203 3476 1241 3518 se
1265 3456 1311 3517 ho
1336 3475 1437 3518 cesso
1462 3455 1591 3516 alcuna

310 3561 451 3642 ragion,
484 3563 531 3623 ho
557 3581 658 3623 cesso
682 3562 801 3642 quella
825 3560 951 3643 ragion
977 3563 1043 3625 che
1068 3581 1137 3624 non
1163 3582 1223 3624 era
1247 3563 1281 3623 la
1307 3572 1444 3623 nostra:
1481 3581 1519 3623 se
1544 3558 1590 3622 mi

309 3671 355 3729 ho
379 3677 562 3731 reservato
586 3668 713 3749 ragion
738 3670 884 3745 alcuna,
918 3688 1019 3732 come
1043 3668 1079 3730 in
1105 3667 1228 3732 effetto
1252 3669 1297 3731 mi
1323 3672 1369 3732 ho
1394 3677 1589 3745 reservato,
1673 3686 1679 3695 ·

309 3775 353 3837 rni
386 3777 432 3836 ho
465 3786 648 3837 reservato
680 3775 799 3855 quello
833 3777 899 3837 che
928 3778 946 3837 e
980 3786 1118 3848 nostro;
1153 3796 1191 3837 se
1216 3794 1323 3856 sopra
1347 3784 1473 3857 questo
1498 3794 1589 3856 capo

308 3881 329 3942 l’
341 3882 577 3962 Armastorph
596 3881 698 3943 vorra
717 3882 867 3962 litigare,
892 3882 926 3944 io
951 3902 1015 3945 son
1040 3903 1106 3965 per
1129 3892 1256 3945 metter
1271 3893 1404 3964 quanto
1421 3882 1455 3944 io
1469 3881 1589 3963 vaglio

309 4000 344 4051 et
375 4008 482 4069 posso
514 3987 548 4049 in
573 3998 698 4069 questa
722 3999 820 4051 corte
844 3989 879 4050 in
904 3989 1007 4051 favor
1031 4009 1112 4052 suo:
1147 3999 1182 4051 et
1205 3989 1320 4053 farolo
1346 3999 1445 4052 tanto
1469 3990 1589 4052 volen-

308 4097 376 4160 tier
400 4104 435 4159 et
459 4095 494 4156 di
518 4105 618 4157 tanto
642 4098 738 4157 bono
763 4095 890 4171 animo,
916 4117 1016 4158 come
1041 4096 1067 4157 s’
1081 4096 1114 4158 io
1139 4096 1267 4159 facessi
1293 4117 1357 4178 per
1382 4118 1437 4159 me
1462 4107 1589 4159 stesso

308 4205 449 4266 Havete
474 4202 588 4264 inteso
614 4222 678 4283 per
702 4203 826 4264 ordine
851 4223 952 4265 come
977 4203 996 4263 ὸ
1019 4216 1165 4286 passata
1189 4206 1222 4266 la
1247 4224 1340 4266 cosa.
1388 4204 1505 4266 Resta
1524 4204 1590 4265 che

309 4333 329 4373 a
359 4311 466 4392 pieno
491 4330 534 4372 ne
559 4310 783 4390 reguagliate
807 4312 841 4372 la
865 4310 1020 4373 Cesarea
1044 4311 1198 4392 Maesta,
1231 4321 1267 4373 et
1291 4313 1589 4373 medesmamente

309 4419 329 4479 l’
348 4419 603 4499 Armastorph,
641 4427 677 4479 et
699 4417 842 4479 vediate
867 4438 934 4479 con
963 4419 986 4480 li
1018 4418 1129 4480 vostri
1158 4419 1282 4500 optimi
1308 4430 1342 4479 et
1367 4417 1589 4499 gentilissimi

310 4524 403 4586 modi
434 4524 470 4585 di
503 4524 736 4604 persuaderla
760 4545 781 4587 a
805 4526 953 4587 credere
978 4545 1076 4587 esser
1100 4524 1191 4603 cosi,
1225 4524 1369 4587 comae
1394 4525 1430 4586 in
1455 4523 1588 4601 effetto,

309 4641 344 4693 et
365 4651 433 4693 non
452 4633 680 4694 altramente:
706 4642 741 4694 et
765 4653 803 4695 se
827 4652 893 4714 per
917 4632 986 4694 mia
1009 4636 1102 4695 mala
1117 4642 1212 4695 sorte
1230 4632 1303 4695 Sua
1319 4632 1469 4711 Maesta,
1489 4652 1589 4695 come

309 4738 569 4801 sinistramente
593 4736 797 4819 informata,
829 4739 926 4802 forse
950 4760 989 4801 se
1013 4739 1109 4802 fusse
1133 4739 1168 4802 in
1194 4742 1345 4822 qualche
1368 4740 1473 4803 modo
1490 4759 1588 4801 scan-

310 4845 461 4908 dalizata
485 4847 530 4908 de
554 4845 640 4908 facti
664 4846 742 4927 mei,
768 4846 802 4907 vi
826 4866 942 4928 prego
967 4846 1356 4929 diligentissimamente
1380 4869 1401 4910 a
1418 4847 1590 4911 sforzarvi
