3559 5734
849 495 1078 551 &3188-0

322 643 401 703 dem
434 641 535 723 penis
567 642 812 705 mandavimus
840 664 885 705 ne
917 643 1060 706 libellos
1090 644 1187 724 ipsos
1212 641 1334 722 legere
1358 644 1605 720 presumerent

322 752 384 810 sed
418 749 498 812 illos
529 751 777 811 comburerent
801 770 864 812 seu
888 750 1048 812 comburi
1078 748 1253 825 facerent,
1284 745 1423 827 ipsique
1448 742 1603 805 Martino

322 855 427 918 etiam
456 855 669 918 inhibuimus
693 867 731 918 ut
755 877 776 917 a
799 856 1046 936 predicatione
1070 855 1269 933 desisteret,
1300 853 1487 933 ipsumque
1512 858 1547 911 et
1572 848 1604 909 ei

321 964 535 1025 adherentes
558 982 600 1024 ac
626 962 700 1025 eius
723 973 969 1043 receptatores
993 965 1059 1024 sub
1084 961 1255 1024 similibus
1279 958 1381 1040 penis
1406 956 1605 1019 monuimus

321 1067 442 1149 eisque
467 1067 700 1150 precipiendo
724 1069 970 1131 mandavimus
994 1080 1032 1132 ut
1055 1068 1148 1132 infra
1172 1067 1362 1148 sexaginta
1387 1065 1462 1126 dies
1487 1085 1508 1124 a
1527 1082 1604 1142 pre·

320 1175 404 1237 fatis
429 1175 607 1238 erroribus
632 1196 824 1257 eorumque
848 1177 1091 1258 publicatione
1117 1186 1152 1237 et
1167 1174 1376 1237 defensione
1391 1171 1606 1233 desisterent

321 1293 356 1345 et
380 1283 490 1345 libros
506 1282 603 1363 ipsos
619 1285 869 1346 comburerent
885 1304 948 1347 seu
973 1283 1131 1347 comburi
1155 1282 1327 1360 facerent,
1349 1280 1498 1360 ipseque
1513 1276 1604 1338 Mar·

320 1390 413 1452 tinus
447 1410 586 1453 errores
619 1390 716 1472 ipsos
746 1391 934 1455 revocaret
962 1402 998 1455 et
1027 1392 1072 1453 de
1096 1389 1326 1453 revocatione
1349 1386 1507 1468 ipsorum
1532 1403 1604 1444 cer·

320 1496 430 1559 tiores
453 1517 519 1560 nos
543 1496 690 1579 faceret,
715 1508 750 1560 et
774 1498 842 1561 nisi
856 1498 893 1560 id
911 1498 1004 1561 infra
1019 1498 1149 1560 dictum
1166 1496 1352 1560 terminum
1369 1495 1506 1556 faceret
1525 1511 1605 1552 eum

321 1614 356 1665 et
389 1603 438 1666 illi
470 1605 684 1667 adherentes
708 1625 750 1667 ac
774 1604 934 1668 fautores
958 1605 1117 1668 notorios
1142 1614 1177 1667 et
1202 1603 1403 1685 pertinaces
1427 1598 1605 1661 hereticos

320 1710 429 1773 fuisse
454 1722 489 1772 et
514 1731 593 1773 esse
618 1712 843 1775 declarantes
867 1714 1013 1776 eosdem
1037 1722 1075 1774 ut
1099 1714 1189 1774 tales
1204 1705 1544 1789 condempnavimus
1561 1723 1602 1764 ac

320 1837 382 1880 eos
413 1820 459 1879 ab
492 1818 656 1881 omnibus
688 1818 983 1883 Christifidelihus
1015 1840 1080 1901 pro
1111 1819 1241 1881 talibus
1273 1815 1396 1879 haberi
1427 1813 1604 1875 voluimus

320 1934 427 2005 atque
456 1925 700 1988 mandavimus
734 1947 866 2009 eosque
899 1927 1001 2010 penis
1032 1938 1156 1989 contra
1188 1927 1279 1986 tales
1311 1944 1331 1984 a
1352 1923 1429 2002 jure
1461 1916 1604 1981 inflictis

320 2030 533 2094 subiecimus
566 2041 601 2094 et
633 2033 765 2095 eisdem
796 2034 953 2096 irretitos
980 2054 1058 2096 esse
1082 2053 1147 2113 per
1171 2031 1342 2113 quasdam
1366 2030 1431 2090 sub
1456 2027 1603 2108 plumbo

320 2138 542 2200 decrevimus
559 2148 595 2201 et
615 2140 883 2217 declaravimus,
909 2161 951 2203 ac
975 2161 1041 2222 per
1064 2139 1153 2202 alias
1176 2149 1316 2200 nostras
1339 2136 1374 2198 in
1393 2135 1509 2198 forma
1524 2134 1601 2193 bre-

319 2244 373 2306 vis
397 2244 534 2306 litteras
558 2246 911 2329 circumspectionem
935 2258 1042 2325 tuam,
1068 2247 1218 2308 Alberte
1237 2241 1445 2321 Cardinalis,
1470 2237 1602 2301 hortati

319 2351 448 2412 fuimus
478 2361 516 2413 ut
549 2352 685 2415 litteras
721 2355 902 2435 predictas
935 2355 969 2415 in
1005 2356 1177 2416 ambabus
1211 2353 1280 2414 tuis
1315 2345 1604 2429 Metropolitanis

319 2457 530 2537 Maguntina
562 2470 597 2520 et
620 2460 927 2543 Magdeburgensi
955 2481 997 2523 ac
1021 2462 1150 2523 ceteris
1174 2459 1337 2523 omnibus
1361 2455 1602 2535 suffraganeo-

318 2584 394 2626 rum
420 2576 455 2626 et
472 2564 748 2648 Episcopatuum
765 2578 903 2631 tuorum
924 2567 1084 2630 ecclesiis
1109 2568 1357 2648 publicandas,
1384 2581 1517 2642 easque
1541 2579 1602 2639 po·

319 2671 412 2753 pulis
435 2671 527 2733 inter
550 2672 671 2736 divina
696 2674 931 2737 declarandas
954 2695 996 2737 ac
1020 2684 1101 2754 post
1126 2673 1403 2755 publicationem
1429 2680 1463 2731 et
1486 2668 1602 2728 decla-

319 2778 490 2842 rationem
516 2778 715 2841 huiusmodi
740 2783 902 2844 eumdem
918 2781 1109 2843 Martinum
1134 2801 1212 2843 cum
1236 2779 1308 2842 suis
1332 2775 1546 2857 sequacibus
1575 2772 1604 2833 si

318 2886 549 2967 pertinaciter
574 2899 847 2968 perseverarent
871 2888 905 2950 in
932 2909 1052 2951 errore
1077 2890 1123 2950 ab
1148 2886 1310 2949 omnibus
1335 2884 1518 2946 vitandum
1545 2883 1603 2942 vel

320 2993 426 3055 etiam
460 2992 672 3073 capiendum
706 3014 850 3059 curares
881 3006 917 3057 et
941 2998 1113 3075 studeres,
1145 2993 1361 3074 Nunciisque
1396 2989 1525 3053 nostris
1556 2992 1603 3051 ab

318 3102 386 3162 hac
417 3111 540 3162 sancta
571 3101 657 3163 sede
688 3102 733 3162 ad
765 3102 833 3164 hoc
866 3103 1054 3183 negocium
1088 3101 1274 3164 destinatis
1299 3119 1437 3162 omnem
1462 3108 1497 3159 et
1521 3118 1602 3160 con-

318 3206 386 3269 silii
418 3206 578 3269 favorem
610 3217 645 3268 et
675 3207 797 3269 auxilii
829 3229 949 3270 curam
982 3208 1208 3289 impenderes
1245 3217 1351 3288 prout
1385 3205 1419 3267 in
1454 3205 1604 3286 singulis

318 3312 445 3376 litteris
470 3313 641 3393 predictis
656 3313 796 3395 plenius
815 3315 1026 3378 continetur.
1061 3314 1147 3377 Cum
1164 3335 1278 3395 nuper
1293 3324 1422 3391 autem,
1439 3333 1508 3374 non
1526 3313 1604 3374 sine

318 3420 422 3502 gravi
448 3419 554 3482 animi
589 3420 699 3482 nostri
723 3421 885 3484 molestia
911 3432 946 3484 et
970 3423 1097 3485 mentis
1121 3422 1400 3503 perturbatione,
1425 3420 1602 3500 acceperi-

319 3548 395 3589 mus
428 3528 522 3609 quod
554 3526 631 3606 ipse
653 3528 827 3590 Martinus
851 3528 1047 3610 iniquitatis
1070 3528 1163 3591 filius
1185 3529 1221 3590 in
1246 3530 1436 3609 reprobum
1460 3547 1603 3589 sensum

320 3653 437 3715 ymmo
462 3654 548 3695 vero
572 3633 607 3695 in
630 3632 803 3696 insaniam
829 3655 953 3697 versus
977 3656 1047 3699 non
1073 3638 1185 3698 solum
1211 3655 1350 3698 errores
1375 3655 1458 3697 suos
1486 3633 1603 3714 predi-

319 3750 396 3801 ctos
432 3759 603 3802 revocare
639 3751 675 3807 et
709 3740 885 3803 mandatis
922 3742 1051 3804 nostris
1086 3762 1215 3824 parere
1248 3742 1462 3822 contempsit
1494 3752 1603 3822 atque

320 3847 493 3927 neglexit,
518 3867 641 3909 verum
666 3848 772 3910 etiam
797 3849 999 3928 complures
1023 3848 1113 3911 alios
1137 3848 1278 3911 libellos
1302 3851 1477 3910 boemiam
1502 3849 1601 3909 here·

319 3952 383 4015 sim
413 3953 596 4033 professus
627 3954 805 4034 prioribus
831 3955 972 4035 peiores
997 3965 1122 4018 contra
1147 3966 1303 4018 nostrum
1330 3966 1364 4017 et
1388 3956 1482 4018 dicte
1507 3957 1604 4017 sedis

319 4062 490 4123 honorem
526 4062 635 4124 edere
667 4072 702 4123 et
725 4061 910 4143 publicare
942 4083 1010 4124 non
1037 4063 1191 4137 erubuit,
1217 4075 1252 4125 et
1276 4074 1449 4144 operante
1474 4061 1603 4125 Satore

320 4167 462 4246 zizanie,
486 4166 693 4247 pestiferum
719 4167 816 4230 virus
840 4189 939 4231 suum
956 4169 990 4231 in
1007 4170 1083 4233 dies
1098 4171 1212 4250 magis
1228 4191 1396 4233 evomens
1414 4172 1603 4232 multorum

320 4274 529 4354 simplicium
554 4274 689 4338 animas
713 4278 778 4337 sub
803 4285 972 4356 pretextu
991 4276 1153 4340 simulate
1169 4277 1330 4339 veritatis
1347 4277 1515 4358 decipere
1530 4298 1601 4339 non

320 4380 469 4460 desistit,
494 4381 573 4444 illas
589 4391 712 4444 eterno
729 4392 898 4463 satagens
915 4382 990 4464 igni
1007 4383 1246 4446 transmittere
1270 4386 1540 4463 consumendas,
1567 4396 1604 4447 et

319 4487 462 4567 quidam
487 4486 717 4550 Willibaldus
752 4490 1012 4570 brechhaymer
1043 4500 1078 4551 et
1103 4489 1244 4552 Ulricus
1275 4491 1320 4551 de
1345 4492 1453 4553 huten
1478 4510 1520 4552 ac
1544 4491 1602 4569 Jo-

318 4595 456 4657 hannes
487 4592 667 4676 Spengler
700 4595 828 4658 Scriba
860 4594 1014 4658 Senatus
1047 4596 1322 4675 Noribergensis
1356 4598 1431 4659 eius
1464 4598 1602 4660 insanie

319 4701 534 4763 adherentes
550 4721 592 4763 ac
610 4702 685 4765 eius
710 4702 842 4783 scripta
867 4701 1146 4783 magnificantes,
1170 4724 1240 4766 non
1263 4704 1376 4767 minus
1392 4705 1602 4786 impendere

320 4816 356 4869 et
379 4807 499 4870 facere
524 4808 698 4890 nituntur,
724 4809 798 4871 Nos
823 4807 905 4890 quia
934 4829 1072 4872 veneno
1096 4809 1285 4893 heresique
1309 4809 1444 4874 nefarie
1469 4822 1505 4873 et
1529 4812 1602 4874 labi
