3559 5734
691 518 937 574 *olavo*

177 665 343 729 auttorita
366 667 479 730 solum
504 666 562 730 del
586 665 758 746 Vecchio,
794 686 815 728 o
838 665 967 730 Nuovo
990 674 1220 746 testamento,
1245 667 1454 732 altramente

177 792 261 853 non,
292 784 328 837 01
360 775 427 837 che
455 776 506 837 sel
539 793 729 837 revocasse
757 793 823 856 per
850 775 943 837 altra
970 774 1171 855 qualunque
1196 793 1302 837 causa
1326 773 1363 857 (il
1387 776 1453 838 che

176 879 243 943 mai
266 882 355 963 pero
379 901 441 945 era
463 881 619 964 persar)
644 880 709 944 che
733 879 883 943 farebbe
908 890 1033 943 contra
1055 883 1091 944 la
1113 880 1260 962 propria
1275 881 1454 945 conscien-

176 987 239 1069 tia,
272 999 308 1052 et
343 991 378 1054 13
400 986 532 1052 Divina
566 987 690 1052 verita.
749 987 842 1051 Anci
879 1007 1041 1069 pregava
1075 997 1111 1051 01
1148 989 1346 1053 exhortava
1382 986 1455 1054 Sua

176 1095 315 1159 Maesta
349 1097 416 1159 che
452 1115 522 1159 non
558 1097 698 1159 volesse
733 1093 1455 1176 11110011111100150111011051331131101-

176 1202 268 1266 trina
296 1204 362 1266 che
391 1205 569 1285 potrebbe
602 1202 704 1265 venir
732 1202 767 1265 in
796 1202 1010 1265 detrimento
1037 1221 1108 1265 non
1132 1202 1245 1266 solum
1271 1201 1306 1264 di
1331 1212 1457 1284 questa

176 1310 411 1374 celeberrima
440 1311 584 1374 natione
618 1310 663 1372 de
688 1307 898 1389 Germania,
934 1329 991 1372 ma
1024 1328 1156 1373 ancora
1191 1310 1236 1372 de
1266 1308 1346 1373 altri
1377 1310 1456 1373 suoi

177 1416 314 1499 Regni,
346 1427 381 1480 01
404 1416 591 1500 Signorie,
623 1437 680 1480 ma
716 1417 782 1480 che
806 1415 854 1479 lui
877 1435 947 1478 non
973 1435 1035 1479 013
1058 1436 1123 1498 per
1147 1436 1260 1498 negar
1284 1419 1318 1479 13
1343 1416 1457 1480 verita

177 1522 393 1605 Christiana,
423 1523 556 1607 perche
583 1525 645 1606 poi
669 1522 810 1587 Christo
839 1525 874 1586 lo
899 1525 1106 1604 negarebbe
1130 1523 1179 1586 lui
1203 1544 1322 1587 coram
1349 1524 1456 1587 Patre

177 1652 250 1694 suo.
298 1631 404 1712 Quivi
427 1631 449 1692 l’
463 1624 608 1694 Ufflcial
623 1634 692 1694 ben
710 1630 876 1693 instrutto
894 1630 919 1693 li
935 1630 1030 1693 disse
1044 1630 1454 1713 prudentissimamente:

177 1737 343 1818 Martino‚
367 1759 406 1802 se
431 1741 464 1802 le
487 1749 547 1804 tue
572 1739 661 1801 false
685 1736 852 1820 opinioni,
878 1746 914 1800 et
937 1737 1076 1801 heresie
1099 1737 1238 1801 iussero
1263 1738 1298 1801 di
1322 1749 1383 1803 tua
1407 1739 1455 1803 in·

177 1845 345 1909 ventione
361 1866 479 1910 nuova
493 1847 528 1908 la
541 1844 696 1908 Cesarea
708 1844 847 1908 Maesta
867 1846 964 1908 forse
979 1845 1269 1908 intervenirebbe
1284 1866 1456 1929 appresso

176 1952 199 2015 11
225 1949 447 2030 Santissimo,
471 1954 538 2017 che
559 1951 632 2016 Sua
648 1951 787 2015 Santita
811 1953 972 2015 darebbe
995 1952 1153 2015 huomini
1174 1952 1283 2017 buoni
1307 1964 1343 2017 et
1367 1955 1456 2017 dotti

177 2078 242 2141 per
266 2060 502 2140 examinarle,
538 2070 573 2122 et
610 2060 721 2123 veder
751 2060 818 2122 che
841 2080 913 2122 non
939 2079 977 2121 se
1002 2059 1025 2121 li
1048 2058 1188 2122 facesse
1212 2059 1349 2125 iniuria.
1397 2062 1457 2125 Ma

178 2166 293 2247 questi
328 2166 403 2229 tuoi
436 2168 548 2230 errori
577 2187 665 2230 sono
698 2166 734 2229 di
758 2166 895 2249 antiqui
918 2166 1066 2229 heretici
1091 2165 1269 2249 Valdesii,
1299 2168 1457 2250 Pigardi,

178 2273 356 2356 Artemita,
381 2274 547 2340 Vichleff.
572 2274 678 2352 HusS,
702 2274 826 2356 poveri
852 2276 897 2337 de
921 2273 1113 2362 Lugduno,
1138 2274 1162 2337 11
1187 2275 1282 2356 quali
1309 2275 1369 2357 gia
1393 2298 1459 2359 por

177 2380 201 2443 li
226 2378 340 2443 Sacrii
366 2367 528 2462 (30301111,Δ
550 2380 684 2445 Summi
709 2380 872 2444 Pontifici
897 2390 933 2445 et
956 2380 1184 2444 observation
1213 2382 1309 2445 della
1337 2383 1459 2447 chiesa

178 2507 265 2551 sono
290 2489 460 2568 damnati,
496 2491 584 2570 pero
620 2509 691 2552 non
716 2492 878 2570 besogna
912 2488 973 2570 piu
1011 2487 1215 2571 disputarli‚
1249 2511 1270 2551 0
1305 2490 1458 2553 retirarli

177 2595 213 2658 in
238 2595 364 2669 dubio;
401 2596 426 2658 il
450 2597 516 2659 che
541 2597 559 2659 ὲ
585 2596 766 2679 prohibito
791 2598 837 2659 da
858 2596 957 2678 Lege
982 2595 1102 2659 divine
1126 2605 1162 2659 et
1185 2597 1345 2662 humano.
1394 2597 1460 2661 Ρ111

178 2705 269 2767 01113
294 2703 470 2785 aggiunse
494 2705 593 2766 detto
618 2703 772 2766 officiale
797 2704 916 2784 quello
934 2704 999 2766 che
1020 2704 1129 2765 molto
1145 2714 1248 2766 tocca
1264 2706 1298 2766 la
1315 2705 1458 2767 natione

178 2810 402 2891 germanica,
431 2831 500 2874 non
527 2812 586 2873 voi
608 2820 645 2874 tu
669 2831 819 2875 revocar
842 2812 962 2892 quello
986 2820 1023 2873 tu
1047 2810 1106 2873 hai
1130 2810 1253 2873 scritto
1277 2821 1401 2874 contra
1426 2812 1459 2875 el

179 2937 280 2980 sacro
310 2917 463 2981 concilio
498 2918 534 2980 di
559 2916 768 2982 Constantia
804 2926 1026 2999 congregato
1056 2917 1092 2979 di
1120 2927 1211 2981 tutte
1236 2918 1387 2996 nationi,
1423 2929 1459 2982 et

179 3034 348 3108 receputo
373 3025 421 3088 da
444 3035 534 3089 tutto
560 3026 584 3087 il
609 3028 765 3089 mundo?
789 3046 936 3107 resposo
960 3026 1026 3087 che
1051 3045 1132 3104 non,
1161 3034 1197 3087 ot
1221 3026 1287 3088 che
1311 3046 1382 3088 non
1399 3046 1457 3088 vo-

179 3135 236 3195 lea
259 3143 333 3196 star
356 3133 544 3196 aDecreto
569 3134 603 3196 di
618 3134 767 3197 Concilii
791 3154 829 3196 se
855 3154 925 3195 non
951 3143 1084 3215 quanto
1109 3153 1149 3196 se
1174 3133 1380 3196 fundavano
1405 3153 1458 3196 so·

179 3258 245 3320 pra
268 3240 289 3302 l'
303 3239 471 3303 auttorita
495 3241 591 3304 della
615 3241 736 3320 biblia,
760 3241 893 3322 perche
910 3249 1070 3320 trovava,
1096 3242 1162 3302 che
1187 3239 1211 3303 li
1228 3239 1375 3303 Concilii
1401 3242 1457 3303 ha·

180 3366 295 3408 veano
319 3357 453 3426 errato,
489 3357 525 3409 et
560 3368 668 3410 erano
699 3348 868 3410 contrarii
895 3347 914 3408 l’
927 3367 997 3410 uno
1021 3368 1042 3409 3
1065 3347 1087 3410 l'
1101 3349 1202 3411 altro.
1251 3347 1290 3409 L'
1316 3347 1459 3412 Officia}

180 3452 436 3516 comminciava
460 3454 506 3516 ad
530 3454 668 3536 negarli
694 3457 760 3517 che
784 3454 818 3517 in
834 3454 983 3517 materia
1007 3454 1090 3517 fidei
1116 3455 1139 3516 li
1163 3453 1302 3518 concilii
1320 3455 1458 3518 iussero

180 3560 261 3623 stati
286 3560 457 3632 contrari,
496 3572 531 3623 et
565 3562 690 3623 3111013
718 3560 756 3623 fu
786 3561 884 3623 detto
908 3581 973 3642 per
997 3560 1108 3623 Cesar
1131 3563 1197 3624 che
1221 3564 1387 3640 bastava‚
1423 3572 1460 3624 et

181 3669 246 3729 che
270 3687 343 3730 non
363 3668 467 3731 volea
491 3667 551 3750 piu
570 3667 682 3746 udire,
707 3688 751 3730 ex
777 3687 848 3748 quo
873 3667 1012 3749 questui
1036 3688 1178 3750 negava
1202 3666 1399 3746 liConoilii,
1424 3679 1459 3729 et

181 3778 253 3836 cosi
278 3774 315 3836 fu
340 3776 549 3838 remandato
574 3784 610 3837 et
627 3777 975 3857 accompagnornoio
999 3784 1090 3839 tutto
1108 3776 1129 3838 ’l
1146 3778 1276 3838 mundo
1301 3785 1336 3836 et
1361 3775 1459 3838 molti

181 3881 436 3946 Gentilhomini
461 3883 517 3944 del
542 3883 645 3945 Duca
669 3881 825 3961 Saxone,
850 3892 886 3944 et
909 3881 1064 3944 Martino
1088 3881 1201 3944 uscito
1231 3882 1334 3945 fuora
1365 3883 1459 3944 della

182 3986 265 4052 Saia
290 3987 443 4052 Cesarea
467 3989 544 4051 alzo
568 3991 602 4052 la
626 4009 730 4051 mano
754 3989 788 4051 in
815 3992 887 4052 alto
913 4008 1009 4052 more
1034 3989 1182 4052 militum
1201 3988 1459 4052 Germanorum

181 4098 322 4177 quando
347 4098 516 4159 exuitano
541 4097 585 4158 de
609 4117 655 4159 un
677 4097 738 4159 bel
763 4099 868 4179 colpo
894 4097 930 4158 di
954 4096 1098 4178 giostra

270 4203 347 4265 Hor
370 4212 496 4284 questa
521 4202 667 4265 mattina
692 4202 903 4265 andassemo
927 4203 973 4265 ad
991 4202 1168 4283 Cesamm,
1193 4214 1229 4266 et
1245 4203 1342 4285 quivi
1356 4204 1459 4267 furno

183 4309 346 4374 chiamati
370 4310 394 4372 li
418 4310 569 4372 Elettori
594 4320 630 4372 et
654 4309 733 4372 altri
750 4309 908 4391 Principi
925 4310 1029 4388 assai,
1054 4319 1089 4371 et
1106 4310 1315 4393 interrogati
1340 4313 1459 4393 quello

182 4436 290 4499 parea
324 4419 401 4480 1010
425 4417 566 4480 haversi
591 4438 612 4479 3
636 4416 691 4479 131
716 4416 774 4500 piu
799 4419 892 4480 oltra
920 4417 954 4479 in
979 4418 1015 4479 13
1038 4437 1122 4479 cosa
1156 4417 1189 4479 di
1216 4418 1388 4490 Martino;
1425 4420 1460 4481 31

183 4527 246 4587 che
270 4527 520 4589 demandando
545 4528 622 4588 loro
646 4524 815 4588 dilatione
840 4547 862 4587 a
885 4526 1097 4604 consultare,
1123 4524 1232 4587 Cesar
1255 4525 1279 4588 li
1296 4544 1457 4606 respose:

184 4632 279 4695 Bene
303 4632 338 4695 io
363 4632 397 4694 vi
421 4632 544 4714 voglio
569 4634 766 4695 demostrar
789 4631 904 4713 prima
928 4633 960 4692 el
985 4651 1090 4713 parer
1110 4631 1191 4710 mio,
1216 4641 1252 4694 01
1267 4630 1363 4712 quivi
1380 4631 1459 4694 fece

183 4742 315 4820 produt
349 4739 429 4802 fora
464 4740 499 4801 13
534 4739 702 4821 opinione
735 4760 798 4801 sua
833 4760 899 4820 per
932 4759 970 4801 se
1007 4749 1188 4820 composta
1218 4750 1253 4801 01
1277 4739 1399 4802 scritta
1422 4738 1458 4800 in

183 4845 359 4910 Francese
385 4847 429 4909 de
454 4868 517 4910 sua
540 4868 646 4910 mano
670 4846 829 4928 propria,
853 4847 963 4926 longa
987 4865 1033 4906 un
1057 4845 1170 4924 fogiio
1194 4856 1229 4907 et
1253 4848 1372 4927 quella
1390 4865 1457 4910 rne-
