3559 5734
840 533 1088 597 &atae-0

323 708 395 752 non
419 708 543 771 parum
558 686 675 749 obfuit
690 686 872 750 institutae
885 707 985 751 meae
1001 696 1125 750 contra
1148 684 1293 769 impium
1308 686 1460 748 Turcam
1485 683 1601 747 defen·

324 794 425 876 sioni,
450 794 509 876 qui
533 796 660 857 crebro
683 795 837 877 populos
860 815 959 858 meos
983 804 1093 857 vexat
1116 794 1229 873 clade,
1254 791 1434 872 incendio,
1459 792 1605 874 praeda,

324 900 622 985 depopulatione,
652 900 750 964 cuius
774 908 873 964 tanta
898 910 953 965 est
976 902 1152 983 potentia,
1182 909 1221 962 ut
1244 899 1295 962 illi
1319 919 1407 980 ege,
1438 898 1468 961 si
1500 898 1605 962 etiarn

248 1080 250 1090 Ι
323 1029 381 1071 res
403 1028 504 1072 meae
529 1016 649 1071 essent
672 1009 780 1090 longe
802 1005 1062 1089 florentissime,
1087 1028 1153 1089 par
1177 1027 1256 1070 esse
1273 1026 1458 1089 nequeam.
1506 1005 1605 1069 Cum·

325 1136 393 1199 que
410 1136 524 1197 nuper
545 1114 730 1178 recensitis
753 1114 887 1178 viribus
911 1116 1008 1196 meis,
1034 1114 1169 1177 cunctis
1183 1113 1342 1176 viderem
1360 1133 1420 1174 eas
1443 1113 1607 1176 omnibus

324 1222 427 1286 simul
443 1221 598 1286 numeris
611 1242 834 1304 nequaquam
849 1221 1014 1285 sufficere
1029 1241 1108 1285 curn
1124 1242 1190 1304 pro
1204 1219 1379 1302 ponendis
1395 1220 1607 1302 opportunis

324 1328 510 1412 praesidiis
535 1329 630 1392 circa
657 1330 737 1391 loca
769 1328 959 1392 discrimini
994 1329 1177 1410 exposita,
1205 1336 1279 1390 tum
1308 1347 1374 1408 pro
1406 1326 1607 1390 cohibendo

324 1436 484 1500 ulteriori
516 1436 649 1518 impetu
681 1446 717 1499 et
740 1436 860 1499 hostili
890 1436 1092 1499 incursione
1116 1436 1161 1498 ad
1194 1434 1381 1497 interiores
1404 1433 1608 1515 provincias

325 1564 439 1625 meas,
471 1563 619 1625 quarum
642 1542 803 1624 pomeria
827 1543 895 1605 iam
920 1543 1038 1606 rabies
1062 1543 1123 1605 illa
1146 1540 1367 1605 ferocissima
1390 1540 1529 1620 attigit,
1562 1542 1606 1602 ad

325 1650 530 1731 expetenda
559 1659 709 1712 externa
741 1648 875 1712 auxilia
899 1649 1056 1732 confugi,
1080 1650 1160 1732 ipsa
1183 1648 1406 1727 necessitate,
1430 1649 1529 1710 nulla
1549 1668 1608 1710 vo·

324 1759 460 1820 luntate
484 1758 642 1837 adactus,
667 1755 696 1819 si
720 1757 826 1819 modo
852 1765 1003 1819 externa
1027 1755 1202 1839 appellari
1227 1757 1361 1818 debent
1384 1774 1476 1836 quae
1506 1775 1527 1818 a
1551 1774 1607 1817 me

326 1871 452 1927 contra
476 1883 696 1926 communem
719 1863 858 1926 hostem
882 1871 1062 1945 petuntur.
1109 1862 1230 1926 Fallor
1264 1862 1293 1924 si
1322 1863 1390 1925 hoc
1421 1882 1506 1924 casu
1538 1872 1608 1925 stu-

326 1971 421 2034 dium
446 1969 600 2033 omnium
625 1989 809 2033 commune
834 1990 914 2033 esse
938 1991 1009 2034 non
1034 1971 1151 2034 debet.
1199 1968 1378 2050 Quantum
1394 1978 1511 2031 autern
1529 1968 1610 2051 opis

326 2087 362 2142 et
389 2077 537 2141 subsidii
567 2077 760 2141 Beatitudo
785 2075 917 2138 Vestra
945 2076 973 2139 si
998 2077 1188 2159 potuisset,
1220 2085 1421 2158 prestatura
1445 2085 1533 2156 erat,
1557 2075 1608 2139 fa·

327 2186 393 2248 cile
418 2206 464 2248 ex
488 2184 599 2248 literis
623 2183 696 2247 suis
721 2182 885 2266 cognovi,
912 2183 1038 2264 quibus
1061 2183 1146 2247 mibi
1170 2202 1309 2245 omnem
1329 2182 1472 2264 inopiae
1497 2191 1534 2246 et
1550 2184 1609 2246 de·

326 2291 473 2356 bilitatis
497 2312 582 2355 suae
606 2291 777 2354 rationem
802 2290 952 2372 aperuit,
982 2287 1221 2372 Sanctumque
1255 2290 1381 2352 lubens
1411 2291 1612 2372 amplector

326 2419 426 2463 suum
456 2399 491 2462 in
515 2419 571 2461 me
587 2398 751 2477 animum,
776 2418 854 2460 cum
879 2399 925 2459 ob
949 2398 1018 2460 hoc
1043 2397 1155 2479 ipsum
1182 2395 1241 2478 qui
1255 2404 1327 2459 tarn
1350 2406 1500 2479 paterne
1525 2397 1612 2460 mihi

326 2514 481 2569 mentem
516 2525 615 2568 suam
650 2503 923 2587 significaverit,
960 2512 1035 2565 tum
1070 2504 1164 2584 quod
1204 2503 1392 2586 pollicetur
1425 2503 1454 2566 si
1489 2504 1612 2586 aliqua

328 2612 470 2676 interim
495 2632 533 2675 se
558 2612 738 2693 aperuerit
762 2611 903 2674 occasio
928 2609 1163 2673 subveniendi
1190 2610 1285 2686 mihi,
1309 2612 1405 2692 quod
1430 2631 1508 2674 eam
1538 2633 1612 2676 non

329 2720 375 2783 sit
398 2719 679 2802 pretermissura.
727 2719 846 2799 Atque
879 2716 1014 2779 utinam
1043 2716 1080 2778 id
1110 2725 1182 2780 tam
1212 2737 1298 2780 vere
1330 2717 1473 2781 eveniat
1503 2739 1613 2800 quam

327 2825 540 2890 fiducialiter
563 2834 674 2908 optat,
698 2823 834 2888 scilicet
856 2824 972 2887 Deum
996 2843 1137 2886 manum
1154 2824 1250 2887 illam
1265 2824 1419 2888 hostium
1443 2824 1479 2888 in
1503 2826 1613 2890 aliam

329 2942 468 3015 partem
488 2951 694 2995 aversurum
718 2951 811 3005 esse;
836 2932 899 2993 sed
923 2932 1015 2992 hanc
1041 2929 1266 2993 securitatem
1290 2930 1374 2993 mihi
1397 2942 1614 3013 perpetuam

328 3041 405 3104 fore
429 3060 501 3102 non
525 3038 608 3102 sinit
630 3041 799 3120 frequens
823 3038 966 3100 nuntius
998 3036 1057 3118 qui
1081 3038 1249 3100 admonet
1277 3038 1484 3120 Tyrannum
1512 3039 1613 3105 illum

329 3147 359 3210 si
391 3146 480 3210 alias
514 3165 668 3227 unquam
704 3144 921 3227 pertinacius
957 3144 1093 3227 spirare
1136 3144 1283 3207 exitium
1319 3143 1615 3230 Christianorum,

328 3255 465 3337 hasque
507 3251 728 3316 incursiones
765 3262 977 3333 sequuturas
1011 3250 1247 3315 validissimas
1293 3251 1424 3334 copias.
1486 3254 1616 3337 Itaque

330 3361 437 3424 velim
461 3360 570 3423 nolim
593 3379 705 3442 cogor
720 3369 756 3421 et
769 3358 935 3441 impellor
947 3358 1103 3439 undique
1119 3356 1283 3440 flagitare
1298 3359 1465 3439 subsidia,
1483 3361 1616 3441 quibus

330 3470 456 3532 saltem
470 3467 562 3530 inter
578 3466 846 3530 Provinciarum
861 3486 1019 3530 mearum
1035 3465 1164 3528 limites
1179 3465 1332 3529 muniam
1354 3476 1391 3529 et
1414 3467 1616 3532 custodiam

331 3594 376 3637 ne
386 3572 567 3657 quidpiam
577 3572 820 3656 irreparabilis
831 3572 987 3635 iacturae
998 3581 1035 3635 et
1044 3571 1256 3636 incommodi
1265 3573 1617 3657 abhosteinferatur‚

332 3684 446 3745 donec
471 3680 604 3743 coeteri
629 3679 820 3743 Christiani
843 3687 1049 3762 potentatus
1073 3679 1198 3761 positis
1222 3678 1377 3742 dissidiis
1401 3688 1437 3743 et
1459 3680 1617 3746 simulta-

330 3787 442 3868 tibus,
471 3787 527 3849 cui
550 3786 602 3850 rei
626 3807 765 3849 omnem
789 3785 980 3849 Beatitudo
1004 3785 1136 3849 Vestra
1159 3785 1331 3868 impendit
1355 3786 1425 3849 iam
1454 3808 1617 3872 operam,

331 3904 367 3958 et
391 3894 518 3957 iustam
542 3905 578 3956 et
613 3893 851 3957 necessariam
879 3893 977 3956 illam
1007 3894 1211 3975 generalem
1245 3892 1511 3975 expeditionem
1541 3916 1617 3960 sus-

332 4000 474 4085 cipiant.
521 4000 607 4064 Erat
642 4010 760 4063 autem
796 3999 932 4063 animus
968 4021 1066 4064 meus
1096 4002 1164 4063 bac
1196 4007 1333 4063 aestate
1369 4000 1398 4063 si
1434 4002 1480 4063 ad
1514 4023 1618 4067 meas

332 4108 525 4171 auxiliares
550 4106 634 4171 illae
657 4106 751 4170 vires
780 4127 867 4189 quas
892 4116 990 4170 certa
1013 4106 1143 4170 fiducia
1170 4106 1419 4190 promittebam
1447 4111 1618 4175 accessis·

332 4224 434 4296 sent,
467 4235 539 4279 non
578 4215 691 4276 solum
725 4213 826 4276 firma
853 4215 1033 4297 praesidia
1066 4216 1243 4278 collocare
1284 4216 1347 4277 sed
1385 4216 1490 4278 etiam
1520 4237 1618 4298 quae

332 4341 458 4386 recens
489 4322 568 4385 loca
597 4320 708 4384 hostis
743 4320 889 4383 abstulit
923 4342 1146 4404 recuperare.
1196 4320 1285 4383 Mihi
1316 4330 1413 4386 certe
1442 4322 1510 4386 dici
1540 4344 1618 4389 non

332 4436 453 4511 potest
476 4436 609 4510 quanta
633 4426 866 4490 amaritudine
890 4428 1029 4491 animae
1052 4448 1153 4491 meae
1177 4427 1350 4510 accipiam
1371 4449 1528 4494 meorum
1553 4452 1618 4497 ex-

334 4535 473 4616 cidium,
497 4534 606 4616 idque
631 4554 673 4598 eo
697 4554 753 4597 me
772 4535 906 4598 cruciat
930 4535 1044 4618 magis
1068 4535 1164 4617 quod
1189 4556 1258 4618 ego
1281 4535 1438 4617 miseros,
1462 4538 1529 4601 nisi
1553 4543 1618 4604 ad-

333 4642 444 4723 iuvar,
466 4642 661 4705 incolumes
685 4662 830 4705 servare
853 4662 993 4724 nequeo
1018 4664 1039 4705 a
1054 4642 1243 4725 tyrannide
1267 4643 1462 4725 impiissimi
1489 4648 1617 4715 hostis.

333 4747 379 4810 Et
402 4756 520 4811 tamen
546 4767 651 4829 quarn
675 4750 741 4810 sub
765 4750 833 4810 hac
858 4757 995 4811 aestate
1026 4748 1288 4812 destinaveram
1317 4749 1438 4814 facere
1468 4754 1619 4834 expedi·

333 4854 467 4918 tionem
495 4857 542 4920 ob
580 4852 758 4917 defectum
791 4854 1080 4919 subsidiariarurn
1111 4855 1238 4919 virium
1265 4856 1501 4922 intermissam
1533 4879 1619 4927 cum
