3559 5734
703 564 760 617 043
799 565 852 619 479
891 564 949 618 &0

188 722 241 775 sat
257 711 331 776 scio
354 711 459 775 fuerit
476 713 574 775 Tuae
591 732 683 774 nunc
700 709 892 775 Sanctitati
908 711 1150 793 perscribere;
1167 711 1222 773 cui
1236 709 1397 774 nimirum
1411 712 1470 772 ob-

188 839 331 882 scurum
355 839 434 882 esse
459 839 529 882 non
553 826 674 900 potest
697 820 792 901 quod
808 818 864 881 vir
886 818 945 881 ille
969 817 1276 900 pestilentissimus
1307 816 1470 900 pestilen-

187 926 330 989 tissimis
353 926 427 989 suis
450 925 628 1007 dogmatis
652 926 748 1008 apud
772 946 856 989 suos
879 925 1107 1007 promoverit.
1161 926 1213 988 At
1244 944 1332 987 vero
1366 945 1470 1004 quarn

184 1027 223 1096 'et
247 1034 342 1116 apud
367 1053 431 1096 nos
451 1053 592 1114 quoque
608 1032 853 1095 huiuscemodi
877 1033 1062 1115 gangredo
1087 1033 1141 1095 his
1166 1032 1291 1095 diebus
1315 1031 1471 1114 irrepere

188 1149 317 1204 conata
341 1139 402 1223 sit,
433 1160 608 1221 quamque
642 1141 765 1203 sedulo
794 1139 839 1203 sit
869 1159 891 1201 a
915 1138 1018 1202 nobis
1042 1138 1127 1202 itum
1153 1139 1305 1220 obviarn,
1329 1138 1472 1201 abunde

189 1268 234 1310 ex
258 1249 383 1310 horum
408 1247 521 1310 latore
546 1266 754 1329 cognosces,
779 1245 839 1328 qui
863 1255 899 1309 et
922 1248 999 1328 ipse
1023 1247 1074 1318 rei
1099 1255 1224 1329 gestae
1248 1244 1406 1308 interfuit
1430 1266 1471 1307 ac

189 1374 324 1416 summa
347 1374 426 1417 curn
448 1353 519 1416 fide
543 1354 641 1416 Tuae
665 1353 883 1416 Beatitudini
908 1353 1041 1416 referet
1064 1373 1155 1435 quae
1180 1374 1244 1416 nos
1259 1353 1292 1416 ei
1310 1353 1471 1415 dedimus

188 1460 223 1523 in
248 1460 433 1524 mandatis.
481 1460 560 1523 Non
585 1459 690 1524 facile
714 1461 878 1542 profecto
904 1460 972 1523 dici
997 1470 1105 1542 queat
1136 1481 1206 1542 quo
1239 1462 1381 1523 tandem
1411 1460 1468 1522 de·

189 1568 340 1631 mentiae
365 1568 538 1649 pessimus
562 1568 688 1649 genius
712 1568 873 1649 perditos
897 1569 1007 1630 hosce
1031 1568 1294 1650 seditiososque
1310 1568 1470 1631 homines

189 1675 363 1752 adegerit.
423 1673 490 1755 Qui
525 1696 595 1739 non
625 1676 781 1738 contenti
813 1675 989 1756 sacrilega
1024 1696 1088 1737 sua
1123 1675 1286 1739 doctrina
1318 1684 1371 1738 tot
1401 1674 1470 1737 iarn

191 1793 378 1864 tantasque
411 1780 669 1846 Germanorum
704 1784 865 1846 nationes
899 1782 1085 1862 imbuisse,
1116 1802 1209 1844 nunc
1244 1782 1388 1844 tandem
1424 1782 1470 1843 ad

191 1890 404 1953 christianae
437 1889 657 1971 reipublicae
696 1890 988 1971 tranquillitatem
1022 1888 1164 1970 penitus
1192 1889 1472 1971 perturbandam

191 2017 288 2059 arma
310 1987 418 2059 ⁴etiarn
442 2016 570 2078 rapere
594 2017 665 2059 non
689 2007 873 2076 verentur,
907 1995 1138 2059 insanissimis
1167 1995 1239 2058 suis
1262 1995 1472 2058 tumultibus

192 2124 292 2166 sacra
324 2103 580 2184 prophanaque
612 2103 729 2166 omnia
760 2103 959 2167 miscentes
1013 2104 1227 2166 Pervaserat
1257 2102 1311 2165 his
1347 2101 1472 2165 diebus

192 2230 312 2272 eorum
335 2210 435 2273 furor
458 2211 504 2272 ad
528 2229 652 2291 agrurn
678 2231 789 2292 usque
814 2211 992 2274 Alsatium
1008 2220 1151 2273 nostrae
1169 2209 1292 2273 ditioni
1308 2208 1471 2290 vicinum,

193 2337 261 2398 quo
285 2316 321 2379 in
345 2319 425 2380 loco
450 2338 554 2399 quarn
579 2317 698 2399 impia,
723 2338 827 2399 quarn
850 2316 1044 2400 flagitiosa,
1069 2338 1174 2399 quarn
1198 2317 1390 2398 nephanda
1413 2317 1471 2379 ad·

194 2424 369 2487 misserint
392 2444 461 2486 non
479 2424 580 2486 unius
596 2425 759 2505 profecto
778 2424 886 2488 fuerit
902 2424 1091 2488 voluminis
1113 2424 1305 2506 explicare.
1344 2421 1473 2487 Sacras

194 2532 299 2593 aedes
314 2529 481 2612 diripere,
495 2530 703 2594 clericorum
723 2531 918 2614 compilare
940 2531 1074 2611 domos,
1099 2531 1260 2594 divorum
1285 2530 1473 2594 simulacra

194 2647 397 2718 statuasque
411 2617 635 2718 obtruncare,
650 2638 899 2718 comminuere,
926 2659 1088 2720 exurere,
1112 2640 1245 2719 templa
1262 2638 1339 2721 ipsa
1359 2638 1471 2700 fundi-

193 2754 248 2807 tus
268 2755 441 2825 evertere,
460 2745 538 2807 Deo
553 2745 689 2808 dicatas
706 2745 863 2827 virgines
880 2746 953 2809 suis
967 2748 1103 2829 pellere
1122 2745 1277 2826 sedibus,
1296 2747 1341 2807 ad
1365 2745 1473 2827 impia

194 2873 253 2915 eas
266 2852 424 2932 adigere,
438 2854 642 2914 sacerdotes
655 2873 695 2914 ac
712 2852 991 2916 coenobiarchas
1011 2851 1145 2915 indicta
1162 2872 1288 2915 caussa
1306 2862 1473 2931 mactare,

194 2980 237 3022 ne
248 2961 295 3021 ab
306 2957 384 3040 ipsa
405 2959 546 3040 quidem
568 2957 805 3023 Sacrosancta
824 2959 1055 3040 Eucharistia,
1069 2980 1161 3041 quae
1175 2960 1319 3022 demore
1332 2959 1473 3040 templis

194 3065 362 3129 custodiri
375 3067 475 3144 solet,
489 3068 681 3129 sceleratas
694 3066 874 3130 abstinere
895 3087 1034 3140 manus;
1048 3067 1206 3130 breviter
1226 3066 1313 3129 nihil
1328 3086 1474 3148 prorsus

194 3191 315 3234 eorum
327 3191 397 3234 non
409 3171 708 3236 confidentissime
720 3185 930 3256 perpetrare
947 3195 1037 3255 quae
1057 3175 1103 3236 ad
1116 3173 1383 3237 factiosissimos
1393 3193 1460 3236 con

193 3278 495 3360 iuratissimosque
508 3279 674 3342 siccarios
683 3283 872 3362 pertinent.
898 3280 938 3341 Id
953 3282 1048 3362 quod
1061 3291 1157 3343 certe
1169 3301 1275 3362 quum
1291 3281 1340 3342 ita
1350 3283 1396 3342 ab
1405 3280 1474 3343 illis

193 3385 269 3448 fieri
305 3385 521 3467 videremus,
557 3396 595 3448 ut
630 3388 824 3468 periculum
856 3397 951 3450 esset
989 3408 1033 3450 ne
1065 3397 1100 3450 et
1127 3387 1162 3449 in
1188 3397 1309 3451 nostra
1332 3407 1473 3469 quoque

195 3492 327 3555 ditione
356 3491 425 3554 sibi
460 3493 578 3555 vicina
600 3493 787 3574 imperitae
811 3494 1044 3557 multitudinis
1068 3494 1230 3557 incautos
1263 3494 1399 3558 animos
1422 3516 1471 3558 se·

195 3602 375 3679 ducerent,
400 3598 436 3661 id
464 3598 631 3663 videlicet
655 3621 697 3664 eo
721 3601 860 3664 facilius
885 3621 955 3682 quo
979 3602 1147 3664 maiorem
1172 3601 1239 3683 ipsi
1263 3603 1474 3682 plebeculae

194 3706 394 3769 libertatem
420 3716 480 3768 aut
505 3706 683 3770 licentiam
707 3708 826 3770 verius
849 3710 1118 3789 proponebant,
1153 3708 1316 3789 equidem
1340 3709 1375 3771 in
1399 3728 1472 3771 rem

195 3813 430 3877 Christianam
453 3814 628 3876 facturum
653 3835 708 3877 me
744 3814 868 3896 putavi
875 3862 883 3894 ,
923 3815 952 3877 si
987 3814 1100 3896 primo
1137 3836 1279 3897 quoque
1313 3824 1473 3897 tempore

195 3921 301 3985 tantis
325 3931 504 3984 tantorum
533 3924 702 3985 malorum
739 3922 846 3985 initiis
880 3942 1113 3985 occurrerem.
1165 3922 1324 3986 Collecto
1353 3922 1473 4003 itaque

196 4029 364 4092 mediocri
388 4029 530 4110 quidem
555 4030 615 4091 illa
646 4031 709 4092 sed
740 4050 811 4092 non
842 4031 1103 4093 contemnenda
1131 4039 1248 4093 tamen
1273 4040 1472 4093 nostrorum

195 4136 342 4199 militum
359 4156 474 4211 manu,
499 4156 668 4199 unacum
692 4136 923 4199 auxiliaribus
948 4137 1060 4218 copiis
1083 4158 1171 4219 quas
1191 4136 1358 4200 Claudius
1375 4137 1473 4200 Carn-

195 4243 324 4325 paniae
368 4263 515 4325 praeses
550 4264 591 4306 ac
630 4244 832 4307 Ludovicus
867 4243 995 4307 Comes
1030 4243 1312 4308 Vaudemontius
1346 4243 1475 4307 fratres

196 4350 306 4413 nostri
319 4349 554 4436 adduxerant,
564 4352 598 4413 in
608 4371 669 4413 eos
685 4351 803 4413 statim
813 4350 981 4431 impetum
997 4350 1154 4431 fecimus,
1166 4352 1328 4433 adeoque
1344 4351 1475 4413 nostris

196 4458 383 4521 conatibus
399 4458 650 4540 sedulitatique
667 4457 826 4521 Christus
841 4457 931 4520 favit
942 4467 981 4519 ut
995 4457 1086 4520 intra
1102 4457 1178 4520 dies
1202 4457 1357 4540 quinque
1381 4479 1401 4520 e
1418 4457 1474 4520 tri-

196 4568 262 4628 bus
277 4564 423 4647 praeliis
440 4565 568 4646 quibus
583 4585 662 4628 curn
678 4565 764 4647 ipsis
774 4563 1006 4644 confliximus,
1020 4564 1168 4627 totidem
1177 4564 1399 4627 retulerimus
1407 4564 1474 4627 vic·

195 4672 314 4752 turias,
340 4672 453 4735 caesis
477 4672 616 4735 illorum
639 4672 810 4755 tringinta
822 4673 903 4753 plus
918 4670 1030 4734 minus
1045 4671 1210 4752 millibus,
1225 4671 1372 4735 totidem
1396 4692 1473 4753 pro-

196 4780 386 4862 pemodum
422 4779 510 4842 fusis
542 4780 758 4862 fugatisque,
817 4778 919 4841 Nunc
956 4778 1065 4861 igitur
1105 4789 1337 4861 posteaquam
1378 4779 1474 4843 bello

196 4888 263 4949 hoc
287 4886 367 4949 Deo
390 4885 597 4967 adspirante
626 4886 778 4950 feliciter
802 4886 982 4968 confecto,
1011 4888 1179 4950 reducem
1208 4889 1318 4950 habet
1347 4887 1474 4970 patria,
