<?xml version="1.0" encoding="UTF-8"?>
<!DOCTYPE html PUBLIC "-//W3C//DTD XHTML 1.0 Transitional//EN"
    "http://www.w3.org/TR/xhtml1/DTD/xhtml1-transitional.dtd">
<html xmlns="http://www.w3.org/1999/xhtml" xml:lang="en" lang="en">
 <head>
  <title>
</title>
<meta http-equiv="Content-Type" content="text/html;charset=utf-8" />
  <meta name='ocr-system' content='tesseract 3.04.00' />
  <meta name='ocr-capabilities' content='ocr_page ocr_carea ocr_par ocr_line ocrx_word'/>
</head>
<body>
  <div class='ocr_page' id='page_1' title='image "./monumentareform01vatigoog/monumentareform01vatigoog_0292.png"; bbox 0 0 3559 5734; ppageno 0'>
   <div class='ocr_carea' id='block_1_1' title="bbox 788 529 1031 589">
    <p class='ocr_par' dir='ltr' id='par_1_1' title="bbox 788 529 1031 589">
     <span class='ocr_line' id='line_1_1' title="bbox 788 529 1031 589; baseline -0.008 0"><span class='ocrx_word' id='word_1_1' title='bbox 788 529 1031 589; x_wconf 44' lang='lat' dir='ltr'>&amp;mh-0</span> 
     </span>
    </p>
   </div>
   <div class='ocr_carea' id='block_1_2' title="bbox 264 678 1549 4942">
    <p class='ocr_par' dir='ltr' id='par_1_2' title="bbox 267 678 1549 1191">
     <span class='ocr_line' id='line_1_2' title="bbox 268 678 1549 762; baseline 0 -19"><span class='ocrx_word' id='word_1_2' title='bbox 268 679 302 743; x_wconf 93' lang='lat' dir='ltr'>io</span> <span class='ocrx_word' id='word_1_3' title='bbox 326 680 431 744; x_wconf 89' lang='lat' dir='ltr'>andai</span> <span class='ocrx_word' id='word_1_4' title='bbox 456 702 477 743; x_wconf 92' lang='lat' dir='ltr'>a</span> <span class='ocrx_word' id='word_1_5' title='bbox 504 681 651 743; x_wconf 87' lang='lat' dir='ltr'>Palazzo</span> <span class='ocrx_word' id='word_1_6' title='bbox 676 700 741 762; x_wconf 88' lang='lat' dir='ltr'>per</span> <span class='ocrx_word' id='word_1_7' title='bbox 765 681 819 743; x_wconf 81' lang='lat' dir='ltr'>far</span> <span class='ocrx_word' id='word_1_8' title='bbox 843 680 980 761; x_wconf 87' lang='lat' dir='ltr'>sigillar</span> <span class='ocrx_word' id='word_1_9' title='bbox 1008 681 1136 742; x_wconf 88' lang='lat' dir='ltr'>alcuno</span> <span class='ocrx_word' id='word_1_10' title='bbox 1168 678 1203 741; x_wconf 91' lang='lat' dir='ltr'>di</span> <span class='ocrx_word' id='word_1_11' title='bbox 1228 678 1343 761; x_wconf 82' lang='lat' dir='ltr'>questi</span> <span class='ocrx_word' id='word_1_12' title='bbox 1374 679 1481 743; x_wconf 91' lang='lat' dir='ltr'>edicti</span> <span class='ocrx_word' id='word_1_13' title='bbox 1513 690 1549 743; x_wconf 91' lang='lat' dir='ltr'>et</span> 
     </span>
     <span class='ocr_line' id='line_1_3' title="bbox 268 786 1548 871; baseline 0 -20"><span class='ocrx_word' id='word_1_14' title='bbox 268 788 327 871; x_wconf 92' lang='lat' dir='ltr'>qui</span> <span class='ocrx_word' id='word_1_15' title='bbox 352 786 425 851; x_wconf 87' lang='lat' dir='ltr'>Sua</span> <span class='ocrx_word' id='word_1_16' title='bbox 447 786 586 849; x_wconf 70' lang='lat' dir='ltr'>Maesti</span> <span class='ocrx_word' id='word_1_17' title='bbox 610 788 655 849; x_wconf 91' lang='lat' dir='ltr'>mi</span> <span class='ocrx_word' id='word_1_18' title='bbox 680 788 917 850; x_wconf 78' lang='lat' dir='ltr'>raccomando</span> <span class='ocrx_word' id='word_1_19' title='bbox 942 790 1042 850; x_wconf 91' lang='lat' dir='ltr'>detta</span> <span class='ocrx_word' id='word_1_20' title='bbox 1064 807 1171 849; x_wconf 86' lang='lat' dir='ltr'>causa</span> <span class='ocrx_word' id='word_1_21' title='bbox 1195 807 1304 849; x_wconf 92' lang='lat' dir='ltr'>ancor</span> <span class='ocrx_word' id='word_1_22' title='bbox 1327 787 1456 850; x_wconf 89' lang='lat' dir='ltr'>iterato</span> <span class='ocrx_word' id='word_1_23' title='bbox 1481 789 1548 851; x_wconf 91' lang='lat' dir='ltr'>che</span> 
     </span>
     <span class='ocr_line' id='line_1_4' title="bbox 268 892 1547 978; baseline 0 -20"><span class='ocrx_word' id='word_1_24' title='bbox 268 917 306 958; x_wconf 88' lang='lat' dir='ltr'>se</span> <span class='ocrx_word' id='word_1_25' title='bbox 331 895 506 958; x_wconf 88' lang='lat' dir='ltr'>scrivesse</span> <span class='ocrx_word' id='word_1_26' title='bbox 532 915 553 956; x_wconf 89' lang='lat' dir='ltr'>a</span> <span class='ocrx_word' id='word_1_27' title='bbox 576 894 618 959; x_wconf 93' lang='lat' dir='ltr'>N.</span> <span class='ocrx_word' id='word_1_28' title='bbox 637 892 672 959; x_wconf 88' lang='lat' dir='ltr'>S.</span> <span class='ocrx_word' id='word_1_29' title='bbox 700 896 794 957; x_wconf 89' lang='lat' dir='ltr'>della</span> <span class='ocrx_word' id='word_1_30' title='bbox 817 892 943 957; x_wconf 90' lang='lat' dir='ltr'>melior</span> <span class='ocrx_word' id='word_1_31' title='bbox 967 904 1062 956; x_wconf 85' lang='lat' dir='ltr'>sorte</span> <span class='ocrx_word' id='word_1_32' title='bbox 1086 893 1184 957; x_wconf 87' lang='lat' dir='ltr'>fusse</span> <span class='ocrx_word' id='word_1_33' title='bbox 1206 894 1391 975; x_wconf 89' lang='lat' dir='ltr'>possibile,</span> <span class='ocrx_word' id='word_1_34' title='bbox 1416 896 1547 978; x_wconf 72' lang='lat' dir='ltr'>perche</span> 
     </span>
     <span class='ocr_line' id='line_1_5' title="bbox 267 1000 1546 1086; baseline 0.002 -22"><span class='ocrx_word' id='word_1_35' title='bbox 267 1024 306 1066; x_wconf 91' lang='lat' dir='ltr'>re</span> <span class='ocrx_word' id='word_1_36' title='bbox 330 1022 417 1065; x_wconf 89' lang='lat' dir='ltr'>vera</span> <span class='ocrx_word' id='word_1_37' title='bbox 441 1000 551 1065; x_wconf 84' lang='lat' dir='ltr'>Cesar</span> <span class='ocrx_word' id='word_1_38' title='bbox 574 1002 684 1064; x_wconf 89' lang='lat' dir='ltr'>molto</span> <span class='ocrx_word' id='word_1_39' title='bbox 708 1001 897 1064; x_wconf 87' lang='lat' dir='ltr'>volentieri</span> <span class='ocrx_word' id='word_1_40' title='bbox 921 1001 957 1063; x_wconf 86' lang='lat' dir='ltr'>fa</span> <span class='ocrx_word' id='word_1_41' title='bbox 981 1002 1150 1084; x_wconf 87' lang='lat' dir='ltr'>appiacer</span> <span class='ocrx_word' id='word_1_42' title='bbox 1167 1003 1199 1063; x_wconf 88' lang='lat' dir='ltr'>al</span> <span class='ocrx_word' id='word_1_43' title='bbox 1216 1002 1395 1085; x_wconf 84' lang='lat' dir='ltr'>Episcopo</span> <span class='ocrx_word' id='word_1_44' title='bbox 1418 1014 1453 1067; x_wconf 92' lang='lat' dir='ltr'>et</span> <span class='ocrx_word' id='word_1_45' title='bbox 1469 1025 1546 1086; x_wconf 91' lang='lat' dir='ltr'>pre-</span> 
     </span>
     <span class='ocr_line' id='line_1_6' title="bbox 267 1109 1128 1191; baseline -0.001 -19"><span class='ocrx_word' id='word_1_46' title='bbox 267 1111 387 1179; x_wconf 79' lang='lat' dir='ltr'>sertim</span> <span class='ocrx_word' id='word_1_47' title='bbox 412 1110 521 1190; x_wconf 92' lang='lat' dir='ltr'>dopoi</span> <span class='ocrx_word' id='word_1_48' title='bbox 547 1119 670 1191; x_wconf 87' lang='lat' dir='ltr'>questa</span> <span class='ocrx_word' id='word_1_49' title='bbox 695 1109 866 1171; x_wconf 90' lang='lat' dir='ltr'>mutation</span> <span class='ocrx_word' id='word_1_50' title='bbox 893 1109 951 1171; x_wconf 91' lang='lat' dir='ltr'>del</span> <span class='ocrx_word' id='word_1_51' title='bbox 976 1109 1128 1171; x_wconf 78' lang='lat' dir='ltr'>fratello,</span> 
     </span>
    </p>

    <p class='ocr_par' dir='ltr' id='par_1_3' title="bbox 266 1215 1549 2156">
     <span class='ocr_line' id='line_1_7' title="bbox 357 1215 1547 1299; baseline 0.004 -21"><span class='ocrx_word' id='word_1_52' title='bbox 357 1215 529 1298; x_wconf 87' lang='lat' dir='ltr'>Supplico</span> <span class='ocrx_word' id='word_1_53' title='bbox 554 1218 619 1278; x_wconf 88' lang='lat' dir='ltr'>che</span> <span class='ocrx_word' id='word_1_54' title='bbox 643 1216 678 1278; x_wconf 91' lang='lat' dir='ltr'>in</span> <span class='ocrx_word' id='word_1_55' title='bbox 703 1226 830 1297; x_wconf 88' lang='lat' dir='ltr'>questa</span> <span class='ocrx_word' id='word_1_56' title='bbox 854 1236 961 1278; x_wconf 88' lang='lat' dir='ltr'>causa</span> <span class='ocrx_word' id='word_1_57' title='bbox 994 1236 1033 1277; x_wconf 91' lang='lat' dir='ltr'>se</span> <span class='ocrx_word' id='word_1_58' title='bbox 1057 1215 1180 1277; x_wconf 91' lang='lat' dir='ltr'>habbii</span> <span class='ocrx_word' id='word_1_59' title='bbox 1211 1218 1320 1279; x_wconf 90' lang='lat' dir='ltr'>molto</span> <span class='ocrx_word' id='word_1_60' title='bbox 1354 1237 1443 1299; x_wconf 83' lang='lat' dir='ltr'>gran</span> <span class='ocrx_word' id='word_1_61' title='bbox 1477 1241 1547 1283; x_wconf 91' lang='lat' dir='ltr'>res-</span> 
     </span>
     <span class='ocr_line' id='line_1_8' title="bbox 266 1323 1547 1406; baseline 0.001 -19"><span class='ocrx_word' id='word_1_62' title='bbox 266 1334 369 1406; x_wconf 88' lang='lat' dir='ltr'>pesto</span> <span class='ocrx_word' id='word_1_63' title='bbox 393 1345 415 1386; x_wconf 86' lang='lat' dir='ltr'>a</span> <span class='ocrx_word' id='word_1_64' title='bbox 439 1325 538 1386; x_wconf 91' lang='lat' dir='ltr'>detto</span> <span class='ocrx_word' id='word_1_65' title='bbox 563 1324 733 1406; x_wconf 88' lang='lat' dir='ltr'>episcopo</span> <span class='ocrx_word' id='word_1_66' title='bbox 766 1325 797 1384; x_wconf 85' lang='lat' dir='ltr'>el</span> <span class='ocrx_word' id='word_1_67' title='bbox 823 1324 906 1404; x_wconf 90' lang='lat' dir='ltr'>qual</span> <span class='ocrx_word' id='word_1_68' title='bbox 930 1323 1096 1385; x_wconf 85' lang='lat' dir='ltr'>havendo</span> <span class='ocrx_word' id='word_1_69' title='bbox 1120 1342 1227 1404; x_wconf 89' lang='lat' dir='ltr'>speso</span> <span class='ocrx_word' id='word_1_70' title='bbox 1253 1344 1291 1401; x_wconf 81' lang='lat'>23</span> <span class='ocrx_word' id='word_1_71' title='bbox 1320 1324 1402 1387; x_wconf 87' lang='lat' dir='ltr'>mila</span> <span class='ocrx_word' id='word_1_72' title='bbox 1427 1327 1547 1390; x_wconf 87' lang='lat' dir='ltr'>ducati</span> 
     </span>
     <span class='ocr_line' id='line_1_9' title="bbox 266 1429 1548 1513; baseline 0.004 -20"><span class='ocrx_word' id='word_1_73' title='bbox 266 1430 301 1494; x_wconf 92' lang='lat' dir='ltr'>in</span> <span class='ocrx_word' id='word_1_74' title='bbox 326 1433 361 1494; x_wconf 82' lang='lat' dir='ltr'>la</span> <span class='ocrx_word' id='word_1_75' title='bbox 385 1431 592 1513; x_wconf 83' lang='lat' dir='ltr'>expedition</span> <span class='ocrx_word' id='word_1_76' title='bbox 617 1432 799 1494; x_wconf 81' lang='lat' dir='ltr'>valentina</span> <span class='ocrx_word' id='word_1_77' title='bbox 814 1451 893 1493; x_wconf 90' lang='lat' dir='ltr'>cum</span> <span class='ocrx_word' id='word_1_78' title='bbox 909 1429 1109 1493; x_wconf 89' lang='lat' dir='ltr'>retentione</span> <span class='ocrx_word' id='word_1_79' title='bbox 1125 1440 1191 1493; x_wconf 89' lang='lat' dir='ltr'>etc.</span> <span class='ocrx_word' id='word_1_80' title='bbox 1217 1433 1282 1494; x_wconf 93' lang='lat' dir='ltr'>che</span> <span class='ocrx_word' id='word_1_81' title='bbox 1307 1432 1325 1493; x_wconf 75' lang='grc' dir='ltr'>ὲ</span> <span class='ocrx_word' id='word_1_82' title='bbox 1350 1434 1382 1494; x_wconf 87' lang='lat' dir='ltr'>la</span> <span class='ocrx_word' id='word_1_83' title='bbox 1408 1444 1548 1498; x_wconf 86' lang='lat' dir='ltr'>entrata</span> 
     </span>
     <span class='ocr_line' id='line_1_10' title="bbox 267 1537 1549 1621; baseline 0.002 -20"><span class='ocrx_word' id='word_1_84' title='bbox 267 1539 302 1601; x_wconf 91' lang='lat' dir='ltr'>di</span> <span class='ocrx_word' id='word_1_85' title='bbox 328 1538 413 1601; x_wconf 86' lang='lat' dir='ltr'>forsi</span> <span class='ocrx_word' id='word_1_86' title='bbox 438 1549 491 1602; x_wconf 88' lang='lat' dir='ltr'>tre</span> <span class='ocrx_word' id='word_1_87' title='bbox 516 1540 617 1620; x_wconf 82' lang='lat' dir='ltr'>anni,</span> <span class='ocrx_word' id='word_1_88' title='bbox 651 1540 892 1620; x_wconf 87' lang='lat' dir='ltr'>computando</span> <span class='ocrx_word' id='word_1_89' title='bbox 924 1538 945 1600; x_wconf 87' lang='lat' dir='ltr'>l&#39;</span> <span class='ocrx_word' id='word_1_90' title='bbox 973 1538 1145 1600; x_wconf 82' lang='lat' dir='ltr'><strong>interesse</strong></span> <span class='ocrx_word' id='word_1_91' title='bbox 1177 1541 1243 1601; x_wconf 88' lang='lat' dir='ltr'>che</span> <span class='ocrx_word' id='word_1_92' title='bbox 1266 1537 1305 1601; x_wconf 87' lang='lat' dir='ltr'>fu</span> <span class='ocrx_word' id='word_1_93' title='bbox 1328 1551 1462 1621; x_wconf 86' lang='lat' dir='ltr'>pagato</span> <span class='ocrx_word' id='word_1_94' title='bbox 1487 1542 1549 1604; x_wconf 87' lang='lat' dir='ltr'>alli</span> 
     </span>
     <span class='ocr_line' id='line_1_11' title="bbox 266 1645 1547 1726; baseline 0.002 -18"><span class='ocrx_word' id='word_1_95' title='bbox 266 1647 438 1708; x_wconf 88' lang='lat' dir='ltr'>bancheri</span> <span class='ocrx_word' id='word_1_96' title='bbox 475 1651 541 1709; x_wconf 93' lang='lat' dir='ltr'>che</span> <span class='ocrx_word' id='word_1_97' title='bbox 576 1645 698 1709; x_wconf 87' lang='lat' dir='ltr'>fecero</span> <span class='ocrx_word' id='word_1_98' title='bbox 732 1648 780 1708; x_wconf 87' lang='lat' dir='ltr'>tal</span> <span class='ocrx_word' id='word_1_99' title='bbox 814 1645 1044 1726; x_wconf 82' lang='lat' dir='ltr'>expeditione</span> <span class='ocrx_word' id='word_1_100' title='bbox 1082 1657 1119 1707; x_wconf 90' lang='lat' dir='ltr'>et</span> <span class='ocrx_word' id='word_1_101' title='bbox 1152 1645 1265 1725; x_wconf 80' lang='lat' dir='ltr'>perho</span> <span class='ocrx_word' id='word_1_102' title='bbox 1294 1646 1414 1710; x_wconf 89' lang='lat' dir='ltr'>hanno</span> <span class='ocrx_word' id='word_1_103' title='bbox 1448 1649 1547 1711; x_wconf 90' lang='lat' dir='ltr'>detto</span> 
     </span>
     <span class='ocr_line' id='line_1_12' title="bbox 267 1752 1548 1836; baseline 0.002 -20"><span class='ocrx_word' id='word_1_104' title='bbox 267 1754 475 1836; x_wconf 88' lang='lat' dir='ltr'>episcopato</span> <span class='ocrx_word' id='word_1_105' title='bbox 499 1776 521 1816; x_wconf 91' lang='lat' dir='ltr'>a</span> <span class='ocrx_word' id='word_1_106' title='bbox 544 1754 657 1818; x_wconf 85' lang='lat' dir='ltr'>ferma</span> <span class='ocrx_word' id='word_1_107' title='bbox 680 1775 745 1835; x_wconf 90' lang='lat' dir='ltr'>per</span> <span class='ocrx_word' id='word_1_108' title='bbox 769 1762 823 1816; x_wconf 87' lang='lat' dir='ltr'>tre</span> <span class='ocrx_word' id='word_1_109' title='bbox 847 1752 931 1815; x_wconf 90' lang='lat' dir='ltr'>anni</span> <span class='ocrx_word' id='word_1_110' title='bbox 955 1752 1126 1834; x_wconf 82' lang='lat' dir='ltr'>proximi,</span> <span class='ocrx_word' id='word_1_111' title='bbox 1161 1764 1196 1813; x_wconf 89' lang='lat' dir='ltr'>et</span> <span class='ocrx_word' id='word_1_112' title='bbox 1224 1752 1284 1833; x_wconf 69' lang='lat' dir='ltr'>git</span> <span class='ocrx_word' id='word_1_113' title='bbox 1313 1755 1548 1836; x_wconf 88' lang='lat' dir='ltr'>besognando</span> 
     </span>
     <span class='ocr_line' id='line_1_13' title="bbox 267 1859 1548 1944; baseline 0.005 -23"><span class='ocrx_word' id='word_1_114' title='bbox 267 1881 380 1942; x_wconf 85' lang='lat' dir='ltr'>pagar</span> <span class='ocrx_word' id='word_1_115' title='bbox 405 1862 438 1922; x_wconf 87' lang='lat' dir='ltr'>al</span> <span class='ocrx_word' id='word_1_116' title='bbox 462 1864 655 1924; x_wconf 87' lang='lat' dir='ltr'>arendator</span> <span class='ocrx_word' id='word_1_117' title='bbox 679 1863 793 1944; x_wconf 93' lang='lat' dir='ltr'>primo</span> <span class='ocrx_word' id='word_1_118' title='bbox 817 1881 883 1941; x_wconf 89' lang='lat' dir='ltr'>per</span> <span class='ocrx_word' id='word_1_119' title='bbox 907 1862 976 1922; x_wconf 91' lang='lat' dir='ltr'>due</span> <span class='ocrx_word' id='word_1_120' title='bbox 1001 1859 1104 1939; x_wconf 87' lang='lat' dir='ltr'>anni,</span> <span class='ocrx_word' id='word_1_121' title='bbox 1136 1879 1207 1922; x_wconf 92' lang='lat' dir='ltr'>non</span> <span class='ocrx_word' id='word_1_122' title='bbox 1232 1859 1250 1921; x_wconf 76' lang='grc' dir='ltr'>ἐ</span> <span class='ocrx_word' id='word_1_123' title='bbox 1274 1862 1484 1944; x_wconf 86' lang='lat' dir='ltr'>maraviglia</span> <span class='ocrx_word' id='word_1_124' title='bbox 1507 1886 1548 1928; x_wconf 90' lang='lat' dir='ltr'>se</span> 
     </span>
     <span class='ocr_line' id='line_1_14' title="bbox 266 1966 1547 2049; baseline 0.005 -21"><span class='ocrx_word' id='word_1_125' title='bbox 266 1968 529 2049; x_wconf 90' lang='lat' dir='ltr'>quodammodo</span> <span class='ocrx_word' id='word_1_126' title='bbox 554 1989 592 2031; x_wconf 88' lang='lat' dir='ltr'>se</span> <span class='ocrx_word' id='word_1_127' title='bbox 617 1969 780 2049; x_wconf 80' lang='lat' dir='ltr'>despera,</span> <span class='ocrx_word' id='word_1_128' title='bbox 806 1978 841 2030; x_wconf 88' lang='lat' dir='ltr'>et</span> <span class='ocrx_word' id='word_1_129' title='bbox 866 1978 965 2029; x_wconf 89' lang='lat' dir='ltr'>tanto</span> <span class='ocrx_word' id='word_1_130' title='bbox 991 1966 1103 2048; x_wconf 80' lang='lat' dir='ltr'>magis</span> <span class='ocrx_word' id='word_1_131' title='bbox 1128 1966 1259 2047; x_wconf 76' lang='lat' dir='ltr'>perche</span> <span class='ocrx_word' id='word_1_132' title='bbox 1284 1966 1332 2029; x_wconf 91' lang='lat' dir='ltr'>lui</span> <span class='ocrx_word' id='word_1_133' title='bbox 1348 1988 1418 2031; x_wconf 91' lang='lat' dir='ltr'>non</span> <span class='ocrx_word' id='word_1_134' title='bbox 1436 1971 1547 2034; x_wconf 90' lang='lat' dir='ltr'>molto</span> 
     </span>
     <span class='ocr_line' id='line_1_15' title="bbox 266 2072 1420 2156; baseline 0.001 -19"><span class='ocrx_word' id='word_1_135' title='bbox 266 2074 455 2138; x_wconf 91' lang='lat' dir='ltr'>volentieri</span> <span class='ocrx_word' id='word_1_136' title='bbox 478 2074 590 2156; x_wconf 90' lang='lat' dir='ltr'>perde</span> <span class='ocrx_word' id='word_1_137' title='bbox 614 2073 637 2135; x_wconf 93' lang='lat' dir='ltr'>il</span> <span class='ocrx_word' id='word_1_138' title='bbox 663 2075 798 2136; x_wconf 85' lang='lat' dir='ltr'>danaro</span> <span class='ocrx_word' id='word_1_139' title='bbox 823 2088 859 2136; x_wconf 89' lang='lat' dir='ltr'>et</span> <span class='ocrx_word' id='word_1_140' title='bbox 882 2073 1070 2155; x_wconf 86' lang='lat' dir='ltr'>presertim</span> <span class='ocrx_word' id='word_1_141' title='bbox 1092 2072 1128 2134; x_wconf 88' lang='lat' dir='ltr'>in</span> <span class='ocrx_word' id='word_1_142' title='bbox 1153 2081 1253 2135; x_wconf 87' lang='lat' dir='ltr'>tanta</span> <span class='ocrx_word' id='word_1_143' title='bbox 1275 2093 1420 2139; x_wconf 90' lang='lat' dir='ltr'>summa.</span> 
     </span>
    </p>

    <p class='ocr_par' dir='ltr' id='par_1_4' title="bbox 264 2174 1549 3011">
     <span class='ocr_line' id='line_1_16' title="bbox 355 2174 1549 2266; baseline 0.003 -22"><span class='ocrx_word' id='word_1_144' title='bbox 355 2181 457 2245; x_wconf 91' lang='lat' dir='ltr'>Molti</span> <span class='ocrx_word' id='word_1_145' title='bbox 482 2181 561 2261; x_wconf 87' lang='lat' dir='ltr'>capi</span> <span class='ocrx_word' id='word_1_146' title='bbox 595 2201 684 2244; x_wconf 91' lang='lat' dir='ltr'>sono</span> <span class='ocrx_word' id='word_1_147' title='bbox 717 2202 782 2265; x_wconf 92' lang='lat' dir='ltr'>per</span> <span class='ocrx_word' id='word_1_148' title='bbox 813 2182 836 2243; x_wconf 92' lang='lat' dir='ltr'>li</span> <span class='ocrx_word' id='word_1_149' title='bbox 868 2182 965 2263; x_wconf 89' lang='lat' dir='ltr'>quali</span> <span class='ocrx_word' id='word_1_150' title='bbox 996 2201 1083 2263; x_wconf 87' lang='lat' dir='ltr'>pare</span> <span class='ocrx_word' id='word_1_151' title='bbox 1117 2183 1182 2244; x_wconf 93' lang='lat' dir='ltr'>che</span> <span class='ocrx_word' id='word_1_152' title='bbox 1206 2174 1316 2245; x_wconf 80' lang='lat' dir='ltr'>Cesar</span> <span class='ocrx_word' id='word_1_153' title='bbox 1349 2193 1386 2246; x_wconf 90' lang='lat' dir='ltr'>et</span> <span class='ocrx_word' id='word_1_154' title='bbox 1421 2196 1549 2266; x_wconf 89' lang='lat' dir='ltr'>questa</span> 
     </span>
     <span class='ocr_line' id='line_1_17' title="bbox 266 2288 1545 2371; baseline 0.002 -20"><span class='ocrx_word' id='word_1_155' title='bbox 266 2299 364 2351; x_wconf 89' lang='lat' dir='ltr'>corte</span> <span class='ocrx_word' id='word_1_156' title='bbox 389 2290 609 2351; x_wconf 78' lang='lat' dir='ltr'>tumultuario</span> <span class='ocrx_word' id='word_1_157' title='bbox 633 2309 698 2369; x_wconf 91' lang='lat' dir='ltr'>per</span> <span class='ocrx_word' id='word_1_158' title='bbox 727 2292 798 2351; x_wconf 79' lang='lat' dir='ltr'>tate</span> <span class='ocrx_word' id='word_1_159' title='bbox 829 2291 1079 2351; x_wconf 87' lang='lat' dir='ltr'>arrendatione</span> <span class='ocrx_word' id='word_1_160' title='bbox 1112 2298 1148 2350; x_wconf 92' lang='lat' dir='ltr'>et</span> <span class='ocrx_word' id='word_1_161' title='bbox 1180 2288 1368 2371; x_wconf 85' lang='lat' dir='ltr'>presertim</span> <span class='ocrx_word' id='word_1_162' title='bbox 1398 2292 1423 2352; x_wconf 90' lang='lat' dir='ltr'>il</span> <span class='ocrx_word' id='word_1_163' title='bbox 1457 2290 1545 2354; x_wconf 91' lang='lat' dir='ltr'>Con-</span> 
     </span>
     <span class='ocr_line' id='line_1_18' title="bbox 265 2395 1549 2479; baseline 0.002 -21"><span class='ocrx_word' id='word_1_164' title='bbox 265 2396 394 2472; x_wconf 85' lang='lat' dir='ltr'>fessor,</span> <span class='ocrx_word' id='word_1_165' title='bbox 420 2396 551 2477; x_wconf 74' lang='lat' dir='ltr'>perche</span> <span class='ocrx_word' id='word_1_166' title='bbox 576 2417 598 2458; x_wconf 94' lang='lat' dir='ltr'>a</span> <span class='ocrx_word' id='word_1_167' title='bbox 621 2406 747 2477; x_wconf 89' lang='lat' dir='ltr'>questo</span> <span class='ocrx_word' id='word_1_168' title='bbox 772 2396 877 2458; x_wconf 92' lang='lat' dir='ltr'>modo</span> <span class='ocrx_word' id='word_1_169' title='bbox 904 2396 1041 2479; x_wconf 87' lang='lat' dir='ltr'>dicon0,</span> <span class='ocrx_word' id='word_1_170' title='bbox 1067 2398 1133 2458; x_wconf 93' lang='lat' dir='ltr'>che</span> <span class='ocrx_word' id='word_1_171' title='bbox 1157 2395 1186 2457; x_wconf 91' lang='lat' dir='ltr'>si</span> <span class='ocrx_word' id='word_1_172' title='bbox 1211 2399 1387 2478; x_wconf 90' lang='lat' dir='ltr'>potrebbe</span> <span class='ocrx_word' id='word_1_173' title='bbox 1412 2398 1549 2461; x_wconf 87' lang='lat' dir='ltr'>alienar</span> 
     </span>
     <span class='ocr_line' id='line_1_19' title="bbox 265 2502 1546 2586; baseline 0.002 -21"><span class='ocrx_word' id='word_1_174' title='bbox 265 2511 358 2566; x_wconf 91' lang='lat' dir='ltr'>tutta</span> <span class='ocrx_word' id='word_1_175' title='bbox 381 2503 402 2565; x_wconf 89' lang='lat' dir='ltr'>l&#39;</span> <span class='ocrx_word' id='word_1_176' title='bbox 421 2511 561 2565; x_wconf 89' lang='lat' dir='ltr'>entrata</span> <span class='ocrx_word' id='word_1_177' title='bbox 586 2502 620 2563; x_wconf 93' lang='lat' dir='ltr'>di</span> <span class='ocrx_word' id='word_1_178' title='bbox 645 2503 853 2584; x_wconf 87' lang='lat' dir='ltr'>Episcopati</span> <span class='ocrx_word' id='word_1_179' title='bbox 878 2504 937 2565; x_wconf 93' lang='lat' dir='ltr'>del</span> <span class='ocrx_word' id='word_1_180' title='bbox 961 2503 1103 2582; x_wconf 82' lang='lat' dir='ltr'>mund0‚</span> <span class='ocrx_word' id='word_1_181' title='bbox 1128 2503 1306 2583; x_wconf 83' lang='lat' dir='ltr'>donando,</span> <span class='ocrx_word' id='word_1_182' title='bbox 1332 2508 1382 2585; x_wconf 90' lang='lat' dir='ltr'>(ut</span> <span class='ocrx_word' id='word_1_183' title='bbox 1404 2503 1472 2586; x_wconf 91' lang='lat' dir='ltr'>ipsi</span> <span class='ocrx_word' id='word_1_184' title='bbox 1496 2505 1546 2567; x_wconf 91' lang='lat' dir='ltr'>di-</span> 
     </span>
     <span class='ocr_line' id='line_1_20' title="bbox 266 2610 1546 2693; baseline 0.002 -21"><span class='ocrx_word' id='word_1_185' title='bbox 266 2611 363 2692; x_wconf 89' lang='lat' dir='ltr'>cunt)</span> <span class='ocrx_word' id='word_1_186' title='bbox 389 2611 538 2691; x_wconf 86' lang='lat' dir='ltr'>qualche</span> <span class='ocrx_word' id='word_1_187' title='bbox 563 2629 647 2672; x_wconf 90' lang='lat' dir='ltr'>cosa</span> <span class='ocrx_word' id='word_1_188' title='bbox 672 2611 704 2672; x_wconf 89' lang='lat' dir='ltr'>al</span> <span class='ocrx_word' id='word_1_189' title='bbox 730 2610 848 2691; x_wconf 81' lang='lat' dir='ltr'>Papa,</span> <span class='ocrx_word' id='word_1_190' title='bbox 880 2610 978 2673; x_wconf 79' lang='lat' dir='ltr'>accio</span> <span class='ocrx_word' id='word_1_191' title='bbox 1003 2610 1027 2672; x_wconf 90' lang='lat' dir='ltr'>li</span> <span class='ocrx_word' id='word_1_192' title='bbox 1052 2610 1221 2693; x_wconf 88' lang='lat' dir='ltr'>Episcopi</span> <span class='ocrx_word' id='word_1_193' title='bbox 1244 2610 1462 2692; x_wconf 87' lang='lat' dir='ltr'>pigliasseno</span> <span class='ocrx_word' id='word_1_194' title='bbox 1487 2614 1546 2675; x_wconf 92' lang='lat' dir='ltr'>da-</span> 
     </span>
     <span class='ocr_line' id='line_1_21' title="bbox 266 2716 1548 2800; baseline 0.004 -21"><span class='ocrx_word' id='word_1_195' title='bbox 266 2716 344 2779; x_wconf 85' lang='lat' dir='ltr'>nari</span> <span class='ocrx_word' id='word_1_196' title='bbox 368 2717 453 2778; x_wconf 90' lang='lat' dir='ltr'>dalli</span> <span class='ocrx_word' id='word_1_197' title='bbox 478 2716 700 2779; x_wconf 88' lang='lat' dir='ltr'>arrendatori</span> <span class='ocrx_word' id='word_1_198' title='bbox 723 2717 829 2778; x_wconf 91' lang='lat' dir='ltr'>etiam</span> <span class='ocrx_word' id='word_1_199' title='bbox 854 2728 936 2799; x_wconf 91' lang='lat' dir='ltr'>post</span> <span class='ocrx_word' id='word_1_200' title='bbox 950 2727 1109 2795; x_wconf 76' lang='lat' dir='ltr'>mortem,</span> <span class='ocrx_word' id='word_1_201' title='bbox 1134 2718 1325 2800; x_wconf 84' lang='lat' dir='ltr'>allegando</span> <span class='ocrx_word' id='word_1_202' title='bbox 1351 2719 1456 2783; x_wconf 84' lang='lat' dir='ltr'>etiam</span> <span class='ocrx_word' id='word_1_203' title='bbox 1480 2723 1548 2784; x_wconf 90' lang='lat' dir='ltr'>che</span> 
     </span>
     <span class='ocr_line' id='line_1_22' title="bbox 264 2823 1547 2907; baseline 0.004 -21"><span class='ocrx_word' id='word_1_204' title='bbox 264 2824 324 2906; x_wconf 90' lang='lat' dir='ltr'>qui</span> <span class='ocrx_word' id='word_1_205' title='bbox 350 2824 453 2886; x_wconf 88' lang='lat' dir='ltr'>altari</span> <span class='ocrx_word' id='word_1_206' title='bbox 477 2823 587 2886; x_wconf 89' lang='lat' dir='ltr'>servit</span> <span class='ocrx_word' id='word_1_207' title='bbox 611 2825 657 2885; x_wconf 92' lang='lat' dir='ltr'>de</span> <span class='ocrx_word' id='word_1_208' title='bbox 682 2823 783 2886; x_wconf 85' lang='lat' dir='ltr'>altari</span> <span class='ocrx_word' id='word_1_209' title='bbox 808 2824 931 2886; x_wconf 89' lang='lat' dir='ltr'>vivere</span> <span class='ocrx_word' id='word_1_210' title='bbox 956 2826 1082 2902; x_wconf 90' lang='lat' dir='ltr'>debet,</span> <span class='ocrx_word' id='word_1_211' title='bbox 1117 2827 1148 2887; x_wconf 85' lang='lat' dir='ltr'>el</span> <span class='ocrx_word' id='word_1_212' title='bbox 1174 2826 1240 2887; x_wconf 92' lang='lat' dir='ltr'>che</span> <span class='ocrx_word' id='word_1_213' title='bbox 1265 2846 1334 2887; x_wconf 92' lang='lat' dir='ltr'>non</span> <span class='ocrx_word' id='word_1_214' title='bbox 1360 2837 1444 2907; x_wconf 89' lang='lat' dir='ltr'>pote</span> <span class='ocrx_word' id='word_1_215' title='bbox 1468 2828 1547 2891; x_wconf 86' lang='lat' dir='ltr'>fare</span> 
     </span>
     <span class='ocr_line' id='line_1_23' title="bbox 266 2930 1271 3011; baseline 0.001 -18"><span class='ocrx_word' id='word_1_216' title='bbox 266 2932 298 2993; x_wconf 92' lang='lat' dir='ltr'>el</span> <span class='ocrx_word' id='word_1_217' title='bbox 322 2931 493 2993; x_wconf 91' lang='lat' dir='ltr'>moderno</span> <span class='ocrx_word' id='word_1_218' title='bbox 517 2930 788 3011; x_wconf 85' lang='lat' dir='ltr'>archiepiscopo</span> <span class='ocrx_word' id='word_1_219' title='bbox 813 2940 929 2993; x_wconf 86' lang='lat' dir='ltr'>stante</span> <span class='ocrx_word' id='word_1_220' title='bbox 953 2932 987 2992; x_wconf 87' lang='lat' dir='ltr'>la</span> <span class='ocrx_word' id='word_1_221' title='bbox 1011 2932 1271 2994; x_wconf 88' lang='lat' dir='ltr'>arrendatione.</span> 
     </span>
    </p>

    <p class='ocr_par' dir='ltr' id='par_1_5' title="bbox 266 3037 1547 3334">
     <span class='ocr_line' id='line_1_24' title="bbox 355 3037 1547 3124; baseline 0.003 -25"><span class='ocrx_word' id='word_1_222' title='bbox 355 3037 494 3100; x_wconf 89' lang='lat' dir='ltr'>Dicono</span> <span class='ocrx_word' id='word_1_223' title='bbox 519 3040 585 3100; x_wconf 91' lang='lat' dir='ltr'>che</span> <span class='ocrx_word' id='word_1_224' title='bbox 610 3037 632 3099; x_wconf 90' lang='lat' dir='ltr'>&#39;l</span> <span class='ocrx_word' id='word_1_225' title='bbox 656 3037 804 3101; x_wconf 83' lang='lat' dir='ltr'>defunto</span> <span class='ocrx_word' id='word_1_226' title='bbox 829 3037 1100 3119; x_wconf 87' lang='lat' dir='ltr'>archiepiscopo</span> <span class='ocrx_word' id='word_1_227' title='bbox 1128 3042 1175 3100; x_wconf 93' lang='lat' dir='ltr'>ha</span> <span class='ocrx_word' id='word_1_228' title='bbox 1198 3037 1289 3102; x_wconf 87' lang='lat' dir='ltr'>fatto</span> <span class='ocrx_word' id='word_1_229' title='bbox 1313 3039 1410 3111; x_wconf 87' lang='lat' dir='ltr'>molti</span> <span class='ocrx_word' id='word_1_230' title='bbox 1435 3041 1547 3124; x_wconf 85' lang='lat' dir='ltr'>legati</span> 
     </span>
     <span class='ocr_line' id='line_1_25' title="bbox 266 3143 1546 3227; baseline 0.004 -21"><span class='ocrx_word' id='word_1_231' title='bbox 266 3146 310 3206; x_wconf 94' lang='lat' dir='ltr'>de</span> <span class='ocrx_word' id='word_1_232' title='bbox 335 3165 418 3207; x_wconf 91' lang='lat' dir='ltr'>cose</span> <span class='ocrx_word' id='word_1_233' title='bbox 443 3165 514 3207; x_wconf 90' lang='lat' dir='ltr'>non</span> <span class='ocrx_word' id='word_1_234' title='bbox 540 3165 613 3226; x_wconf 81' lang='lat' dir='ltr'>sue,</span> <span class='ocrx_word' id='word_1_235' title='bbox 638 3145 662 3206; x_wconf 91' lang='lat' dir='ltr'>li</span> <span class='ocrx_word' id='word_1_236' title='bbox 687 3143 782 3225; x_wconf 89' lang='lat' dir='ltr'>quali</span> <span class='ocrx_word' id='word_1_237' title='bbox 806 3143 917 3226; x_wconf 80' lang='lat' dir='ltr'>legari</span> <span class='ocrx_word' id='word_1_238' title='bbox 941 3145 971 3207; x_wconf 91' lang='lat' dir='ltr'>si</span> <span class='ocrx_word' id='word_1_239' title='bbox 994 3154 1126 3226; x_wconf 92' lang='lat' dir='ltr'>poteno</span> <span class='ocrx_word' id='word_1_240' title='bbox 1151 3165 1293 3227; x_wconf 91' lang='lat' dir='ltr'>romper</span> <span class='ocrx_word' id='word_1_241' title='bbox 1320 3156 1355 3210; x_wconf 90' lang='lat' dir='ltr'>et</span> <span class='ocrx_word' id='word_1_242' title='bbox 1379 3149 1463 3210; x_wconf 85' lang='lat' dir='ltr'>delli</span> <span class='ocrx_word' id='word_1_243' title='bbox 1487 3149 1546 3211; x_wconf 91' lang='lat' dir='ltr'>da·</span> 
     </span>
     <span class='ocr_line' id='line_1_26' title="bbox 266 3251 1546 3334; baseline 0.003 -20"><span class='ocrx_word' id='word_1_244' title='bbox 266 3251 342 3314; x_wconf 89' lang='lat' dir='ltr'>nari</span> <span class='ocrx_word' id='word_1_245' title='bbox 368 3254 433 3315; x_wconf 89' lang='lat' dir='ltr'>che</span> <span class='ocrx_word' id='word_1_246' title='bbox 458 3252 492 3314; x_wconf 91' lang='lat' dir='ltr'>in</span> <span class='ocrx_word' id='word_1_247' title='bbox 518 3255 587 3315; x_wconf 90' lang='lat' dir='ltr'>essi</span> <span class='ocrx_word' id='word_1_248' title='bbox 611 3252 640 3314; x_wconf 90' lang='lat' dir='ltr'>si</span> <span class='ocrx_word' id='word_1_249' title='bbox 664 3255 816 3314; x_wconf 87' lang='lat' dir='ltr'>havesse</span> <span class='ocrx_word' id='word_1_250' title='bbox 841 3252 886 3313; x_wconf 87' lang='lat' dir='ltr'>ad</span> <span class='ocrx_word' id='word_1_251' title='bbox 912 3253 1097 3332; x_wconf 79' lang='lat' dir='ltr'>expendet</span> <span class='ocrx_word' id='word_1_252' title='bbox 1121 3273 1236 3334; x_wconf 86' lang='lat' dir='ltr'>pagar</span> <span class='ocrx_word' id='word_1_253' title='bbox 1264 3255 1287 3315; x_wconf 95' lang='lat' dir='ltr'>li</span> <span class='ocrx_word' id='word_1_254' title='bbox 1312 3256 1546 3319; x_wconf 89' lang='lat' dir='ltr'>arrendatori.</span> 
     </span>
    </p>

    <p class='ocr_par' dir='ltr' id='par_1_6' title="bbox 265 3358 1546 3655">
     <span class='ocr_line' id='line_1_27' title="bbox 356 3358 1545 3440; baseline 0.003 -20"><span class='ocrx_word' id='word_1_255' title='bbox 356 3360 526 3421; x_wconf 87' lang='lat' dir='ltr'>Preterea</span> <span class='ocrx_word' id='word_1_256' title='bbox 550 3359 717 3440; x_wconf 74' lang='lat' dir='ltr'>allegatio</span> <span class='ocrx_word' id='word_1_257' title='bbox 743 3379 841 3421; x_wconf 88' lang='lat' dir='ltr'>esser</span> <span class='ocrx_word' id='word_1_258' title='bbox 863 3358 901 3419; x_wconf 92' lang='lat' dir='ltr'>in</span> <span class='ocrx_word' id='word_1_259' title='bbox 923 3379 1040 3420; x_wconf 90' lang='lat' dir='ltr'>rerum</span> <span class='ocrx_word' id='word_1_260' title='bbox 1065 3368 1190 3422; x_wconf 90' lang='lat' dir='ltr'>natura</span> <span class='ocrx_word' id='word_1_261' title='bbox 1228 3360 1326 3422; x_wconf 90' lang='lat' dir='ltr'>molti</span> <span class='ocrx_word' id='word_1_262' title='bbox 1359 3359 1442 3422; x_wconf 88' lang='lat' dir='ltr'>beni</span> <span class='ocrx_word' id='word_1_263' title='bbox 1476 3381 1545 3423; x_wconf 90' lang='lat' dir='ltr'>mo·</span> 
     </span>
     <span class='ocr_line' id='line_1_28' title="bbox 266 3464 1546 3545; baseline 0.002 -17"><span class='ocrx_word' id='word_1_264' title='bbox 266 3466 328 3529; x_wconf 88' lang='lat' dir='ltr'>bili</span> <span class='ocrx_word' id='word_1_265' title='bbox 352 3466 387 3528; x_wconf 92' lang='lat' dir='ltr'>in</span> <span class='ocrx_word' id='word_1_266' title='bbox 412 3486 518 3528; x_wconf 91' lang='lat' dir='ltr'>mano</span> <span class='ocrx_word' id='word_1_267' title='bbox 547 3466 631 3528; x_wconf 89' lang='lat' dir='ltr'>delli</span> <span class='ocrx_word' id='word_1_268' title='bbox 661 3464 785 3528; x_wconf 89' lang='lat' dir='ltr'>heredi</span> <span class='ocrx_word' id='word_1_269' title='bbox 821 3464 905 3527; x_wconf 90' lang='lat' dir='ltr'>delli</span> <span class='ocrx_word' id='word_1_270' title='bbox 939 3465 1035 3545; x_wconf 89' lang='lat' dir='ltr'>quali</span> <span class='ocrx_word' id='word_1_271' title='bbox 1067 3466 1118 3528; x_wconf 88' lang='lat' dir='ltr'>tal</span> <span class='ocrx_word' id='word_1_272' title='bbox 1151 3467 1272 3529; x_wconf 89' lang='lat' dir='ltr'>debito</span> <span class='ocrx_word' id='word_1_273' title='bbox 1305 3467 1334 3529; x_wconf 90' lang='lat' dir='ltr'>si</span> <span class='ocrx_word' id='word_1_274' title='bbox 1367 3468 1546 3531; x_wconf 88' lang='lat' dir='ltr'>harrebbe</span> 
     </span>
     <span class='ocr_line' id='line_1_29' title="bbox 265 3592 434 3655; baseline 0 -20"><span class='ocrx_word' id='word_1_275' title='bbox 265 3595 287 3635; x_wconf 88' lang='lat' dir='ltr'>a</span> <span class='ocrx_word' id='word_1_276' title='bbox 310 3592 434 3655; x_wconf 86' lang='lat' dir='ltr'>pagar.</span> 
     </span>
    </p>

    <p class='ocr_par' dir='ltr' id='par_1_7' title="bbox 266 3676 1546 4082">
     <span class='ocr_line' id='line_1_30' title="bbox 354 3676 1546 3761; baseline 0.003 -20"><span class='ocrx_word' id='word_1_277' title='bbox 354 3680 399 3742; x_wconf 89' lang='lat' dir='ltr'>Et</span> <span class='ocrx_word' id='word_1_278' title='bbox 424 3680 455 3741; x_wconf 86' lang='lat' dir='ltr'>d’</span> <span class='ocrx_word' id='word_1_279' title='bbox 481 3679 674 3761; x_wconf 82' lang='lat' dir='ltr'>avantagio</span> <span class='ocrx_word' id='word_1_280' title='bbox 699 3682 764 3742; x_wconf 92' lang='lat' dir='ltr'>che</span> <span class='ocrx_word' id='word_1_281' title='bbox 789 3679 920 3742; x_wconf 90' lang='lat' dir='ltr'>Nostro</span> <span class='ocrx_word' id='word_1_282' title='bbox 934 3676 1088 3760; x_wconf 87' lang='lat' dir='ltr'>Signore</span> <span class='ocrx_word' id='word_1_283' title='bbox 1111 3682 1158 3741; x_wconf 89' lang='lat' dir='ltr'>ha</span> <span class='ocrx_word' id='word_1_284' title='bbox 1183 3701 1353 3744; x_wconf 91' lang='lat' dir='ltr'>concesso</span> <span class='ocrx_word' id='word_1_285' title='bbox 1370 3702 1416 3744; x_wconf 90' lang='lat' dir='ltr'>un</span> <span class='ocrx_word' id='word_1_286' title='bbox 1434 3685 1546 3745; x_wconf 89' lang='lat' dir='ltr'>breve</span> 
     </span>
     <span class='ocr_line' id='line_1_31' title="bbox 266 3785 1545 3869; baseline 0.003 -20"><span class='ocrx_word' id='word_1_287' title='bbox 266 3788 300 3850; x_wconf 91' lang='lat' dir='ltr'>al</span> <span class='ocrx_word' id='word_1_288' title='bbox 324 3786 502 3868; x_wconf 87' lang='lat' dir='ltr'>Episcopo</span> <span class='ocrx_word' id='word_1_289' title='bbox 521 3785 719 3848; x_wconf 91' lang='lat' dir='ltr'>Leodiense</span> <span class='ocrx_word' id='word_1_290' title='bbox 744 3789 802 3848; x_wconf 95' lang='lat' dir='ltr'>nel</span> <span class='ocrx_word' id='word_1_291' title='bbox 826 3788 910 3866; x_wconf 90' lang='lat' dir='ltr'>qual</span> <span class='ocrx_word' id='word_1_292' title='bbox 934 3785 962 3846; x_wconf 89' lang='lat' dir='ltr'>si</span> <span class='ocrx_word' id='word_1_293' title='bbox 988 3785 1024 3846; x_wconf 85' lang='lat' dir='ltr'>fa</span> <span class='ocrx_word' id='word_1_294' title='bbox 1049 3786 1227 3849; x_wconf 89' lang='lat' dir='ltr'>mentione</span> <span class='ocrx_word' id='word_1_295' title='bbox 1252 3799 1287 3850; x_wconf 90' lang='lat' dir='ltr'>et</span> <span class='ocrx_word' id='word_1_296' title='bbox 1311 3789 1545 3869; x_wconf 84' lang='lat' dir='ltr'>derogatione</span> 
     </span>
     <span class='ocr_line' id='line_1_32' title="bbox 268 3892 1545 3977; baseline 0.003 -21"><span class='ocrx_word' id='word_1_297' title='bbox 268 3895 362 3957; x_wconf 88' lang='lat' dir='ltr'>della</span> <span class='ocrx_word' id='word_1_298' title='bbox 386 3894 503 3976; x_wconf 86' lang='lat' dir='ltr'>gratia</span> <span class='ocrx_word' id='word_1_299' title='bbox 527 3913 698 3956; x_wconf 89' lang='lat' dir='ltr'>concessa</span> <span class='ocrx_word' id='word_1_300' title='bbox 722 3914 743 3954; x_wconf 92' lang='lat' dir='ltr'>a</span> <span class='ocrx_word' id='word_1_301' title='bbox 767 3893 856 3955; x_wconf 91' lang='lat' dir='ltr'>detti</span> <span class='ocrx_word' id='word_1_302' title='bbox 881 3892 1104 3955; x_wconf 89' lang='lat' dir='ltr'>arrendatori</span> <span class='ocrx_word' id='word_1_303' title='bbox 1138 3904 1174 3956; x_wconf 92' lang='lat' dir='ltr'>et</span> <span class='ocrx_word' id='word_1_304' title='bbox 1203 3895 1315 3977; x_wconf 81' lang='lat' dir='ltr'>perhd</span> <span class='ocrx_word' id='word_1_305' title='bbox 1340 3916 1410 3959; x_wconf 90' lang='lat' dir='ltr'>non</span> <span class='ocrx_word' id='word_1_306' title='bbox 1434 3896 1462 3958; x_wconf 92' lang='lat' dir='ltr'>si</span> <span class='ocrx_word' id='word_1_307' title='bbox 1487 3898 1545 3960; x_wconf 90' lang='lat' dir='ltr'>de-</span> 
     </span>
     <span class='ocr_line' id='line_1_33' title="bbox 266 3998 1196 4082; baseline 0.001 -19"><span class='ocrx_word' id='word_1_308' title='bbox 266 4002 424 4063; x_wconf 85' lang='lat' dir='ltr'>verehbe</span> <span class='ocrx_word' id='word_1_309' title='bbox 448 4003 521 4062; x_wconf 79' lang='lat' dir='ltr'>cosi</span> <span class='ocrx_word' id='word_1_310' title='bbox 546 3998 748 4061; x_wconf 89' lang='lat' dir='ltr'>facilmente</span> <span class='ocrx_word' id='word_1_311' title='bbox 772 3999 898 4061; x_wconf 88' lang='lat' dir='ltr'>levarli</span> <span class='ocrx_word' id='word_1_312' title='bbox 922 4001 971 4061; x_wconf 82' lang='lat' dir='ltr'>tal</span> <span class='ocrx_word' id='word_1_313' title='bbox 995 3999 1196 4082; x_wconf 77' lang='lat' dir='ltr'>privilegio</span> 
     </span>
    </p>

    <p class='ocr_par' dir='ltr' id='par_1_8' title="bbox 265 4104 1545 4511">
     <span class='ocr_line' id='line_1_34' title="bbox 355 4104 1544 4192; baseline 0.003 -22"><span class='ocrx_word' id='word_1_314' title='bbox 355 4106 505 4170; x_wconf 87' lang='lat' dir='ltr'>Accedit</span> <span class='ocrx_word' id='word_1_315' title='bbox 520 4108 586 4168; x_wconf 89' lang='lat' dir='ltr'>che</span> <span class='ocrx_word' id='word_1_316' title='bbox 602 4104 711 4168; x_wconf 88' lang='lat' dir='ltr'>Cesar</span> <span class='ocrx_word' id='word_1_317' title='bbox 728 4114 764 4167; x_wconf 85' lang='lat' dir='ltr'>et</span> <span class='ocrx_word' id='word_1_318' title='bbox 788 4107 821 4168; x_wconf 92' lang='lat' dir='ltr'>el</span> <span class='ocrx_word' id='word_1_319' title='bbox 837 4106 1021 4169; x_wconf 84' lang='lat' dir='ltr'>confessor</span> <span class='ocrx_word' id='word_1_320' title='bbox 1046 4128 1084 4169; x_wconf 93' lang='lat' dir='ltr'>se</span> <span class='ocrx_word' id='word_1_321' title='bbox 1108 4109 1227 4170; x_wconf 86' lang='lat' dir='ltr'>hanno</span> <span class='ocrx_word' id='word_1_322' title='bbox 1252 4128 1367 4171; x_wconf 91' lang='lat' dir='ltr'>messo</span> <span class='ocrx_word' id='word_1_323' title='bbox 1392 4109 1427 4171; x_wconf 92' lang='lat' dir='ltr'>in</span> <span class='ocrx_word' id='word_1_324' title='bbox 1452 4130 1544 4192; x_wconf 88' lang='lat' dir='ltr'>capo</span> 
     </span>
     <span class='ocr_line' id='line_1_35' title="bbox 265 4210 1544 4299; baseline 0.003 -24"><span class='ocrx_word' id='word_1_325' title='bbox 265 4215 331 4277; x_wconf 90' lang='lat' dir='ltr'>che</span> <span class='ocrx_word' id='word_1_326' title='bbox 356 4222 481 4295; x_wconf 88' lang='lat' dir='ltr'>questa</span> <span class='ocrx_word' id='word_1_327' title='bbox 505 4214 523 4275; x_wconf 75' lang='grc' dir='ltr'><em>ὲ</em></span> <span class='ocrx_word' id='word_1_328' title='bbox 547 4233 617 4274; x_wconf 91' lang='lat' dir='ltr'>una</span> <span class='ocrx_word' id='word_1_329' title='bbox 640 4210 798 4293; x_wconf 73' lang='lat' dir='ltr'>iniquita,</span> <span class='ocrx_word' id='word_1_330' title='bbox 825 4231 926 4274; x_wconf 91' lang='lat' dir='ltr'>come</span> <span class='ocrx_word' id='word_1_331' title='bbox 950 4215 1026 4275; x_wconf 92' lang='lat' dir='ltr'>loro</span> <span class='ocrx_word' id='word_1_332' title='bbox 1052 4214 1190 4293; x_wconf 64' lang='lat' dir='ltr'>dicono„</span> <span class='ocrx_word' id='word_1_333' title='bbox 1216 4224 1252 4276; x_wconf 90' lang='lat' dir='ltr'>et</span> <span class='ocrx_word' id='word_1_334' title='bbox 1274 4217 1387 4297; x_wconf 89' lang='lat' dir='ltr'>perho</span> <span class='ocrx_word' id='word_1_335' title='bbox 1412 4217 1544 4299; x_wconf 90' lang='lat' dir='ltr'>suppli·</span> 
     </span>
     <span class='ocr_line' id='line_1_36' title="bbox 265 4318 1545 4406; baseline 0.002 -22"><span class='ocrx_word' id='word_1_336' title='bbox 265 4341 355 4384; x_wconf 90' lang='lat' dir='ltr'>cano</span> <span class='ocrx_word' id='word_1_337' title='bbox 388 4323 454 4383; x_wconf 90' lang='lat' dir='ltr'>che</span> <span class='ocrx_word' id='word_1_338' title='bbox 478 4320 551 4382; x_wconf 89' lang='lat' dir='ltr'>Sua</span> <span class='ocrx_word' id='word_1_339' title='bbox 575 4318 713 4381; x_wconf 76' lang='lat' dir='ltr'>Santita</span> <span class='ocrx_word' id='word_1_340' title='bbox 738 4340 777 4381; x_wconf 89' lang='lat' dir='ltr'>se</span> <span class='ocrx_word' id='word_1_341' title='bbox 801 4319 911 4401; x_wconf 84' lang='lat' dir='ltr'>degni</span> <span class='ocrx_word' id='word_1_342' title='bbox 940 4339 1008 4382; x_wconf 92' lang='lat' dir='ltr'>con</span> <span class='ocrx_word' id='word_1_343' title='bbox 1041 4321 1150 4402; x_wconf 92' lang='lat' dir='ltr'>quelli</span> <span class='ocrx_word' id='word_1_344' title='bbox 1181 4321 1317 4384; x_wconf 86' lang='lat' dir='ltr'>meliori</span> <span class='ocrx_word' id='word_1_345' title='bbox 1349 4324 1469 4406; x_wconf 85' lang='lat' dir='ltr'>meggi</span> <span class='ocrx_word' id='word_1_346' title='bbox 1502 4323 1545 4387; x_wconf 91' lang='lat' dir='ltr'>sii</span> 
     </span>
     <span class='ocr_line' id='line_1_37' title="bbox 266 4426 983 4511; baseline 0.001 -21"><span class='ocrx_word' id='word_1_347' title='bbox 266 4426 436 4511; x_wconf 88' lang='lat' dir='ltr'>possibile</span> <span class='ocrx_word' id='word_1_348' title='bbox 460 4436 646 4489; x_wconf 89' lang='lat' dir='ltr'>contentar</span> <span class='ocrx_word' id='word_1_349' title='bbox 670 4426 768 4488; x_wconf 87' lang='lat' dir='ltr'>detto</span> <span class='ocrx_word' id='word_1_350' title='bbox 793 4426 983 4508; x_wconf 79' lang='lat' dir='ltr'>Episcopo,</span> 
     </span>
    </p>

    <p class='ocr_par' dir='ltr' id='par_1_9' title="bbox 265 4532 1544 4942">
     <span class='ocr_line' id='line_1_38' title="bbox 353 4532 1544 4615; baseline 0.005 -20"><span class='ocrx_word' id='word_1_351' title='bbox 353 4533 433 4596; x_wconf 92' lang='lat' dir='ltr'>Non</span> <span class='ocrx_word' id='word_1_352' title='bbox 458 4535 621 4615; x_wconf 88' lang='lat' dir='ltr'>besogna</span> <span class='ocrx_word' id='word_1_353' title='bbox 644 4553 776 4614; x_wconf 88' lang='lat' dir='ltr'>pensar</span> <span class='ocrx_word' id='word_1_354' title='bbox 800 4535 866 4595; x_wconf 89' lang='lat' dir='ltr'>che</span> <span class='ocrx_word' id='word_1_355' title='bbox 891 4532 1001 4596; x_wconf 88' lang='lat' dir='ltr'>Cesar</span> <span class='ocrx_word' id='word_1_356' title='bbox 1024 4555 1094 4598; x_wconf 92' lang='lat' dir='ltr'>non</span> <span class='ocrx_word' id='word_1_357' title='bbox 1118 4535 1241 4599; x_wconf 87' lang='lat' dir='ltr'>habbii</span> <span class='ocrx_word' id='word_1_358' title='bbox 1264 4537 1300 4599; x_wconf 93' lang='lat' dir='ltr'>la</span> <span class='ocrx_word' id='word_1_359' title='bbox 1323 4556 1409 4600; x_wconf 92' lang='lat' dir='ltr'>cosa</span> <span class='ocrx_word' id='word_1_360' title='bbox 1424 4559 1446 4600; x_wconf 90' lang='lat' dir='ltr'>a</span> <span class='ocrx_word' id='word_1_361' title='bbox 1460 4558 1544 4602; x_wconf 89' lang='lat' dir='ltr'>core</span> 
     </span>
     <span class='ocr_line' id='line_1_39' title="bbox 266 4639 1543 4722; baseline 0.005 -20"><span class='ocrx_word' id='word_1_362' title='bbox 266 4659 331 4722; x_wconf 90' lang='lat' dir='ltr'>per</span> <span class='ocrx_word' id='word_1_363' title='bbox 354 4640 473 4721; x_wconf 91' lang='lat' dir='ltr'>quella</span> <span class='ocrx_word' id='word_1_364' title='bbox 496 4639 695 4701; x_wconf 90' lang='lat' dir='ltr'>coniettura</span> <span class='ocrx_word' id='word_1_365' title='bbox 719 4642 785 4701; x_wconf 91' lang='lat' dir='ltr'>che</span> <span class='ocrx_word' id='word_1_366' title='bbox 816 4640 837 4701; x_wconf 92' lang='lat' dir='ltr'>l’</span> <span class='ocrx_word' id='word_1_367' title='bbox 860 4643 1083 4705; x_wconf 88' lang='lat' dir='ltr'>ambassator</span> <span class='ocrx_word' id='word_1_368' title='bbox 1107 4642 1261 4708; x_wconf 85' lang='lat' dir='ltr'>Cesareo</span> <span class='ocrx_word' id='word_1_369' title='bbox 1285 4664 1307 4707; x_wconf 88' lang='lat' dir='ltr'>a</span> <span class='ocrx_word' id='word_1_370' title='bbox 1330 4644 1449 4707; x_wconf 90' lang='lat' dir='ltr'>Roma</span> <span class='ocrx_word' id='word_1_371' title='bbox 1473 4666 1543 4708; x_wconf 92' lang='lat' dir='ltr'>non</span> 
     </span>
     <span class='ocr_line' id='line_1_40' title="bbox 265 4744 1544 4835; baseline 0.006 -27"><span class='ocrx_word' id='word_1_372' title='bbox 265 4747 374 4809; x_wconf 91' lang='lat' dir='ltr'>molto</span> <span class='ocrx_word' id='word_1_373' title='bbox 402 4748 437 4809; x_wconf 89' lang='lat' dir='ltr'>la</span> <span class='ocrx_word' id='word_1_374' title='bbox 461 4744 599 4808; x_wconf 90' lang='lat' dir='ltr'>solicita</span> <span class='ocrx_word' id='word_1_375' title='bbox 623 4750 734 4828; x_wconf 88' lang='lat' dir='ltr'>(corne</span> <span class='ocrx_word' id='word_1_376' title='bbox 760 4746 872 4829; x_wconf 89' lang='lat' dir='ltr'>quisi</span> <span class='ocrx_word' id='word_1_377' title='bbox 897 4747 1055 4830; x_wconf 86' lang='lat' dir='ltr'>divulga)</span> <span class='ocrx_word' id='word_1_378' title='bbox 1080 4751 1211 4830; x_wconf 75' lang='lat' dir='ltr'>perche</span> <span class='ocrx_word' id='word_1_379' title='bbox 1243 4754 1336 4815; x_wconf 89' lang='lat' dir='ltr'>oltra</span> <span class='ocrx_word' id='word_1_380' title='bbox 1358 4752 1393 4815; x_wconf 92' lang='lat' dir='ltr'>la</span> <span class='ocrx_word' id='word_1_381' title='bbox 1416 4752 1544 4835; x_wconf 83' lang='lat' dir='ltr'>ragion</span> 
     </span>
     <span class='ocr_line' id='line_1_41' title="bbox 265 4852 1544 4942; baseline 0.005 -27"><span class='ocrx_word' id='word_1_382' title='bbox 265 4855 435 4935; x_wconf 84' lang='lat' dir='ltr'>generale</span> <span class='ocrx_word' id='word_1_383' title='bbox 460 4854 504 4915; x_wconf 92' lang='lat' dir='ltr'>de</span> <span class='ocrx_word' id='word_1_384' title='bbox 529 4852 584 4916; x_wconf 86' lang='lat' dir='ltr'>far</span> <span class='ocrx_word' id='word_1_385' title='bbox 607 4852 666 4935; x_wconf 72' lang='lat' dir='ltr'>pii</span> <span class='ocrx_word' id='word_1_386' title='bbox 692 4874 756 4935; x_wconf 90' lang='lat' dir='ltr'>per</span> <span class='ocrx_word' id='word_1_387' title='bbox 781 4874 826 4916; x_wconf 87' lang='lat' dir='ltr'>un</span> <span class='ocrx_word' id='word_1_388' title='bbox 852 4857 1099 4936; x_wconf 82' lang='lat' dir='ltr'>corregnicola</span> <span class='ocrx_word' id='word_1_389' title='bbox 1123 4861 1188 4920; x_wconf 91' lang='lat' dir='ltr'>che</span> <span class='ocrx_word' id='word_1_390' title='bbox 1203 4879 1268 4940; x_wconf 91' lang='lat' dir='ltr'>per</span> <span class='ocrx_word' id='word_1_391' title='bbox 1293 4879 1338 4921; x_wconf 90' lang='lat' dir='ltr'>un</span> <span class='ocrx_word' id='word_1_392' title='bbox 1355 4858 1544 4942; x_wconf 63' lang='lat' dir='ltr'>forestim,</span> 
     </span>
    </p>
   </div>
   <div class='ocr_carea' id='block_1_3' title="bbox 0 0 1784 5734">
    <p class='ocr_par' dir='ltr' id='par_1_10' title="bbox 0 0 1784 5734">
     <span class='ocr_line' id='line_1_42' title="bbox 0 0 1784 5734; baseline 0 0"><span class='ocrx_word' id='word_1_393' title='bbox 0 0 1784 5734; x_wconf 95' lang='lat' dir='ltr'> </span> 
     </span>
    </p>
   </div>
  </div>
 </body>
</html>
