3559 5734
729 521 1000 580 &3695-0'·

212 689 289 734 rum
312 668 461 733 interest
485 669 635 732 aderunt
660 679 695 733 et
720 670 785 733 erit
809 670 999 752 unicuique
1016 669 1129 734 libere
1146 668 1221 733 dire
1239 679 1274 733 et
1290 675 1492 753 proponere

212 778 332 858 quello
357 779 423 839 che
446 796 512 858 per
536 781 606 839 ben
631 778 726 841 della
757 777 840 840 fede
865 777 1057 841 christiana
1082 776 1266 858 giudicara
1291 798 1410 842 essere
1435 799 1492 841 ex·

212 884 381 967 pediente
406 895 441 946 et
465 883 489 947 11
522 905 561 948 se
594 884 765 948 risolvera
799 905 865 968 pro
898 885 1049 948 veritate
1081 896 1116 947 et
1143 859 1326 967 ¹dignitate
1359 885 1427 958 rei3
1459 894 1495 948 et

212 991 345 1074 perch&
370 993 468 1054 detto
494 990 652 1054 Concilio
676 993 878 1055 necessario
896 991 1043 1073 requirit
1066 993 1281 1074 presentiam
1312 990 1495 1054 Pontificis

213 1109 249 1161 et
286 1097 426 1162 Cesaris
463 1100 521 1161 vel
552 1100 678 1161 saltem
714 1099 860 1162 alterius
899 1118 1020 1162 eorum
1058 1107 1094 1161 et
1132 1118 1154 1160 a
1189 1097 1260 1160 fine
1299 1102 1364 1160 che
1403 1108 1494 1160 tutto

212 1224 321 1287 possa
363 1205 424 1286 piir
469 1207 745 1269 resolutamente
788 1214 823 1268 et
866 1205 927 1288 piir
969 1213 1090 1288 presto
1132 1207 1314 1267 resolvere
1354 1215 1389 1268 et
1426 1215 1495 1268 tro·

212 1331 299 1375 vare
330 1313 436 1375 modo
471 1332 492 1374 a
523 1321 649 1394 questo
681 1323 717 1375 et
748 1313 806 1376 alii
830 1312 969 1376 tumulti
1006 1312 1042 1374 di
1073 1310 1265 1374 Germania
1290 1312 1355 1374 che
1380 1309 1415 1377 S.
1442 1309 1495 1375 St*

213 1419 379 1482 desidera
415 1419 482 1482 che
520 1419 688 1483 mandino
727 1429 793 1483 etc.
834 1428 869 1482 et
907 1421 1049 1501 quando
1089 1417 1125 1481 S.
1157 1419 1218 1481 Β18
1250 1419 1275 1482 11
1307 1419 1441 1483 havera
1475 1441 1494 1483 a

213 1527 334 1589 Roma
365 1538 401 1589 et
426 1526 738 1608 particolarmente
774 1536 810 1590 et
840 1527 1140 1590 universalmente
1170 1525 1297 1607 potera
1326 1527 1496 1589 talmente

213 1652 365 1715 operare
389 1643 424 1696 et
448 1643 595 1696 trattare
620 1643 745 1715 questa
772 1654 857 1697 cosa
880 1635 947 1696 che
971 1653 1041 1696 non
1066 1632 1146 1696 sara
1169 1633 1267 1696 forse
1290 1634 1352 1715 poi
1376 1654 1495 1696 neces·

213 1741 308 1803 sario
331 1739 455 1803 venire
480 1751 515 1803 et
540 1743 629 1804 altro
654 1741 813 1804 Concilio
839 1741 1056 1814 universale;
1087 1739 1112 1803 il
1141 1742 1245 1822 quale
1269 1760 1340 1803 non
1365 1740 1385 1803 ὲ
1408 1740 1495 1804 forsi

214 1847 433 1930 aspediente,
459 1868 559 1911 come
583 1848 682 1911 molti
704 1848 729 1910 il
752 1849 862 1911 fanno
888 1857 924 1911 et
948 1869 968 1911 a
992 1857 1118 1929 questo
1135 1848 1179 1911 V.
1195 1847 1219 1909 S
1236 1847 1339 1929 potra
1363 1847 1496 1910 vedere

213 1957 323 2018 molta
354 1953 495 2035 ragioni
519 1957 585 2018 che
613 1957 752 2018 adduce
783 1975 878 2037 papa
913 1954 978 2017 Pio
1013 1954 1046 2017 ΙΙ
1075 1954 1110 2016 in
1145 1973 1216 2017 uno
1248 1973 1312 2017 suo
1344 1963 1495 2017 tractato

213 2061 393 2125 intitulato
421 2061 468 2124 de
491 2059 596 2124 Statu
620 2060 834 2125 Germaniae
866 2073 901 2124 et
934 2061 976 2124 iis
1001 2082 1091 2143 quae
1116 2081 1181 2142 per
1209 2082 1286 2123 eam
1318 2060 1496 2123 nationem

214 2167 439 2231 obiiciuntur.
497 2167 532 2233 S.
565 2170 613 2232 R.
645 2167 731 2232 Sedi
762 2168 1011 2251 Apostolicae,
1043 2189 1088 2232 ne
1120 2170 1154 2231 le
1186 2168 1238 2231 sei
1272 2187 1381 2231 overo
1406 2176 1497 2230 sette

214 2274 327 2356 prime
361 2285 476 2355 carte,
512 2277 594 2357 quai
629 2284 782 2338 tractato
818 2277 926 2338 credo
962 2296 1000 2338 se
1036 2274 1159 2338 ritrovi
1194 2295 1317 2358 presso
1353 2274 1377 2336 li
1412 2273 1497 2337 Rmi

214 2382 392 2444 Anchona
416 2391 452 2443 et
475 2381 623 2445 Triultio
648 2384 706 2445 dal
729 2383 835 2464 quale
861 2384 950 2445 altre
974 2384 1072 2445 volte
1095 2382 1141 2445 mi
1165 2382 1202 2444 fu
1226 2391 1396 2464 prestato.

305 2489 356 2551 La
385 2489 541 2551 seconde
574 2491 641 2552 che
679 2487 715 2553 S.
752 2490 829 2553 Bne
857 2489 996 2568 facesse
1027 2500 1284 2553 maturamente
1310 2490 1443 2552 vedere
1473 2489 1498 2552 li

215 2605 321 2658 cento
344 2595 542 2677 gravamini
565 2608 601 2658 et
624 2616 691 2679 per
713 2616 783 2659 una
805 2597 909 2659 Bolla
933 2618 953 2660 ο
978 2596 1060 2659 tutti
1083 2595 1191 2677 quelli
1216 2597 1282 2659 che
1306 2615 1373 2658 con
1402 2598 1497 2678 qual·

216 2705 283 2765 che
307 2701 456 2784 ragione
481 2722 569 2765 sono
592 2702 731 2766 fondati
754 2704 959 2786 provederli
991 2713 1027 2766 et
1058 2714 1183 2766 contra
1206 2703 1313 2785 quelli
1338 2705 1404 2766 che
1427 2724 1498 2767 non

215 2813 336 2873 h'anno
362 2811 591 2874 fondamento
616 2812 768 2874 metterli
793 2812 863 2874 allo
889 2810 1055 2893 opposito
1085 2811 1203 2891 quelle
1226 2810 1285 2892 pid
1311 2820 1438 2891 pronte
1464 2817 1499 2878 et

215 2919 298 2980 vive
322 2917 460 2998 ragioni
485 2921 551 2980 che
576 2929 767 3000 potesseno
792 2917 962 2980 chiudere
985 2919 1020 2980 la
1043 2918 1181 2980 boccha
1205 2937 1335 2980 senon
1361 2938 1382 2980 a
1406 2916 1498 2996 tutti,

216 3045 240 3086 a
264 3025 371 3106 quelli
395 3026 461 3087 che
485 3024 616 3106 meglio
640 3024 834 3087 intendono
859 3032 895 3086 et
919 3044 1131 3088 conoscono.

779 3230 794 3234 ·-
820 3230 869 3239 ..νυν
890 3231 955 3238 »mrsu

819 3459 893 3525 167.

575 3585 787 3688 campagnr
814 3586 945 3667 Jacobo
974 3582 1145 3667 Sadoletn.

634 3734 776 3807 (Kanthi
795 3734 922 3795 German
940 3733 1015 3794 nm
1033 3734 1083 3807 15.)

733 3846 787 3912 (23.
807 3847 880 3909 Sept.
903 3843 990 3914 1524.)

422 3988 493 4051 Per
524 3989 556 4050 le
581 3989 671 4051 altre
695 3986 763 4049 mie
795 3987 879 4050 dissi
912 3989 978 4049 che
1002 3988 1111 4049 molto
1141 4007 1197 4049 me
1221 3986 1435 4050 satisfaceva
1466 3991 1501 4052 la

220 4092 431 4156 risolutione
453 4093 543 4157 satta
567 4097 613 4156 da
629 4093 671 4156 N.
690 4092 725 4156 S.
751 4114 795 4155 ne
819 4095 854 4156 le
878 4112 961 4154 cose
985 4094 1171 4157 lutherane
1196 4102 1231 4156 et
1254 4094 1349 4157 circa
1372 4094 1397 4157 il
1412 4094 1501 4159 Con·

220 4201 302 4264 cilio
327 4204 496 4282 generale
520 4222 587 4264 con
614 4201 765 4279 Cesare,
798 4210 832 4262 et
856 4220 922 4282 per
945 4201 1077 4262 havere
1102 4200 1201 4263 detto
1225 4201 1443 4264 abbastanza
1466 4202 1501 4265 in

222 4309 339 4389 quelle
356 4317 490 4389 quanto
511 4308 557 4370 mi
575 4328 777 4388 occorreva,
798 4327 863 4388 per
879 4308 968 4369 hora
985 4326 1054 4368 non
1073 4307 1119 4368 ho
1134 4309 1226 4369 altro
1242 4307 1288 4369 da
1302 4307 1502 4389 giugnervi.

311 4415 366 4477 De
397 4416 433 4477 la
456 4415 553 4477 dieta
577 4416 621 4477 de
646 4413 753 4496 Spira
784 4413 843 4475 noi
874 4413 935 4494 qui
959 4415 1092 4476 terrimo
1124 4416 1189 4477 che
1214 4435 1283 4476 non
1308 4414 1436 4477 sisara
1469 4426 1504 4479 et

221 4523 281 4606 gia
296 4525 331 4584 le
344 4525 471 4585 lettere
488 4523 524 4584 di
540 4522 670 4585 Cesare
687 4540 795 4603 sopra
811 4519 876 4599 cio,
902 4519 990 4582 com'
1007 4519 1041 4583 io
1058 4519 1187 4601 scrissi,
1212 4522 1241 4583 si
1258 4523 1428 4584 mandaro
1444 4522 1504 4584 alli

221 4629 374 4711 principi
400 4640 436 4692 et
458 4629 648 4710 tegimenti
672 4625 846 4708 imperiali
872 4635 908 4688 et
931 4627 1021 4690 altre
1046 4635 1156 4707 terre,
1192 4637 1227 4691 et
1250 4628 1377 4691 bench’
1394 4628 1428 4692 io
1453 4630 1505 4693 sia

222 4744 315 4799 stato
340 4755 407 4798 con
433 4737 466 4798 el
490 4736 658 4818 Principe
682 4742 718 4796 et
741 4732 767 4796 li
790 4732 869 4796 suoi
893 4732 929 4795 di
953 4753 1080 4814 parere
1105 4734 1170 4796 che
1195 4735 1352 4797 totaliter
1376 4755 1445 4798 non
1470 4737 1504 4801 la

224 4843 432 4923 revochino,
456 4843 522 4906 ma'
538 4843 573 4906 io
596 4860 710 4925 penso
733 4841 821 4923 perd
845 4841 912 4903 che
936 4860 957 4901 a
980 4841 1065 4904 niun
1087 4843 1193 4904 modo
1221 4842 1251 4905 si
1276 4844 1394 4907 debba
1417 4845 1505 4928 fare,

250 4968 332 5018 Balari,
344 4968 490 5008 Documenta
498 4968 638 5009 liutherum.
1311 4968 1347 5022 24
