<?xml version="1.0" encoding="UTF-8"?>
<!DOCTYPE html PUBLIC "-//W3C//DTD XHTML 1.0 Transitional//EN"
    "http://www.w3.org/TR/xhtml1/DTD/xhtml1-transitional.dtd">
<html xmlns="http://www.w3.org/1999/xhtml" xml:lang="en" lang="en">
 <head>
  <title>
</title>
<meta http-equiv="Content-Type" content="text/html;charset=utf-8" />
  <meta name='ocr-system' content='tesseract 3.04.00' />
  <meta name='ocr-capabilities' content='ocr_page ocr_carea ocr_par ocr_line ocrx_word'/>
</head>
<body>
  <div class='ocr_page' id='page_1' title='image "./monumentareform01vatigoog_0429.png"; bbox 0 0 3559 5734; ppageno 0'>
   <div class='ocr_carea' id='block_1_1' title="bbox 668 539 915 603">
    <p class='ocr_par' dir='ltr' id='par_1_1' title="bbox 668 539 915 603">
     <span class='ocr_line' id='line_1_1' title="bbox 668 539 915 603; baseline -0.016 1"><span class='ocrx_word' id='word_1_1' title='bbox 668 539 915 603; x_wconf 53' lang='lat' dir='ltr'>aemma</span> 
     </span>
    </p>
   </div>
   <div class='ocr_carea' id='block_1_2' title="bbox 151 688 1446 4417">
    <p class='ocr_par' dir='ltr' id='par_1_2' title="bbox 151 688 1446 4417">
     <span class='ocr_line' id='line_1_2' title="bbox 151 688 1435 771; baseline 0.002 -19"><span class='ocrx_word' id='word_1_2' title='bbox 151 688 276 752; x_wconf 90' lang='lat' dir='ltr'>merita</span> <span class='ocrx_word' id='word_1_3' title='bbox 300 698 422 753; x_wconf 89' lang='lat' dir='ltr'>nostra</span> <span class='ocrx_word' id='word_1_4' title='bbox 447 689 557 771; x_wconf 90' lang='lat' dir='ltr'>digna</span> <span class='ocrx_word' id='word_1_5' title='bbox 585 702 685 755; x_wconf 90' lang='lat' dir='ltr'>erant</span> <span class='ocrx_word' id='word_1_6' title='bbox 718 702 756 755; x_wconf 92' lang='lat' dir='ltr'>ut</span> <span class='ocrx_word' id='word_1_7' title='bbox 789 693 900 755; x_wconf 88' lang='lat' dir='ltr'>nostri</span> <span class='ocrx_word' id='word_1_8' title='bbox 935 703 1056 756; x_wconf 91' lang='lat' dir='ltr'>mutuo</span> <span class='ocrx_word' id='word_1_9' title='bbox 1088 694 1234 756; x_wconf 90' lang='lat' dir='ltr'>honoris</span> <span class='ocrx_word' id='word_1_10' title='bbox 1265 704 1301 757; x_wconf 92' lang='lat' dir='ltr'>et</span> <span class='ocrx_word' id='word_1_11' title='bbox 1330 693 1435 756; x_wconf 90' lang='lat' dir='ltr'>huius</span> 
     </span>
     <span class='ocr_line' id='line_1_3' title="bbox 153 794 1434 882; baseline 0.003 -24"><span class='ocrx_word' id='word_1_12' title='bbox 153 794 306 859; x_wconf 85' lang='lat' dir='ltr'>Sanctae</span> <span class='ocrx_word' id='word_1_13' title='bbox 339 794 443 859; x_wconf 89' lang='lat' dir='ltr'>Sedis</span> <span class='ocrx_word' id='word_1_14' title='bbox 483 798 666 878; x_wconf 83' lang='lat' dir='ltr'>dignitatis</span> <span class='ocrx_word' id='word_1_15' title='bbox 700 800 795 881; x_wconf 91' lang='lat' dir='ltr'>apud</span> <span class='ocrx_word' id='word_1_16' title='bbox 827 799 979 862; x_wconf 91' lang='lat' dir='ltr'>animum</span> <span class='ocrx_word' id='word_1_17' title='bbox 1012 798 1106 862; x_wconf 92' lang='lat' dir='ltr'>illius</span> <span class='ocrx_word' id='word_1_18' title='bbox 1136 820 1221 863; x_wconf 91' lang='lat' dir='ltr'>cura</span> <span class='ocrx_word' id='word_1_19' title='bbox 1258 800 1434 882; x_wconf 83' lang='lat' dir='ltr'>vigilaret,</span> 
     </span>
     <span class='ocr_line' id='line_1_4' title="bbox 153 904 1433 989; baseline 0.002 -24"><span class='ocrx_word' id='word_1_20' title='bbox 153 924 270 986; x_wconf 89' lang='lat' dir='ltr'>neque</span> <span class='ocrx_word' id='word_1_21' title='bbox 296 924 374 966; x_wconf 91' lang='lat' dir='ltr'>eum</span> <span class='ocrx_word' id='word_1_22' title='bbox 398 904 578 967; x_wconf 90' lang='lat' dir='ltr'>hominem</span> <span class='ocrx_word' id='word_1_23' title='bbox 602 905 638 967; x_wconf 90' lang='lat' dir='ltr'>in</span> <span class='ocrx_word' id='word_1_24' title='bbox 662 913 756 967; x_wconf 92' lang='lat' dir='ltr'>statu</span> <span class='ocrx_word' id='word_1_25' title='bbox 781 914 817 967; x_wconf 92' lang='lat' dir='ltr'>et</span> <span class='ocrx_word' id='word_1_26' title='bbox 840 905 928 968; x_wconf 88' lang='lat' dir='ltr'>locis</span> <span class='ocrx_word' id='word_1_27' title='bbox 952 905 1021 969; x_wconf 91' lang='lat' dir='ltr'>tuis</span> <span class='ocrx_word' id='word_1_28' title='bbox 1045 927 1124 969; x_wconf 88' lang='lat' dir='ltr'>cum</span> <span class='ocrx_word' id='word_1_29' title='bbox 1147 909 1282 970; x_wconf 87' lang='lat' dir='ltr'>honore</span> <span class='ocrx_word' id='word_1_30' title='bbox 1315 916 1351 970; x_wconf 90' lang='lat' dir='ltr'>et</span> <span class='ocrx_word' id='word_1_31' title='bbox 1374 927 1433 989; x_wconf 91' lang='lat' dir='ltr'>po·</span> 
     </span>
     <span class='ocr_line' id='line_1_5' title="bbox 152 1008 1435 1093; baseline 0.003 -20"><span class='ocrx_word' id='word_1_32' title='bbox 152 1020 281 1074; x_wconf 89' lang='lat' dir='ltr'>testate</span> <span class='ocrx_word' id='word_1_33' title='bbox 294 1011 520 1091; x_wconf 84' lang='lat' dir='ltr'>relinqueret,</span> <span class='ocrx_word' id='word_1_34' title='bbox 535 1010 595 1091; x_wconf 93' lang='lat' dir='ltr'>qui</span> <span class='ocrx_word' id='word_1_35' title='bbox 608 1008 739 1074; x_wconf 87' lang='lat' dir='ltr'>Sedem</span> <span class='ocrx_word' id='word_1_36' title='bbox 755 1010 1001 1093; x_wconf 86' lang='lat' dir='ltr'>Apostolicam</span> <span class='ocrx_word' id='word_1_37' title='bbox 1015 1022 1050 1076; x_wconf 92' lang='lat' dir='ltr'>et</span> <span class='ocrx_word' id='word_1_38' title='bbox 1066 1033 1195 1076; x_wconf 89' lang='lat' dir='ltr'>nomen</span> <span class='ocrx_word' id='word_1_39' title='bbox 1212 1013 1435 1077; x_wconf 89' lang='lat' dir='ltr'>Pontificium</span> 
     </span>
     <span class='ocr_line' id='line_1_6' title="bbox 153 1117 1436 1202; baseline 0.004 -23"><span class='ocrx_word' id='word_1_40' title='bbox 153 1118 224 1180; x_wconf 87' lang='lat' dir='ltr'>suis</span> <span class='ocrx_word' id='word_1_41' title='bbox 248 1117 365 1200; x_wconf 87' lang='lat' dir='ltr'>impiis</span> <span class='ocrx_word' id='word_1_42' title='bbox 390 1129 425 1179; x_wconf 92' lang='lat' dir='ltr'>et</span> <span class='ocrx_word' id='word_1_43' title='bbox 450 1118 634 1200; x_wconf 84' lang='lat' dir='ltr'>probrosis</span> <span class='ocrx_word' id='word_1_44' title='bbox 658 1118 887 1201; x_wconf 85' lang='lat' dir='ltr'>dogmatibus</span> <span class='ocrx_word' id='word_1_45' title='bbox 912 1127 1006 1182; x_wconf 87' lang='lat' dir='ltr'>esset</span> <span class='ocrx_word' id='word_1_46' title='bbox 1030 1122 1258 1184; x_wconf 79' lang='lat' dir='ltr'>laceraturus</span> <span class='ocrx_word' id='word_1_47' title='bbox 1317 1120 1436 1202; x_wconf 81' lang='lat' dir='ltr'>Quan-</span> 
     </span>
     <span class='ocr_line' id='line_1_7' title="bbox 153 1224 1435 1311; baseline 0.002 -24"><span class='ocrx_word' id='word_1_48' title='bbox 153 1245 257 1306; x_wconf 86' lang='lat' dir='ltr'>quam</span> <span class='ocrx_word' id='word_1_49' title='bbox 282 1245 406 1308; x_wconf 91' lang='lat' dir='ltr'>parum</span> <span class='ocrx_word' id='word_1_50' title='bbox 437 1225 493 1286; x_wconf 91' lang='lat' dir='ltr'>his</span> <span class='ocrx_word' id='word_1_51' title='bbox 525 1224 702 1287; x_wconf 86' lang='lat' dir='ltr'>morsibus</span> <span class='ocrx_word' id='word_1_52' title='bbox 734 1236 789 1288; x_wconf 91' lang='lat' dir='ltr'>est</span> <span class='ocrx_word' id='word_1_53' title='bbox 819 1225 977 1289; x_wconf 89' lang='lat' dir='ltr'>obnoxia</span> <span class='ocrx_word' id='word_1_54' title='bbox 1007 1227 1150 1291; x_wconf 84' lang='lat' dir='ltr'>veritas</span> <span class='ocrx_word' id='word_1_55' title='bbox 1205 1228 1318 1311; x_wconf 88' lang='lat' dir='ltr'>Igitur</span> <span class='ocrx_word' id='word_1_56' title='bbox 1346 1231 1435 1292; x_wconf 91' lang='lat' dir='ltr'>haec</span> 
     </span>
     <span class='ocr_line' id='line_1_8' title="bbox 153 1332 1436 1419; baseline 0.003 -24"><span class='ocrx_word' id='word_1_57' title='bbox 153 1332 257 1395; x_wconf 90' lang='lat' dir='ltr'>nobis</span> <span class='ocrx_word' id='word_1_58' title='bbox 281 1333 370 1395; x_wconf 89' lang='lat' dir='ltr'>mira</span> <span class='ocrx_word' id='word_1_59' title='bbox 394 1346 430 1395; x_wconf 91' lang='lat' dir='ltr'>et</span> <span class='ocrx_word' id='word_1_60' title='bbox 453 1332 684 1414; x_wconf 86' lang='lat' dir='ltr'>inexpectata</span> <span class='ocrx_word' id='word_1_61' title='bbox 708 1332 926 1410; x_wconf 84' lang='lat' dir='ltr'>acciderunt,</span> <span class='ocrx_word' id='word_1_62' title='bbox 951 1333 980 1396; x_wconf 91' lang='lat' dir='ltr'>si</span> <span class='ocrx_word' id='word_1_63' title='bbox 999 1336 1103 1398; x_wconf 93' lang='lat' dir='ltr'>modo</span> <span class='ocrx_word' id='word_1_64' title='bbox 1120 1335 1224 1398; x_wconf 90' lang='lat' dir='ltr'>scivit</span> <span class='ocrx_word' id='word_1_65' title='bbox 1238 1336 1315 1417; x_wconf 91' lang='lat' dir='ltr'>ipse</span> <span class='ocrx_word' id='word_1_66' title='bbox 1332 1357 1436 1419; x_wconf 86' lang='lat' dir='ltr'>quern</span> 
     </span>
     <span class='ocr_line' id='line_1_9' title="bbox 153 1438 1437 1524; baseline 0.002 -22"><span class='ocrx_word' id='word_1_67' title='bbox 153 1439 373 1522; x_wconf 86' lang='lat' dir='ltr'>relinqueret</span> <span class='ocrx_word' id='word_1_68' title='bbox 397 1450 434 1502; x_wconf 90' lang='lat' dir='ltr'>et</span> <span class='ocrx_word' id='word_1_69' title='bbox 457 1438 486 1501; x_wconf 93' lang='lat' dir='ltr'>si</span> <span class='ocrx_word' id='word_1_70' title='bbox 510 1438 604 1502; x_wconf 88' lang='lat' dir='ltr'>illius</span> <span class='ocrx_word' id='word_1_71' title='bbox 639 1438 769 1520; x_wconf 85' lang='lat' dir='ltr'>impiae</span> <span class='ocrx_word' id='word_1_72' title='bbox 804 1440 997 1503; x_wconf 87' lang='lat' dir='ltr'>voluntatis</span> <span class='ocrx_word' id='word_1_73' title='bbox 1029 1441 1191 1504; x_wconf 87' lang='lat' dir='ltr'>conscius</span> <span class='ocrx_word' id='word_1_74' title='bbox 1222 1442 1308 1523; x_wconf 88' lang='lat' dir='ltr'>fuit,</span> <span class='ocrx_word' id='word_1_75' title='bbox 1342 1444 1437 1524; x_wconf 94' lang='lat' dir='ltr'>quod</span> 
     </span>
     <span class='ocr_line' id='line_1_10' title="bbox 153 1547 1438 1630; baseline 0.001 -19"><span class='ocrx_word' id='word_1_76' title='bbox 153 1548 187 1611; x_wconf 88' lang='lat' dir='ltr'>in</span> <span class='ocrx_word' id='word_1_77' title='bbox 212 1547 278 1610; x_wconf 93' lang='lat' dir='ltr'>tali</span> <span class='ocrx_word' id='word_1_78' title='bbox 302 1547 476 1629; x_wconf 81' lang='lat' dir='ltr'>Principe</span> <span class='ocrx_word' id='word_1_79' title='bbox 495 1566 719 1628; x_wconf 89' lang='lat' dir='ltr'>nequaquam</span> <span class='ocrx_word' id='word_1_80' title='bbox 744 1557 799 1609; x_wconf 90' lang='lat' dir='ltr'>est</span> <span class='ocrx_word' id='word_1_81' title='bbox 823 1549 1059 1628; x_wconf 88' lang='lat' dir='ltr'>credendum,</span> <span class='ocrx_word' id='word_1_82' title='bbox 1084 1549 1182 1611; x_wconf 87' lang='lat' dir='ltr'>cuius</span> <span class='ocrx_word' id='word_1_83' title='bbox 1207 1569 1271 1610; x_wconf 90' lang='lat' dir='ltr'>nos</span> <span class='ocrx_word' id='word_1_84' title='bbox 1296 1548 1438 1630; x_wconf 88' lang='lat' dir='ltr'>quidem</span> 
     </span>
     <span class='ocr_line' id='line_1_11' title="bbox 154 1652 1438 1737; baseline 0 -19"><span class='ocrx_word' id='word_1_85' title='bbox 154 1666 190 1718; x_wconf 91' lang='lat' dir='ltr'>et</span> <span class='ocrx_word' id='word_1_86' title='bbox 212 1653 360 1718; x_wconf 90' lang='lat' dir='ltr'>honoris</span> <span class='ocrx_word' id='word_1_87' title='bbox 384 1665 420 1716; x_wconf 90' lang='lat' dir='ltr'>et</span> <span class='ocrx_word' id='word_1_88' title='bbox 443 1652 638 1717; x_wconf 87' lang='lat' dir='ltr'>voluntatis</span> <span class='ocrx_word' id='word_1_89' title='bbox 662 1674 740 1716; x_wconf 93' lang='lat' dir='ltr'>eam</span> <span class='ocrx_word' id='word_1_90' title='bbox 765 1655 899 1717; x_wconf 89' lang='lat' dir='ltr'>habere</span> <span class='ocrx_word' id='word_1_91' title='bbox 933 1655 1107 1718; x_wconf 88' lang='lat' dir='ltr'>rationem</span> <span class='ocrx_word' id='word_1_92' title='bbox 1139 1657 1302 1718; x_wconf 89' lang='lat' dir='ltr'>volumus</span> <span class='ocrx_word' id='word_1_93' title='bbox 1333 1676 1438 1737; x_wconf 91' lang='lat' dir='ltr'>quam</span> 
     </span>
     <span class='ocr_line' id='line_1_12' title="bbox 155 1758 1440 1844; baseline 0.002 -22"><span class='ocrx_word' id='word_1_94' title='bbox 155 1762 309 1844; x_wconf 87' lang='lat' dir='ltr'>ipsemet</span> <span class='ocrx_word' id='word_1_95' title='bbox 332 1771 443 1843; x_wconf 86' lang='lat' dir='ltr'>optat.</span> <span class='ocrx_word' id='word_1_96' title='bbox 491 1758 564 1823; x_wconf 87' lang='lat' dir='ltr'>Sed</span> <span class='ocrx_word' id='word_1_97' title='bbox 589 1761 618 1823; x_wconf 92' lang='lat' dir='ltr'>si</span> <span class='ocrx_word' id='word_1_98' title='bbox 642 1760 717 1824; x_wconf 91' lang='lat' dir='ltr'>sine</span> <span class='ocrx_word' id='word_1_99' title='bbox 742 1760 835 1824; x_wconf 93' lang='lat' dir='ltr'>illius</span> <span class='ocrx_word' id='word_1_100' title='bbox 860 1759 1056 1825; x_wconf 87' lang='lat' dir='ltr'>offensione</span> <span class='ocrx_word' id='word_1_101' title='bbox 1079 1760 1157 1825; x_wconf 88' lang='lat' dir='ltr'>fieri</span> <span class='ocrx_word' id='word_1_102' title='bbox 1181 1771 1299 1843; x_wconf 89' lang='lat' dir='ltr'>potest</span> <span class='ocrx_word' id='word_1_103' title='bbox 1321 1772 1356 1825; x_wconf 93' lang='lat' dir='ltr'>et</span> <span class='ocrx_word' id='word_1_104' title='bbox 1379 1771 1440 1824; x_wconf 90' lang='lat' dir='ltr'>tua</span> 
     </span>
     <span class='ocr_line' id='line_1_13' title="bbox 156 1867 1441 1950; baseline -0.001 -18"><span class='ocrx_word' id='word_1_105' title='bbox 156 1868 436 1950; x_wconf 86' lang='lat' dir='ltr'>Circumspectio</span> <span class='ocrx_word' id='word_1_106' title='bbox 461 1878 700 1950; x_wconf 90' lang='lat' dir='ltr'>opportunum</span> <span class='ocrx_word' id='word_1_107' title='bbox 735 1868 957 1946; x_wconf 87' lang='lat' dir='ltr'>iudicaverit,</span> <span class='ocrx_word' id='word_1_108' title='bbox 990 1870 1197 1934; x_wconf 86' lang='lat' dir='ltr'>mandamus</span> <span class='ocrx_word' id='word_1_109' title='bbox 1226 1867 1340 1932; x_wconf 91' lang='lat' dir='ltr'>eidem</span> <span class='ocrx_word' id='word_1_110' title='bbox 1369 1868 1441 1932; x_wconf 88' lang='lat' dir='ltr'>Cir·</span> 
     </span>
     <span class='ocr_line' id='line_1_14' title="bbox 157 1975 1441 2058; baseline 0 -20"><span class='ocrx_word' id='word_1_111' title='bbox 157 1975 413 2058; x_wconf 91' lang='lat' dir='ltr'>cumspectioni</span> <span class='ocrx_word' id='word_1_112' title='bbox 437 1985 521 2039; x_wconf 85' lang='lat' dir='ltr'>tuae</span> <span class='ocrx_word' id='word_1_113' title='bbox 544 1984 583 2038; x_wconf 94' lang='lat' dir='ltr'>ut</span> <span class='ocrx_word' id='word_1_114' title='bbox 606 1984 840 2056; x_wconf 89' lang='lat' dir='ltr'>posteaquam</span> <span class='ocrx_word' id='word_1_115' title='bbox 870 1976 935 2038; x_wconf 88' lang='lat' dir='ltr'>tibi</span> <span class='ocrx_word' id='word_1_116' title='bbox 968 1975 1168 2038; x_wconf 88' lang='lat' dir='ltr'>constiterit</span> <span class='ocrx_word' id='word_1_117' title='bbox 1199 1976 1441 2058; x_wconf 90' lang='lat' dir='ltr'>supradictum</span> 
     </span>
     <span class='ocr_line' id='line_1_15' title="bbox 156 2081 1441 2166; baseline -0.002 -20"><span class='ocrx_word' id='word_1_118' title='bbox 156 2083 316 2166; x_wconf 85' lang='lat' dir='ltr'>diploma</span> <span class='ocrx_word' id='word_1_119' title='bbox 339 2085 385 2145; x_wconf 89' lang='lat' dir='ltr'>ab</span> <span class='ocrx_word' id='word_1_120' title='bbox 410 2103 454 2145; x_wconf 91' lang='lat' dir='ltr'>eo</span> <span class='ocrx_word' id='word_1_121' title='bbox 478 2081 657 2164; x_wconf 90' lang='lat' dir='ltr'>Episcopo</span> <span class='ocrx_word' id='word_1_122' title='bbox 683 2103 761 2144; x_wconf 90' lang='lat' dir='ltr'>esse</span> <span class='ocrx_word' id='word_1_123' title='bbox 795 2092 830 2145; x_wconf 90' lang='lat' dir='ltr'>et</span> <span class='ocrx_word' id='word_1_124' title='bbox 861 2083 938 2165; x_wconf 90' lang='lat' dir='ltr'>ipse</span> <span class='ocrx_word' id='word_1_125' title='bbox 970 2103 1060 2165; x_wconf 90' lang='lat' dir='ltr'>opus</span> <span class='ocrx_word' id='word_1_126' title='bbox 1088 2102 1188 2144; x_wconf 90' lang='lat' dir='ltr'>suum</span> <span class='ocrx_word' id='word_1_127' title='bbox 1221 2093 1257 2144; x_wconf 88' lang='lat' dir='ltr'>et</span> <span class='ocrx_word' id='word_1_128' title='bbox 1280 2083 1441 2145; x_wconf 89' lang='lat' dir='ltr'>lucubra-</span> 
     </span>
     <span class='ocr_line' id='line_1_16' title="bbox 157 2189 1441 2272; baseline -0.002 -18"><span class='ocrx_word' id='word_1_129' title='bbox 157 2190 290 2254; x_wconf 88' lang='lat' dir='ltr'>tionem</span> <span class='ocrx_word' id='word_1_130' title='bbox 315 2189 516 2272; x_wconf 85' lang='lat' dir='ltr'>agnoverit,</span> <span class='ocrx_word' id='word_1_131' title='bbox 541 2197 603 2252; x_wconf 94' lang='lat' dir='ltr'>aut</span> <span class='ocrx_word' id='word_1_132' title='bbox 627 2191 671 2252; x_wconf 91' lang='lat' dir='ltr'>ab</span> <span class='ocrx_word' id='word_1_133' title='bbox 695 2210 741 2252; x_wconf 88' lang='lat' dir='ltr'>eo</span> <span class='ocrx_word' id='word_1_134' title='bbox 765 2189 896 2252; x_wconf 88' lang='lat' dir='ltr'>editam</span> <span class='ocrx_word' id='word_1_135' title='bbox 920 2189 1027 2252; x_wconf 86' lang='lat' dir='ltr'>fuerit</span> <span class='ocrx_word' id='word_1_136' title='bbox 1042 2190 1242 2270; x_wconf 86' lang='lat' dir='ltr'>probatum,</span> <span class='ocrx_word' id='word_1_137' title='bbox 1267 2209 1346 2251; x_wconf 91' lang='lat' dir='ltr'>cum</span> <span class='ocrx_word' id='word_1_138' title='bbox 1370 2199 1441 2253; x_wconf 86' lang='lat' dir='ltr'>tam</span> 
     </span>
     <span class='ocr_line' id='line_1_17' title="bbox 156 2295 1441 2381; baseline -0.002 -20"><span class='ocrx_word' id='word_1_139' title='bbox 156 2298 284 2381; x_wconf 86' lang='lat' dir='ltr'>vigore</span> <span class='ocrx_word' id='word_1_140' title='bbox 308 2306 447 2361; x_wconf 88' lang='lat' dir='ltr'>tuarum</span> <span class='ocrx_word' id='word_1_141' title='bbox 471 2295 660 2377; x_wconf 82' lang='lat' dir='ltr'>legationis</span> <span class='ocrx_word' id='word_1_142' title='bbox 683 2295 890 2359; x_wconf 77' lang='lat' dir='ltr'>facultatum</span> <span class='ocrx_word' id='word_1_143' title='bbox 917 2316 1021 2378; x_wconf 90' lang='lat' dir='ltr'>quam</span> <span class='ocrx_word' id='word_1_144' title='bbox 1054 2295 1266 2358; x_wconf 86' lang='lat' dir='ltr'>auctoritate</span> <span class='ocrx_word' id='word_1_145' title='bbox 1299 2316 1441 2378; x_wconf 92' lang='lat' dir='ltr'>quoque</span> 
     </span>
     <span class='ocr_line' id='line_1_18' title="bbox 156 2402 1442 2486; baseline -0.002 -18"><span class='ocrx_word' id='word_1_146' title='bbox 156 2416 292 2484; x_wconf 86' lang='lat' dir='ltr'>nostra,</span> <span class='ocrx_word' id='word_1_147' title='bbox 325 2424 430 2486; x_wconf 88' lang='lat' dir='ltr'>quam</span> <span class='ocrx_word' id='word_1_148' title='bbox 460 2404 496 2466; x_wconf 88' lang='lat' dir='ltr'>iu</span> <span class='ocrx_word' id='word_1_149' title='bbox 526 2404 577 2466; x_wconf 88' lang='lat' dir='ltr'>Te</span> <span class='ocrx_word' id='word_1_150' title='bbox 610 2405 753 2484; x_wconf 89' lang='lat' dir='ltr'>plenam</span> <span class='ocrx_word' id='word_1_151' title='bbox 787 2404 832 2466; x_wconf 90' lang='lat' dir='ltr'>ad</span> <span class='ocrx_word' id='word_1_152' title='bbox 867 2404 959 2466; x_wconf 92' lang='lat' dir='ltr'>hunc</span> <span class='ocrx_word' id='word_1_153' title='bbox 991 2403 1157 2466; x_wconf 88' lang='lat' dir='ltr'>effectum</span> <span class='ocrx_word' id='word_1_154' title='bbox 1185 2402 1442 2484; x_wconf 84' lang='lat' dir='ltr'>transferimus,</span> 
     </span>
     <span class='ocr_line' id='line_1_19' title="bbox 157 2506 1442 2593; baseline -0.004 -17"><span class='ocrx_word' id='word_1_155' title='bbox 157 2506 303 2576; x_wconf 86' lang='lat' dir='ltr'>citatum</span> <span class='ocrx_word' id='word_1_156' title='bbox 336 2514 461 2575; x_wconf 87' lang='lat' dir='ltr'>iubeas</span> <span class='ocrx_word' id='word_1_157' title='bbox 496 2519 579 2574; x_wconf 89' lang='lat' dir='ltr'>ante</span> <span class='ocrx_word' id='word_1_158' title='bbox 613 2521 649 2574; x_wconf 90' lang='lat' dir='ltr'>te</span> <span class='ocrx_word' id='word_1_159' title='bbox 684 2511 922 2593; x_wconf 85' lang='lat' dir='ltr'>personaliter</span> <span class='ocrx_word' id='word_1_160' title='bbox 957 2530 1164 2592; x_wconf 89' lang='lat' dir='ltr'>comparere</span> <span class='ocrx_word' id='word_1_161' title='bbox 1198 2530 1240 2572; x_wconf 90' lang='lat' dir='ltr'>ac</span> <span class='ocrx_word' id='word_1_162' title='bbox 1274 2519 1442 2591; x_wconf 89' lang='lat' dir='ltr'>tanquam</span> 
     </span>
     <span class='ocr_line' id='line_1_20' title="bbox 158 2615 1444 2701; baseline -0.003 -18"><span class='ocrx_word' id='word_1_163' title='bbox 158 2620 368 2684; x_wconf 89' lang='lat' dir='ltr'>seditiosum</span> <span class='ocrx_word' id='word_1_164' title='bbox 400 2640 441 2681; x_wconf 83' lang='lat' dir='ltr'>ac</span> <span class='ocrx_word' id='word_1_165' title='bbox 474 2638 586 2700; x_wconf 87' lang='lat' dir='ltr'>prave</span> <span class='ocrx_word' id='word_1_166' title='bbox 618 2618 662 2680; x_wconf 90' lang='lat' dir='ltr'>de</span> <span class='ocrx_word' id='word_1_167' title='bbox 691 2616 762 2680; x_wconf 85' lang='lat' dir='ltr'>fide</span> <span class='ocrx_word' id='word_1_168' title='bbox 797 2627 833 2680; x_wconf 90' lang='lat' dir='ltr'>et</span> <span class='ocrx_word' id='word_1_169' title='bbox 862 2615 958 2680; x_wconf 87' lang='lat' dir='ltr'>Sede</span> <span class='ocrx_word' id='word_1_170' title='bbox 990 2616 1201 2701; x_wconf 86' lang='lat' dir='ltr'>Apostolica</span> <span class='ocrx_word' id='word_1_171' title='bbox 1234 2615 1444 2679; x_wconf 88' lang='lat' dir='ltr'>sentientem</span> 
     </span>
     <span class='ocr_line' id='line_1_21' title="bbox 158 2723 1442 2811; baseline -0.003 -20"><span class='ocrx_word' id='word_1_172' title='bbox 158 2749 266 2811; x_wconf 89' lang='lat' dir='ltr'>quum</span> <span class='ocrx_word' id='word_1_173' title='bbox 291 2727 397 2790; x_wconf 89' lang='lat' dir='ltr'>etiam</span> <span class='ocrx_word' id='word_1_174' title='bbox 425 2725 556 2789; x_wconf 87' lang='lat' dir='ltr'>crimen</span> <span class='ocrx_word' id='word_1_175' title='bbox 582 2724 727 2807; x_wconf 89' lang='lat' dir='ltr'>periurii</span> <span class='ocrx_word' id='word_1_176' title='bbox 749 2723 940 2787; x_wconf 88' lang='lat' dir='ltr'>incurrisse</span> <span class='ocrx_word' id='word_1_177' title='bbox 971 2726 1169 2787; x_wconf 89' lang='lat' dir='ltr'>censendus</span> <span class='ocrx_word' id='word_1_178' title='bbox 1198 2734 1268 2804; x_wconf 88' lang='lat' dir='ltr'>est,</span> <span class='ocrx_word' id='word_1_179' title='bbox 1300 2743 1442 2788; x_wconf 87' lang='lat' dir='ltr'>causam</span> 
     </span>
     <span class='ocr_line' id='line_1_22' title="bbox 158 2831 1444 2916; baseline -0.004 -17"><span class='ocrx_word' id='word_1_180' title='bbox 158 2837 283 2899; x_wconf 85' lang='lat' dir='ltr'>dicere</span> <span class='ocrx_word' id='word_1_181' title='bbox 307 2853 435 2916; x_wconf 83' lang='lat' dir='ltr'>cogas,</span> <span class='ocrx_word' id='word_1_182' title='bbox 465 2832 737 2913; x_wconf 87' lang='lat' dir='ltr'>convictumque</span> <span class='ocrx_word' id='word_1_183' title='bbox 769 2831 874 2894; x_wconf 91' lang='lat' dir='ltr'>animi</span> <span class='ocrx_word' id='word_1_184' title='bbox 905 2832 951 2894; x_wconf 89' lang='lat' dir='ltr'>ad</span> <span class='ocrx_word' id='word_1_185' title='bbox 979 2832 1186 2895; x_wconf 86' lang='lat' dir='ltr'>scandalum</span> <span class='ocrx_word' id='word_1_186' title='bbox 1210 2841 1246 2894; x_wconf 93' lang='lat' dir='ltr'>et</span> <span class='ocrx_word' id='word_1_187' title='bbox 1269 2831 1444 2894; x_wconf 85' lang='lat' dir='ltr'>haeresim</span> 
     </span>
     <span class='ocr_line' id='line_1_23' title="bbox 158 2937 1443 3026; baseline -0.004 -20"><span class='ocrx_word' id='word_1_188' title='bbox 158 2966 202 3007; x_wconf 89' lang='lat' dir='ltr'>ac</span> <span class='ocrx_word' id='word_1_189' title='bbox 233 2941 481 3026; x_wconf 83' lang='lat' dir='ltr'>gravissimum</span> <span class='ocrx_word' id='word_1_190' title='bbox 515 2938 648 3026; x_wconf 81' lang='lat' dir='ltr'>crimen</span> <span class='ocrx_word' id='word_1_191' title='bbox 687 2938 877 3021; x_wconf 87' lang='lat' dir='ltr'>superbiae</span> <span class='ocrx_word' id='word_1_192' title='bbox 908 2937 1122 3017; x_wconf 80' lang='lat' dir='ltr'>inclinantis,</span> <span class='ocrx_word' id='word_1_193' title='bbox 1154 2947 1214 3000; x_wconf 91' lang='lat' dir='ltr'>aut</span> <span class='ocrx_word' id='word_1_194' title='bbox 1248 2947 1443 3001; x_wconf 88' lang='lat' dir='ltr'>retractare</span> 
     </span>
     <span class='ocr_line' id='line_1_24' title="bbox 158 3044 1443 3133; baseline -0.005 -19"><span class='ocrx_word' id='word_1_195' title='bbox 158 3071 253 3133; x_wconf 87' lang='lat' dir='ltr'>quae</span> <span class='ocrx_word' id='word_1_196' title='bbox 277 3048 387 3130; x_wconf 90' lang='lat' dir='ltr'>impie</span> <span class='ocrx_word' id='word_1_197' title='bbox 411 3047 485 3128; x_wconf 87' lang='lat' dir='ltr'>egit</span> <span class='ocrx_word' id='word_1_198' title='bbox 508 3047 583 3109; x_wconf 89' lang='lat' dir='ltr'>sive</span> <span class='ocrx_word' id='word_1_199' title='bbox 607 3047 745 3108; x_wconf 88' lang='lat' dir='ltr'>locutus</span> <span class='ocrx_word' id='word_1_200' title='bbox 770 3054 824 3108; x_wconf 85' lang='lat' dir='ltr'>est</span> <span class='ocrx_word' id='word_1_201' title='bbox 847 3045 990 3126; x_wconf 87' lang='lat' dir='ltr'>publice</span> <span class='ocrx_word' id='word_1_202' title='bbox 1015 3046 1224 3126; x_wconf 87' lang='lat' dir='ltr'>compellas,</span> <span class='ocrx_word' id='word_1_203' title='bbox 1260 3054 1322 3107; x_wconf 91' lang='lat' dir='ltr'>aut</span> <span class='ocrx_word' id='word_1_204' title='bbox 1355 3044 1384 3107; x_wconf 86' lang='lat' dir='ltr'>si</span> <span class='ocrx_word' id='word_1_205' title='bbox 1407 3044 1443 3107; x_wconf 92' lang='lat' dir='ltr'>in</span> 
     </span>
     <span class='ocr_line' id='line_1_25' title="bbox 158 3147 1444 3239; baseline -0.006 -18"><span class='ocrx_word' id='word_1_206' title='bbox 158 3178 225 3221; x_wconf 88' lang='lat' dir='ltr'>sua</span> <span class='ocrx_word' id='word_1_207' title='bbox 247 3154 453 3239; x_wconf 84' lang='lat' dir='ltr'>pervicacia</span> <span class='ocrx_word' id='word_1_208' title='bbox 476 3152 676 3217; x_wconf 89' lang='lat' dir='ltr'>obstinatus</span> <span class='ocrx_word' id='word_1_209' title='bbox 700 3151 816 3229; x_wconf 88' lang='lat' dir='ltr'>fuerit,</span> <span class='ocrx_word' id='word_1_210' title='bbox 842 3151 943 3214; x_wconf 89' lang='lat' dir='ltr'>iustis</span> <span class='ocrx_word' id='word_1_211' title='bbox 970 3161 1006 3214; x_wconf 91' lang='lat' dir='ltr'>et</span> <span class='ocrx_word' id='word_1_212' title='bbox 1038 3151 1168 3214; x_wconf 91' lang='lat' dir='ltr'>debitis</span> <span class='ocrx_word' id='word_1_213' title='bbox 1192 3147 1298 3214; x_wconf 85' lang='lat' dir='ltr'>etiam</span> <span class='ocrx_word' id='word_1_214' title='bbox 1328 3154 1444 3232; x_wconf 89' lang='lat' dir='ltr'>priva·</span> 
     </span>
     <span class='ocr_line' id='line_1_26' title="bbox 158 3256 1444 3341; baseline -0.005 -13"><span class='ocrx_word' id='word_1_215' title='bbox 158 3264 269 3329; x_wconf 87' lang='lat' dir='ltr'>tionis</span> <span class='ocrx_word' id='word_1_216' title='bbox 292 3261 476 3325; x_wconf 87' lang='lat' dir='ltr'>Ecclesiae</span> <span class='ocrx_word' id='word_1_217' title='bbox 501 3280 605 3341; x_wconf 90' lang='lat' dir='ltr'>quam</span> <span class='ocrx_word' id='word_1_218' title='bbox 629 3258 776 3341; x_wconf 90' lang='lat' dir='ltr'>indigne</span> <span class='ocrx_word' id='word_1_219' title='bbox 801 3259 939 3321; x_wconf 90' lang='lat' dir='ltr'>obtinet</span> <span class='ocrx_word' id='word_1_220' title='bbox 962 3258 1179 3340; x_wconf 88' lang='lat' dir='ltr'>reliquisque</span> <span class='ocrx_word' id='word_1_221' title='bbox 1200 3280 1222 3321; x_wconf 92' lang='lat' dir='ltr'>a</span> <span class='ocrx_word' id='word_1_222' title='bbox 1237 3258 1313 3321; x_wconf 87' lang='lat' dir='ltr'>iure</span> <span class='ocrx_word' id='word_1_223' title='bbox 1338 3268 1372 3320; x_wconf 92' lang='lat' dir='ltr'>et</span> <span class='ocrx_word' id='word_1_224' title='bbox 1396 3256 1444 3321; x_wconf 88' lang='lat' dir='ltr'>fe.</span> 
     </span>
     <span class='ocr_line' id='line_1_27' title="bbox 158 3365 1444 3450; baseline -0.006 -15"><span class='ocrx_word' id='word_1_225' title='bbox 158 3393 212 3435; x_wconf 87' lang='lat' dir='ltr'>re.</span> <span class='ocrx_word' id='word_1_226' title='bbox 260 3368 393 3433; x_wconf 88' lang='lat' dir='ltr'>Leonis</span> <span class='ocrx_word' id='word_1_227' title='bbox 416 3368 455 3430; x_wconf 86' lang='lat' dir='ltr'>X</span> <span class='ocrx_word' id='word_1_228' title='bbox 480 3366 769 3450; x_wconf 85' lang='lat' dir='ltr'>praedecessoris</span> <span class='ocrx_word' id='word_1_229' title='bbox 794 3365 906 3429; x_wconf 86' lang='lat' dir='ltr'>nostri</span> <span class='ocrx_word' id='word_1_230' title='bbox 921 3365 1048 3428; x_wconf 88' lang='lat' dir='ltr'>litteris</span> <span class='ocrx_word' id='word_1_231' title='bbox 1065 3375 1189 3428; x_wconf 90' lang='lat' dir='ltr'>contra</span> <span class='ocrx_word' id='word_1_232' title='bbox 1206 3365 1444 3428; x_wconf 87' lang='lat' dir='ltr'>Lutheranam</span> 
     </span>
     <span class='ocr_line' id='line_1_28' title="bbox 159 3471 1444 3556; baseline -0.006 -14"><span class='ocrx_word' id='word_1_233' title='bbox 159 3478 340 3542; x_wconf 87' lang='lat' dir='ltr'>haeresim</span> <span class='ocrx_word' id='word_1_234' title='bbox 380 3475 521 3538; x_wconf 88' lang='lat' dir='ltr'>statutis</span> <span class='ocrx_word' id='word_1_235' title='bbox 553 3473 679 3556; x_wconf 89' lang='lat' dir='ltr'>poenis</span> <span class='ocrx_word' id='word_1_236' title='bbox 710 3472 855 3538; x_wconf 88' lang='lat' dir='ltr'>afficias.</span> <span class='ocrx_word' id='word_1_237' title='bbox 911 3472 950 3534; x_wconf 89' lang='lat' dir='ltr'>In</span> <span class='ocrx_word' id='word_1_238' title='bbox 985 3473 1199 3536; x_wconf 87' lang='lat' dir='ltr'>contrarium</span> <span class='ocrx_word' id='word_1_239' title='bbox 1230 3471 1444 3534; x_wconf 88' lang='lat' dir='ltr'>facientibus</span> 
     </span>
     <span class='ocr_line' id='line_1_29' title="bbox 158 3577 1444 3663; baseline -0.006 -14"><span class='ocrx_word' id='word_1_240' title='bbox 158 3607 231 3649; x_wconf 89' lang='lat' dir='ltr'>non</span> <span class='ocrx_word' id='word_1_241' title='bbox 271 3582 496 3647; x_wconf 87' lang='lat' dir='ltr'>obstantibus</span> <span class='ocrx_word' id='word_1_242' title='bbox 538 3581 826 3663; x_wconf 89' lang='lat' dir='ltr'>quibuscumque.</span> <span class='ocrx_word' id='word_1_243' title='bbox 894 3578 1066 3641; x_wconf 90' lang='lat' dir='ltr'>Volumus</span> <span class='ocrx_word' id='word_1_244' title='bbox 1105 3589 1223 3642; x_wconf 85' lang='lat' dir='ltr'>autem</span> <span class='ocrx_word' id='word_1_245' title='bbox 1260 3577 1289 3641; x_wconf 90' lang='lat' dir='ltr'>si</span> <span class='ocrx_word' id='word_1_246' title='bbox 1329 3578 1444 3641; x_wconf 92' lang='lat' dir='ltr'>dictus</span> 
     </span>
     <span class='ocr_line' id='line_1_30' title="bbox 157 3684 1444 3776; baseline -0.008 -20"><span class='ocrx_word' id='word_1_247' title='bbox 157 3694 363 3776; x_wconf 88' lang='lat' dir='ltr'>Episcopus</span> <span class='ocrx_word' id='word_1_248' title='bbox 387 3688 652 3753; x_wconf 87' lang='lat' dir='ltr'>Sambianensis</span> <span class='ocrx_word' id='word_1_249' title='bbox 676 3708 740 3749; x_wconf 91' lang='lat' dir='ltr'>sua</span> <span class='ocrx_word' id='word_1_250' title='bbox 763 3685 924 3748; x_wconf 90' lang='lat' dir='ltr'>Ecclesia</span> <span class='ocrx_word' id='word_1_251' title='bbox 949 3685 1106 3767; x_wconf 84' lang='lat' dir='ltr'>legitime</span> <span class='ocrx_word' id='word_1_252' title='bbox 1135 3685 1241 3748; x_wconf 83' lang='lat' dir='ltr'>fuerit</span> <span class='ocrx_word' id='word_1_253' title='bbox 1271 3684 1444 3767; x_wconf 86' lang='lat' dir='ltr'>privatus,</span> 
     </span>
     <span class='ocr_line' id='line_1_31' title="bbox 158 3791 1445 3883; baseline -0.009 -19"><span class='ocrx_word' id='word_1_254' title='bbox 158 3800 283 3883; x_wconf 91' lang='lat' dir='ltr'>quiin</span> <span class='ocrx_word' id='word_1_255' title='bbox 308 3800 512 3862; x_wconf 83' lang='lat' dir='ltr'>cohonore</span> <span class='ocrx_word' id='word_1_256' title='bbox 547 3805 583 3859; x_wconf 91' lang='lat' dir='ltr'>et</span> <span class='ocrx_word' id='word_1_257' title='bbox 613 3795 693 3857; x_wconf 91' lang='lat' dir='ltr'>loco</span> <span class='ocrx_word' id='word_1_258' title='bbox 722 3791 953 3856; x_wconf 86' lang='lat' dir='ltr'>sufficiendus</span> <span class='ocrx_word' id='word_1_259' title='bbox 978 3792 1045 3854; x_wconf 88' lang='lat' dir='ltr'>erit</span> <span class='ocrx_word' id='word_1_260' title='bbox 1073 3792 1118 3853; x_wconf 89' lang='lat' dir='ltr'>sit</span> <span class='ocrx_word' id='word_1_261' title='bbox 1150 3800 1222 3854; x_wconf 88' lang='lat' dir='ltr'>tum</span> <span class='ocrx_word' id='word_1_262' title='bbox 1255 3791 1445 3854; x_wconf 91' lang='lat' dir='ltr'>virtutibus</span> 
     </span>
     <span class='ocr_line' id='line_1_32' title="bbox 158 3898 1445 3989; baseline -0.009 -18"><span class='ocrx_word' id='word_1_263' title='bbox 158 3909 295 3989; x_wconf 85' lang='lat' dir='ltr'>dignus</span> <span class='ocrx_word' id='word_1_264' title='bbox 320 3925 360 3968; x_wconf 90' lang='lat' dir='ltr'>ac</span> <span class='ocrx_word' id='word_1_265' title='bbox 385 3902 607 3967; x_wconf 86' lang='lat' dir='ltr'>Christianae</span> <span class='ocrx_word' id='word_1_266' title='bbox 632 3909 667 3963; x_wconf 90' lang='lat' dir='ltr'>et</span> <span class='ocrx_word' id='word_1_267' title='bbox 695 3899 891 3962; x_wconf 90' lang='lat' dir='ltr'>catholicae</span> <span class='ocrx_word' id='word_1_268' title='bbox 922 3899 1060 3978; x_wconf 87' lang='lat' dir='ltr'>mentis,</span> <span class='ocrx_word' id='word_1_269' title='bbox 1093 3906 1165 3960; x_wconf 91' lang='lat' dir='ltr'>tum</span> <span class='ocrx_word' id='word_1_270' title='bbox 1197 3898 1264 3980; x_wconf 85' lang='lat' dir='ltr'>ipsi</span> <span class='ocrx_word' id='word_1_271' title='bbox 1294 3898 1445 3961; x_wconf 87' lang='lat' dir='ltr'>Alberto</span> 
     </span>
     <span class='ocr_line' id='line_1_33' title="bbox 160 4004 1444 4093; baseline -0.009 -15"><span class='ocrx_word' id='word_1_272' title='bbox 160 4014 333 4078; x_wconf 85' lang='lat' dir='ltr'>Prussiae</span> <span class='ocrx_word' id='word_1_273' title='bbox 357 4012 529 4093; x_wconf 87' lang='lat' dir='ltr'>magistro</span> <span class='ocrx_word' id='word_1_274' title='bbox 553 4015 723 4089; x_wconf 89' lang='lat' dir='ltr'>acceptus</span> <span class='ocrx_word' id='word_1_275' title='bbox 746 4016 783 4069; x_wconf 89' lang='lat' dir='ltr'>et</span> <span class='ocrx_word' id='word_1_276' title='bbox 807 4015 941 4087; x_wconf 76' lang='lat' dir='ltr'>gratus,</span> <span class='ocrx_word' id='word_1_277' title='bbox 967 4015 1004 4067; x_wconf 91' lang='lat' dir='ltr'>ut</span> <span class='ocrx_word' id='word_1_278' title='bbox 1028 4005 1064 4066; x_wconf 92' lang='lat' dir='ltr'>in</span> <span class='ocrx_word' id='word_1_279' title='bbox 1081 4004 1217 4067; x_wconf 90' lang='lat' dir='ltr'>cunctis</span> <span class='ocrx_word' id='word_1_280' title='bbox 1241 4005 1300 4068; x_wconf 91' lang='lat' dir='ltr'>ille</span> <span class='ocrx_word' id='word_1_281' title='bbox 1316 4024 1444 4090; x_wconf 89' lang='lat' dir='ltr'>cogno-</span> 
     </span>
     <span class='ocr_line' id='line_1_34' title="bbox 158 4112 1445 4199; baseline -0.009 -14"><span class='ocrx_word' id='word_1_282' title='bbox 158 4133 240 4185; x_wconf 91' lang='lat' dir='ltr'>scat</span> <span class='ocrx_word' id='word_1_283' title='bbox 264 4141 329 4183; x_wconf 90' lang='lat' dir='ltr'>nos</span> <span class='ocrx_word' id='word_1_284' title='bbox 353 4119 388 4180; x_wconf 92' lang='lat' dir='ltr'>in</span> <span class='ocrx_word' id='word_1_285' title='bbox 413 4117 548 4199; x_wconf 85' lang='lat' dir='ltr'>optimo</span> <span class='ocrx_word' id='word_1_286' title='bbox 574 4135 663 4197; x_wconf 85' lang='lat' dir='ltr'>erga</span> <span class='ocrx_word' id='word_1_287' title='bbox 687 4133 765 4176; x_wconf 89' lang='lat' dir='ltr'>eum</span> <span class='ocrx_word' id='word_1_288' title='bbox 790 4112 908 4175; x_wconf 91' lang='lat' dir='ltr'>animo</span> <span class='ocrx_word' id='word_1_289' title='bbox 933 4132 1184 4195; x_wconf 85' lang='lat' dir='ltr'>perseverare,</span> <span class='ocrx_word' id='word_1_290' title='bbox 1208 4132 1445 4195; x_wconf 88' lang='lat' dir='ltr'>magnamque</span> 
     </span>
     <span class='ocr_line' id='line_1_35' title="bbox 157 4219 1446 4311; baseline -0.008 -19"><span class='ocrx_word' id='word_1_291' title='bbox 157 4227 276 4311; x_wconf 88' lang='lat' dir='ltr'>ipsius</span> <span class='ocrx_word' id='word_1_292' title='bbox 298 4224 445 4289; x_wconf 91' lang='lat' dir='ltr'>honoris</span> <span class='ocrx_word' id='word_1_293' title='bbox 469 4233 504 4286; x_wconf 92' lang='lat' dir='ltr'>et</span> <span class='ocrx_word' id='word_1_294' title='bbox 535 4221 728 4285; x_wconf 88' lang='lat' dir='ltr'>voluntatis</span> <span class='ocrx_word' id='word_1_295' title='bbox 759 4221 889 4282; x_wconf 90' lang='lat' dir='ltr'>ducere</span> <span class='ocrx_word' id='word_1_296' title='bbox 918 4220 1104 4282; x_wconf 90' lang='lat' dir='ltr'>rationem.</span> <span class='ocrx_word' id='word_1_297' title='bbox 1150 4219 1281 4281; x_wconf 90' lang='lat' dir='ltr'>Datum</span> <span class='ocrx_word' id='word_1_298' title='bbox 1305 4220 1446 4282; x_wconf 89' lang='lat' dir='ltr'>Romae</span> 
     </span>
     <span class='ocr_line' id='line_1_36' title="bbox 159 4327 1139 4417; baseline -0.008 -19"><span class='ocrx_word' id='word_1_299' title='bbox 159 4338 223 4398; x_wconf 84' lang='lat' dir='ltr'>die</span> <span class='ocrx_word' id='word_1_300' title='bbox 246 4335 360 4417; x_wconf 90' lang='lat' dir='ltr'>primo</span> <span class='ocrx_word' id='word_1_301' title='bbox 384 4329 594 4395; x_wconf 90' lang='lat' dir='ltr'>Decembris</span> <span class='ocrx_word' id='word_1_302' title='bbox 618 4327 827 4390; x_wconf 86' lang='lat' dir='ltr'>MDXXIV</span> <span class='ocrx_word' id='word_1_303' title='bbox 852 4346 946 4389; x_wconf 90' lang='lat' dir='ltr'>anno</span> <span class='ocrx_word' id='word_1_304' title='bbox 971 4327 1139 4390; x_wconf 83' lang='lat' dir='ltr'>secunde.</span> 
     </span>
    </p>
   </div>
   <div class='ocr_carea' id='block_1_3' title="bbox 189 4994 581 5050">
    <p class='ocr_par' dir='ltr' id='par_1_3' title="bbox 189 4994 581 5050">
     <span class='ocr_line' id='line_1_37' title="bbox 189 4994 581 5050; baseline -0.031 -8"><span class='ocrx_word' id='word_1_305' title='bbox 189 4994 581 5050; x_wconf 54' lang='lat' dir='ltr'>animumanimumum</span> 
     </span>
    </p>
   </div>
   <div class='ocr_carea' id='block_1_4' title="bbox 0 0 1797 5732">
    <p class='ocr_par' dir='ltr' id='par_1_4' title="bbox 0 0 1797 5732">
     <span class='ocr_line' id='line_1_38' title="bbox 0 0 1797 5732; baseline 0 0"><span class='ocrx_word' id='word_1_306' title='bbox 0 0 1797 5732; x_wconf 95' lang='lat' dir='ltr'> </span> 
     </span>
    </p>
   </div>
  </div>
 </body>
</html>
