3559 5734
691 558 939 617 0-<32g7ffl

175 710 207 771 in
232 709 309 772 suoi
334 708 485 772 sermoni
511 709 579 772 mai
604 708 746 771 nomina
765 709 898 770 Luther
921 709 964 771 ne
989 710 1092 790 parla
1118 708 1154 769 di
1170 706 1230 787 lui,
1254 718 1345 769 tutta
1360 708 1458 769 volta

175 815 321 879 intendo
345 817 412 879 che
437 826 530 878 sotto
554 836 634 879 man
661 816 802 878 concita
825 816 935 878 molta
958 814 1110 878 sedition
1138 834 1204 896 per
1227 835 1325 877 esser
1349 813 1398 876 lui
1421 813 1456 876 in

175 933 300 1004 questa
333 926 465 1004 lengua
497 922 711 1005 fiammenga
744 923 999 986 facundissimo
1032 924 1155 994 homo;
1192 921 1228 985 di
1261 930 1357 985 sorte
1393 923 1458 983 che

175 1030 356 1093 Antversa
379 1031 398 1093 ὲ
422 1031 591 1112 alquanto
628 1039 827 1107 recaseata,
860 1029 1015 1093 maxime
1038 1049 1104 1113 per
1128 1031 1160 1092 el
1184 1029 1288 1092 favor
1312 1027 1348 1089 di
1371 1048 1458 1091 mer-

177 1135 309 1199 catanti
335 1136 411 1199 Alti
435 1136 600 1199 Alemani
629 1147 665 1199 et
694 1136 810 1199 alcuni
834 1136 986 1206 marani:
1023 1137 1143 1198 donde
1167 1155 1254 1198 sono
1285 1141 1377 1196 stato
1402 1154 1458 1195 co·

174 1252 302 1305 stretto
327 1264 383 1306 me
406 1243 533 1306 retirar
564 1244 624 1326 qui
648 1244 693 1305 ad
719 1244 928 1321 Caesarem,
962 1263 1028 1324 per
1051 1242 1108 1305 far
1131 1244 1197 1305 che
1221 1242 1250 1304 si
1274 1251 1383 1304 metta
1406 1260 1458 1302 or-

174 1350 268 1429 dine,
293 1370 393 1413 come
417 1349 477 1432 gia
501 1351 529 1413 si
555 1352 573 1414 ὲ
598 1350 825 1423 cominciat0;
855 1350 916 1432 poi
941 1351 1076 1413 andare
1100 1370 1121 1412 a
1146 1351 1245 1412 detta
1268 1349 1459 1411 Antwersa
1525 1406 1527 1409 ,

175 1468 210 1520 et
234 1477 342 1539 spero
367 1459 433 1521 che
457 1458 543 1539 ogni
567 1479 653 1521 cosa
677 1456 812 1520 andara
836 1461 940 1521 bene.
987 1456 1041 1520 Ne
1070 1478 1108 1520 se
1132 1455 1327 1538 meravegli
1351 1455 1396 1520 V.
1421 1453 1458 1517 S.

174 1564 269 1626 Rma
301 1566 345 1626 de
370 1566 521 1647 qualche
552 1585 666 1648 pocca
696 1566 741 1626 de
765 1563 924 1627 recidiva
956 1564 991 1627 di
1016 1565 1159 1627 Anvers
1187 1566 1254 1626 che
1283 1582 1353 1625 non
1378 1561 1458 1624 sara

175 1671 313 1744 niente;
338 1671 417 1734 anci
441 1681 533 1734 tutto
559 1674 590 1736 el
609 1673 739 1734 mundo
765 1671 794 1734 si
811 1671 1031 1754 meraveglia
1055 1672 1121 1734 che
1137 1692 1158 1734 a
1175 1680 1274 1733 tanto
1292 1668 1458 1732 incendio

175 1778 219 1840 de
245 1787 337 1841 tutto
362 1779 383 1840 ’1
409 1779 540 1842 mundo
565 1776 637 1841 cosi
662 1788 784 1860 presto
808 1777 851 1841 sii
875 1788 968 1840 stata
992 1778 1083 1841 satta
1107 1786 1206 1841 tanta
1230 1776 1459 1856 extinctione,

174 1886 209 1948 la
241 1887 325 1967 qual
359 1885 438 1948 sera
472 1887 679 1949 totalmente
713 1885 894 1967 perfecta,
931 1887 1073 1966 quando
1098 1884 1207 1947 Cesar
1242 1884 1331 1947 hard
1361 1882 1457 1945 facto

174 1992 348 2074 bruggiar
372 2012 443 2055 una
465 2012 584 2055 mezza
609 1993 762 2054 dozzena
786 1991 821 2053 di
837 1992 1031 2055 Lutherani
1056 2001 1091 2053 et
1115 1991 1139 2054 li
1161 1991 1245 2054 beni
1265 1989 1457 2054 confiscati.

177 2100 222 2162 Al
246 2101 313 2162 che
337 2120 375 2162 se
400 2120 470 2162 non
495 2120 533 2162 se
559 2118 768 2180 correg0n0‚
794 2110 893 2162 certo
918 2098 1123 2162 siorzeromi
1146 2099 1315 2181 impetrar
1338 2098 1403 2160 che
1420 2118 1459 2161 se

176 2207 335 2287 proceda
367 2226 433 2268 con
468 2207 503 2269 lo
527 2206 649 2269 adiuto
682 2208 717 2267 dl
742 2206 811 2268 Dio
845 2218 880 2270 et
904 2209 1000 2271 buon
1026 2208 1126 2270 voler
1157 2207 1192 2269 di
1225 2215 1351 2288 questo
1374 2226 1460 2268 vere

177 2312 467 2376 christianissimo
491 2312 673 2394 principe,
704 2314 737 2375 al
762 2316 866 2394 quale
889 2315 936 2376 ho
960 2313 1050 2377 fatto
1075 2316 1109 2376 le
1133 2311 1459 2376 raccomandationi

178 2420 212 2482 di
229 2420 272 2485 V.
291 2418 328 2484 S.
345 2421 440 2484 Rma
463 2422 529 2483 che
553 2441 618 2502 per
642 2441 705 2483 sue
729 2421 857 2484 lettere
881 2441 937 2484 me
960 2421 1179 2484 commanda.
1221 2420 1328 2483 Cuius
1343 2439 1458 2482 sacra-

178 2527 331 2591 tissimas
354 2548 478 2590 manus
502 2527 694 2593 humillime
716 2528 867 2592 osculor.
915 2526 1095 2590 Bruxellis
1112 2528 1145 2590 II
1160 2524 1259 2608 Sept.
1275 2525 1458 2589 MDXXI.

717 2744 859 2753 νννυν-,ν-κωκκ
866 2744 924 2755 »m

783 2992 842 3054 121

229 3106 436 3187 Willelmus
463 3106 577 3209 Epist.
605 3108 827 3209 ligantium
849 3040 988 3188 ’Erardo
1017 3108 1177 3211 episeopo
1204 3109 1398 3189 Leodiensi.

627 3257 711 3324 (Acte
728 3254 863 3314 1101111εο.
880 3255 927 3314 lot
945 3256 1011 3324 ue)

668 3374 704 3441 (5.
724 3376 858 3440 Septemb.
882 3372 968 3443 1521.)

268 3500 362 3562 Rev.
388 3499 422 3560 in
448 3499 589 3563 Christo
613 3499 706 3581 patri
731 3499 873 3563 domino
899 3500 1036 3564 Erardo
1062 3500 1241 3584 Episcopo
1270 3499 1460 3564 Leodiensi

180 3604 258 3667 duci
282 3605 319 3668 in
344 3605 471 3668 Bulion
497 3616 532 3668 et
556 3606 674 3670 comiti
699 3608 744 3670 de
768 3608 959 3690 Arnburg,
992 3609 1134 3671 domino
1167 3619 1203 3671 et
1233 3609 1347 3672 amico
1380 3628 1459 3671 meo

181 3712 396 3775 charissimo.
444 3713 503 3775 Ad
527 3734 651 3777 manus
675 3715 849 3796 proprias.

266 3820 483 3883 Reverende
508 3821 543 3884 in
569 3820 710 3884 Christo
735 3832 838 3903 pater
863 3821 1004 3886 domine
1029 3834 1064 3885 et
1090 3823 1199 3887 amice
1224 3822 1395 3906 precipue
1421 3832 1457 3885 et

181 3925 380 4007 singularis.

267 4033 441 4096 Hortatur
470 4054 525 4096 me
556 4033 727 4097 mirabilis
756 4035 979 4101 familiaritas
1010 4058 1080 4119 qua
1114 4039 1310 4120 paternitas
1341 4049 1460 4101 vestra

182 4140 263 4203 mihi
287 4140 460 4222 preterito
484 4140 657 4223 imperiali
682 4153 859 4205 conventu
883 4142 1089 4207 Wormacie
1123 4145 1369 4208 humanissime
1400 4146 1459 4207 ad·

181 4247 321 4310 modum
346 4257 559 4310 conversata
585 4257 654 4327 est,
686 4259 805 4312 vestre
828 4251 1039 4314 humanitati
1062 4252 1160 4314 hisce
1190 4252 1330 4334 scriptis
1354 4253 1458 4314 docu-

181 4363 334 4417 mentum
359 4364 522 4435 prestare
547 4375 669 4418 eorum
693 4376 811 4419 rerum
836 4378 892 4420 me
917 4356 1058 4422 minime
1082 4358 1230 4422 oblitum
1255 4360 1317 4421 sed
1342 4359 1460 4442 potius

180 4479 225 4523 ex
249 4481 292 4525 eo
318 4461 365 4524 ad
389 4460 567 4524 interioris
592 4461 744 4525 cuiusvis
761 4462 914 4526 amicitie
931 4463 1049 4527 officia
1064 4466 1195 4528 nedum
1217 4467 1460 4547 provocadum

182 4577 296 4630 utrum
321 4566 435 4630 indies
459 4567 709 4650 procliviorem
731 4570 906 4652 vobisque
931 4572 975 4633 ad
1000 4581 1119 4634 vestra
1134 4581 1218 4634 vota
1242 4570 1319 4634 fieri
1343 4572 1459 4635 addic-

181 4673 319 4756 tiorem,
349 4694 482 4737 summe
507 4675 743 4738 desiderando
767 4697 885 4739 rerum
906 4689 1103 4741 vestrarum
1128 4698 1329 4742 successum
1354 4700 1459 4761 quern

181 4779 281 4844 vobis
312 4800 524 4862 prosperum
549 4791 682 4863 exopto
690 4830 699 4862 ,
729 4782 884 4846 vicissim
915 4785 1085 4849 ediscere.
1132 4785 1321 4850 Emanavit
1350 4788 1458 4867 paulo

181 4896 260 4953 ante
284 4886 425 4951 libellus
449 4887 586 4952 incerto
611 4897 734 4953 autore
758 4889 793 4953 in
818 4891 932 4955 lucem
965 4891 1080 4957 editus
1104 4913 1208 4978 quem
1232 4893 1459 4981 presentibus
