3559 5734
1688 507 1804 577 443
1882 512 1990 579 340
2066 516 2182 575 &⁶

662 675 774 731 rin,
838 659 1338 733 demonstrano
1385 672 1563 750 ben,
1636 673 1768 734 che
1828 671 2064 753 quello
2113 669 2347 732 animo
2365 718 2383 749 ,
2454 668 2587 732 che
2647 686 2931 751 sempre
2977 665 3214 733 hanno

662 784 871 841 {muto
921 780 1010 840 de
1056 777 1399 841 liberarse
1449 777 1565 839 dal
1615 777 1782 857 iugo
1830 775 1920 840 de
1970 776 2141 859 ogni
2189 776 2618 857 obedientia,
2674 787 2748 840 et
2791 776 3218 859 superior-ita

662 891 722 947 11·
758 886 932 967 altri,
981 889 1217 968 (quum
1266 884 1356 946 sit
1404 886 1534 947 che
1583 904 1863 966 sempre
1912 884 1961 946 li
2001 882 2423 965 Imperatori
2472 882 2591 966 gia
2639 883 2836 947 molti
2884 884 3053 947 anni
3100 886 3214 947 ha·

662 999 849 1055 hiim}
907 1002 1200 1076 possuto
1266 1011 1494 1074 pocco
1542 991 1886 1074 disponer
1951 992 2041 1054 de
2091 991 2353 1072 quelle)
2420 991 2638 1054 hauta
2704 1001 2957 1074 questa
3017 1011 3215 1055 occa-

661 1103 854 1163 ffiisme
904 1101 993 1163 de
1041 1102 1110 1162 16
1159 1098 1483 1161 doctrina
1530 1099 1924 1177 lutherana,
1975 1098 2105 1160 che
2155 1097 2544 1179 destrugge
2586 1098 2755 1180 ogni
2785 1098 3218 1178 obedientia,

658 1215 893 1271 11111110
940 1204 1557 1270 manifestamente
1619 1215 1950 1288 scoperto
2018 1207 2085 1267 la
2133 1204 2504 1286 malignita
2550 1206 2640 1268 de
2687 1206 2730 1269 1’
2759 1206 2994 1269 anima
3041 1208 3218 1286 lor0‚

661 1319 790 1375 clm
838 1335 966 1396 per
1014 1313 1255 1376 avanti
1304 1320 1507 1375 stava
1555 1316 1863 1376 occulta:
1934 1312 2025 1374 de
2073 1312 2284 1375 modo
2332 1312 2463 1375 che
2512 1331 2656 1375 non
2705 1314 3101 1376 solamente
3147 1312 3214 1375 in

658 1427 722 1483 hz·
774 1420 1267 1484 deliberationi
1332 1421 1420 1482 de
1468 1421 1537 1483 16
1587 1419 1844 1482 Diaete
1893 1428 2138 1482 tenute
2186 1440 2228 1480 a
2277 1418 2754 1501 Norimberga
2808 1439 2986 1499 sono
3037 1427 3219 1483 state

662 1527 1008 1591 contrarie
1072 1549 1112 1589 a
1159 1528 1230 1590 16
1276 1526 1610 1608 ragione,
1681 1547 1798 1589 ma
1846 1546 2062 1589 ancor
2108 1524 2328 1588 fanno
2377 1526 2563 1588 assai
2618 1527 2889 1609 peggio
2936 1526 3006 1588 in
3059 1526 3220 1589 fatti

659 1636 918 1719 perche
986 1642 1173 1697 sotto
1221 1654 1429 1697 nome
1492 1635 1582 1695 de
1629 1632 1739 1696 far
1788 1634 2121 1715 predicar
2167 1633 2209 1694 l'
2238 1632 2673 1714 EvangeliO,
2744 1654 2886 1696 non
2934 1635 3222 1697 lassano

662 1743 987 1827 predicar
1052 1762 1129 1804 se
1178 1761 1319 1805 non
1369 1740 1761 1820 lutherani,
1836 1752 1905 1802 et
1970 1738 2474 1823 prohibiscono
2543 1760 2585 1802 a
2632 1740 2762 1804 tuti
2810 1740 3029 1822 quelli
3086 1741 3223 1804 che

662 1850 1045 1935 [indicano
1094 1851 1534 1911 altramente.

838 1959 1082 2021 Fanno
1132 1956 1301 2038 ogni
1349 1956 1567 2032 male,
1637 1975 1676 2016 a
1724 1953 1943 2034 quelli
1989 1952 2304 2034 religiosi
2371 1954 2503 2017 6116
2551 1953 2926 2035 seguitano
2975 1955 3019 2016 l'
3048 1955 3225 2018 anti-

662 2091 798 2147 qua]
846 2065 983 2128 rito
1048 2065 1237 2126 della
1286 2061 1566 2124 Chiesia
1617 2059 2005 2140 catholica,
2077 2068 2149 2123 et
2192 2058 2460 2142 piliano
2508 2060 2559 2123 li
2605 2060 2759 2123 loro
2818 2061 3009 2125 lochi
3056 2082 3223 2126 con-

662 2171 1054 2235 i-‘unssrtendoli
1118 2170 1187 2231 in
1246 2168 1351 2231 usi
1400 2166 1705 2251 profani.
1804 2167 2293 2246 PermettenO,
2366 2166 2523 2229 anci
2586 2166 2943 2230 inducono
2992 2169 3226 2233 Pretti

662 2299 726 2343 vt
766 2276 1097 2343 Monachi
1143 2276 1354 2359 piliar
1380 2274 1591 2337 molie
1626 2274 1992 2353 monache,
2041 2293 2261 2337 overo
2292 2273 2528 2355 quelle
2575 2275 2707 2336 che
2737 2273 2967 2355 prima
2999 2296 3224 2340 erano

658 2395 810 2447 hura]
856 2383 1251 2448 concubine
1301 2393 1374 2444 et
1419 2380 1796 2443 meretrici.

838 2491 914 2554 In
957 2488 1191 2553 alcuni
1224 2487 1412 2550 lochi
1456 2488 1946 2568 destruggono
1985 2488 2053 2550 16
2083 2486 2373 2569 imagini
2408 2486 2499 2549 de
2531 2483 2801 2568 Sancti,
2852 2489 2942 2552 de
2975 2500 3225 2553 nostra

668 2603 869 2661 Ijufma
930 2605 1001 2660 et
1048 2597 1164 2658 del
1216 2594 1567 2657 Salvator.
1662 2593 1820 2655 Non
1872 2595 2132 2657 voleno
2199 2595 2332 2656 che
2380 2592 2439 2655 si
2484 2592 2720 2656 facino
2770 2594 3111 2679 orationi,
3180 2618 3225 2662 a

662 2715 900 2767 mustra
947 2704 1195 2783 Dona,
1266 2701 1353 2764 ne
1405 2722 1444 2763 a
1494 2700 1760 2782 sancti,
1828 2709 1898 2763 et
1943 2699 2016 2763 in
2065 2701 2316 2763 alcune
2366 2698 2647 2763 Chiesie
2693 2702 2931 2765 hanno
2980 2705 3225 2769 levato

660 2815 698 2875 Γ
742 2815 892 2875 ,live
938 2810 1203 2891 Maria,
1275 2817 1348 2871 et
1410 2807 1483 2870 in
1529 2810 1687 2870 loco
1754 2807 1846 2870 de
1894 2806 2112 2869 Salve
2159 2805 2487 2888 Regina,
2556 2808 2818 2870 voleno
2883 2809 2943 2872 si
3005 2809 3224 2878 dichi.

662 2927 874 2983 &mlve
907 2920 1078 2982 Rex
1115 2928 1245 2981 ete.
1339 2916 1502 2979 Non
1544 2933 1850 2977 servano
1897 2912 1947 2976 li
1994 2911 2257 2993 ieiunii,
2306 2911 2397 2975 ne
2442 2921 2593 2976 tute
2640 2916 2709 2977 le
2741 2913 2925 2979 feste
2956 2918 3222 3002 debite,

662 3031 742 3087 τιή*
794 3031 842 3087 li
890 3024 960 3088 di
1008 3023 1348 3107 prohibiti
1411 3025 1503 3085 da
1550 3040 1786 3084 carne.
1880 3019 2041 3082 Non
2090 3038 2353 3082 curano
2421 3019 2469 3082 11
2517 3018 2964 3086 Sacramenti
3011 3026 3101 3088 de
3153 3030 3226 3092 16

662 3132 940 3195 [thie-sia
987 3129 1496 3213 specialmente
1543 3129 1613 3191 16
1642 3126 2129 3190 Confessione.
2206 3125 2296 3188 Et
2343 3147 2432 3189 ne
2465 3128 2536 3190 16
2564 3126 3012 3194 Eucharistia
3040 3153 3224 3198 sono

662 3243 750 3303 1111
806 3251 953 3303 tuto
1003 3237 1312 3301 discordi
1360 3224 1453 3299 da
1498 3236 1569 3299 16
1617 3234 1876 3297 diretta
1922 3232 2059 3297 via.
2151 3232 2257 3296 Ne
2305 3235 2564 3296 voleno
2613 3235 2744 3297 che
2787 3236 3101 3315 giovano
3153 3241 3225 3304 le

658 3346 994 3426 orationi,
1064 3354 1136 3408 et
1182 3344 1692 3425 Eleemosyne,
1766 3362 1806 3404 a
1868 3340 1918 3402 li
1966 3338 2304 3403 defuncti.
2398 3338 2503 3402 Ne
2552 3360 2817 3404 cruano
2875 3342 2924 3405 li
2974 3343 3222 3411 Divini

662 3454 923 3534 officii,
972 3453 1060 3515 ne
1110 3449 1506 3514 ornamenti
1555 3450 1647 3511 de
1693 3450 1763 3510 16
1812 3446 2113 3510 Chiesia.
2207 3445 2298 3508 Et
2344 3465 2422 3509 se
2470 3447 2726 3510 alcuna
2772 3451 3002 3532 volta,
3053 3473 3096 3515 0
3147 3455 3220 3518 in

662 3567 915 3625 aivuno
962 3561 1122 3623 loco
1169 3558 1219 3621 11
1250 3555 1627 3639 r’egimenti
1674 3555 1895 3618 fanno
1930 3554 2231 3635 qualche
2262 3553 2864 3619 demonstratione
2896 3558 2986 3621 de
3015 3563 3225 3625 voler

666 3674 766 3731 mr
818 3671 1160 3731 observat
1207 3667 1250 3730 l'
1278 3666 1568 3747 antiquo
1615 3664 1753 3727 rito
1803 3661 2340 3741 Ecclesiastico,
2412 3671 2564 3724 tuta
2610 3665 2806 3726 volta
2862 3685 3002 3729 non
3053 3669 3090 3731 ὲ
3142 3690 3222 3735 56

666 3799 798 3839 nun
866 3774 1188 3856 fictione,
1261 3773 1522 3856 perche
1586 3771 1658 3833 in
1707 3770 1756 3832 li
1806 3767 2030 3832 effetti
2098 3787 2238 3830 non
2289 3769 2570 3832 lassano
2618 3772 2994 3851 praedicar
3056 3777 3223 3840 altri

662 3887 790 3947 clm
855 3882 905 3945 11
950 3883 1339 3961 lutherani,
1409 3879 1458 3941 li
1523 3877 1715 3960 quali
1762 3895 1939 3939 sono
1999 3876 2115 3937 del
2174 3885 2327 3937 tuto
2398 3875 2733 3938 contrarii
2804 3898 2846 3940 a
2894 3879 2936 3940 1'
2963 3881 3221 3947 ordine

662 3995 901 4071 &inm-o,
950 3988 1215 4053 inimici
1263 3990 1352 4051 de
1401 3985 1569 4069 ogni
1619 3988 1783 4065 lege
1831 3982 2017 4046 cossi
2065 3982 2429 4064 canonica,
2479 4003 2681 4046 como
2730 3984 2960 4050 civile.

838 4098 1101 4162 Contra
1161 4094 1389 4177 questi
1439 4091 1817 4156 desordeni
1867 4091 2070 4172 Papa
2117 4088 2440 4152 Adriano
2489 4091 2746 4153 mando
2794 4112 2889 4155 un
2936 4093 3219 4160 Nuncio

662 4204 1111 4287 sspustolico,
1160 4223 1203 4265 6
1250 4204 1320 4264 16
1368 4200 1626 4263 Diaeta
1673 4200 1763 4260 de
1813 4198 2336 4279 Noremberga,
2401 4198 2466 4260 el
2516 4200 2680 4277 qual
2731 4218 2873 4262 non
2922 4204 3220 4283 reporto

658 4319 834 4375 amm
897 4312 1028 4375 che
1076 4323 1404 4390 resposta
1467 4305 1824 4387 captiosa;
1897 4304 2160 4386 perche
2207 4303 2279 4365 in
2328 4305 2486 4367 loco
2546 4305 2634 4367 de
2699 4306 2828 4368 dar
2875 4309 3217 4392 remedio,

658 4443 690 4479 n
766 4417 938 4480 [anti
1006 4416 1263 4495 errori,
1335 4415 1646 4478 secundo
1714 4413 1847 4475 che
1897 4411 2410 4474 commandano
2478 4421 2629 4474 tute
2694 4414 2858 4493 lege
2923 4416 3217 4499 antique

656 4524 993 4587 [rumonim
1064 4533 1136 4586 et
1183 4521 1407 4602 civili,
1479 4532 1550 4585 et
1621 4523 1688 4583 lo
1739 4519 1974 4582 edicto
2037 4518 2127 4580 de
2175 4520 2245 4580 la
2294 4516 2646 4581 Caesarea
2693 4518 2971 4583 Maesta
3029 4522 3216 4586 fatto

654 4639 718 4695 in
798 4635 863 4695 16
909 4631 1170 4694 Diaeta
1238 4631 1327 4693 de
1374 4626 1776 4692 Wormatia
1844 4629 1933 4689 de
1983 4646 2332 4688 consenso
2398 4626 2488 4687 de
2554 4634 2706 4688 tuto
2774 4627 2843 4689 lo
2892 4627 3216 4711 imperiO,

654 4762 864 4803 :muza
926 4740 1133 4801 alcun
1180 4744 1499 4817 respetto
1564 4735 1653 4797 de
1703 4731 1851 4796 Sua
1896 4729 2176 4795 Maesta
2233 4732 2473 4795 fecero
2523 4752 2710 4795 nove
2755 4735 3220 4816 conclusioni,

654 4859 714 4907 ut
774 4846 1271 4927 respondendo
1321 4844 1411 4905 de
1458 4843 1660 4904 voler
1707 4841 1837 4903 dar
1884 4839 2238 4919 remediO,
2311 4849 2382 4902 et
2427 4838 2540 4901 far
2597 4839 2929 4921 predicar
2974 4846 3046 4907 16
3090 4863 3215 4926 pa-.
