3559 5734
671 529 919 594 euhoe*

153 680 242 748 sima
266 681 372 746 Natio
396 681 551 746 invictae
575 682 789 747 Germaniae
813 684 921 749 tantis
945 684 1176 748 incommodis
1201 694 1236 748 et
1260 681 1436 748 calamita-

152 791 249 852 tibus
273 798 351 852 erat
373 799 515 853 vexata.
563 790 687 871 Itaque
711 799 795 853 tunc
819 801 971 873 paterno
995 790 1124 854 affectu
1148 791 1337 873 studioque
1351 791 1437 855 moti

154 895 400 960 mandavimus
433 895 563 959 dilecto
596 895 669 959 filio
706 907 827 960 nostro
851 898 1043 961 Laurentio
1078 898 1129 961 tit.
1165 895 1318 962 Sanctae
1342 899 1437 961 Ana·

154 1003 286 1093 stasiae
311 1001 347 1066 S,
372 1004 420 1066 R.
444 1003 483 1066 E.
509 1005 633 1067 Presb.
659 1003 838 1067 Cardinali
870 1014 992 1068 nostro
1017 1012 1053 1067 et
1077 1002 1181 1067 Sedis
1206 1005 1437 1088 Apostolicae

155 1111 201 1174 de
226 1111 356 1174 Latere
380 1110 538 1192 Legat0,
563 1119 602 1173 ut
626 1110 711 1173 nihil
736 1113 853 1174 curae‘
866 1110 1070 1193 laborisque
1095 1110 1272 1174 omitteret
1295 1131 1361 1193 pro
1384 1132 1437 1174 re·

155 1218 329 1281 ducendis
353 1218 400 1280 ad
422 1238 545 1282 verum
570 1217 638 1281 Dei
663 1218 793 1281 cultum
822 1228 1052 1299 sanctamque
1076 1229 1113 1281 et
1136 1217 1308 1284 sinceram
1332 1216 1438 1281 fidem

154 1324 288 1388 Christi
312 1323 355 1386 iis
378 1324 437 1405 qui
462 1327 699 1403 aberrassent,
723 1344 765 1386 ac
782 1324 1090 1407 circumspectioni
1114 1344 1256 1407 quoque
1271 1335 1354 1387 tuae
1370 1345 1438 1388 om-

154 1453 237 1495 nem
263 1442 299 1494 et
322 1441 466 1494 nostrae
489 1431 711 1495 auctoritatis
735 1441 770 1494 et
793 1431 918 1495 auxilii
950 1432 1158 1514 consiliique
1183 1432 1235 1494 sui
1260 1452 1364 1514 opem
1389 1430 1438 1493 of·

154 1539 268 1603 ferret
297 1549 404 1620 atque
428 1548 646 1618 praestaret,
683 1539 778 1620 quod
803 1547 838 1600 et
861 1537 959 1601 illum
989 1537 1118 1601 fecisse
1144 1538 1237 1601 omni
1261 1558 1339 1600 cum
1364 1537 1438 1600 dili·

154 1647 279 1727 gentia
311 1644 449 1707 scimus.
497 1643 582 1707 Cum
608 1654 725 1708 autem
758 1665 850 1707 nunc
875 1648 921 1709 ab
946 1646 1072 1708 eodem
1096 1643 1276 1709 Cardinali
1300 1645 1439 1726 Legato

155 1763 281 1817 nostro
314 1751 593 1814 intellexerimus
618 1749 729 1815 Cir¹³⁶³m
753 1760 849 1815 tuam
881 1760 920 1816 ut
942 1753 1076 1817 bonum
1100 1762 1135 1815 et
1158 1752 1363 1834 religiosum
1387 1773 1439 1814 sa-

155 1861 359 1937 cerdotem,
384 1880 425 1921 ac
450 1858 713 1941 magnanimum
739 1869 774 1921 et
797 1880 960 1922 severum
984 1859 1185 1942 Principem
1211 1861 1332 1940 decet,
1357 1879 1440 1941 quo·

154 1969 308 2030 rundam
333 1965 524 2028 amicorum
549 1975 585 2027 et
608 1965 888 2029 necessariorum
915 1966 1117 2048 Principum
1142 1966 1274 2029 auxilio
1307 1986 1441 2048 speque

155 2074 349 2151 suffultam,
373 2071 567 2135 instituisse
592 2073 748 2155 experiri
772 2085 810 2134 ut
834 2074 912 2149 illa,
938 2093 1050 2154 pravo
1075 2093 1269 2155 paucorum
1293 2073 1440 2136 consilio

156 2202 179 2244 a
211 2181 283 2243 fide
315 2188 351 2242 et
374 2179 453 2242 Deo
485 2189 520 2240 et
545 2177 723 2261 Episcopo
753 2199 816 2241 suo
849 2180 971 2243 debita
1006 2200 1150 2260 aversa,
1186 2178 1230 2243 ad
1264 2179 1441 2242 saniorem

155 2298 313 2352 mentem
338 2286 528 2349 reducatur
552 2285 695 2349 civitas:
730 2305 772 2348 ac
796 2285 825 2349 si
848 2271 1021 2368 paternae
1045 2286 1265 2350 hortationes
1289 2305 1360 2348 non
1383 2306 1441 2348 va·

155 2395 306 2474 luerint,
337 2395 523 2456 honestam
548 2391 598 2454 illi
621 2392 693 2455 vim
717 2392 824 2455 etiarn
848 2403 884 2456 et
907 2394 1033 2457 iustam
1059 2393 1247 2467 adhibere;
1280 2391 1442 2475 profecto

156 2502 283 2565 laetati
308 2521 378 2563 non
403 2519 528 2582 parum
551 2500 619 2562 hoc
644 2499 772 2561 nuncio
797 2519 926 2580 sumus,
951 2511 1118 2581 tuamque
1138 2499 1174 2562 in
1196 2520 1238 2562 eo
1256 2499 1442 2581 plurimum

156 2618 194 2673 et
217 2609 384 2671 virtutem
400 2605 642 2669 collaudamus
665 2617 698 2666 et
720 2606 959 2687 prudentiam;
985 2606 1097 2670 Cir¹³⁰¹n
1121 2616 1216 2668 tuam
1235 2605 1270 2668 in
1287 2605 1441 2669 Domino

157 2715 268 2779 enixe
291 2715 486 2792 hortantes,
510 2722 549 2774 ut
573 2732 702 2793 capere
728 2723 763 2776 et
788 2713 917 2794 exequi
941 2712 1142 2776 huiusmodi
1163 2712 1310 2776 consilia
1334 2712 1443 2793 digna

156 2834 221 2887 tuo
253 2841 386 2904 genere
418 2830 454 2881 et
478 2818 539 2881 illa
562 2839 632 2900 qua
663 2839 701 2881 es
725 2819 910 2900 praeditus
934 2820 1109 2902 dignitate
1141 2840 1210 2882 non
1235 2828 1442 2902 postponaS,

156 2947 378 3013 operamque
409 2946 549 2989 omnem
580 2927 684 3005 dare,
719 2936 758 2987 ut
788 2945 880 3007 quae
910 2926 975 2989 tibi
1000 2925 1207 2990 commissae
1238 2925 1376 2988 animae
1407 2925 1443 2988 in

156 3037 339 3101 interitum
373 3036 507 3097 abeunt
540 3053 661 3097 errore
694 3054 758 3097 suo
792 3034 1061 3115 sempiternum,
1097 3043 1158 3097 tua
1190 3033 1375 3116 vigilantia
1409 3043 1444 3096 et

157 3143 353 3209 severitate
386 3141 432 3204 ad
456 3142 570 3203 lucem
601 3139 778 3222 vitamque
802 3153 1024 3204 revocentur.
1077 3140 1260 3203 Nollemus
1293 3140 1379 3220 vim,
1415 3139 1445 3203 si

157 3253 263 3316 aliter
287 3248 364 3313 fieri
387 3258 525 3331 posset:
558 3248 621 3309 sed
646 3247 675 3310 si
700 3267 770 3309 non
795 3258 933 3330 potest,
966 3247 1077 3312 omnis
1101 3247 1155 3310 vis
1178 3268 1270 3330 quae
1294 3249 1444 3311 salutem

157 3359 265 3423 affert
287 3357 330 3420 iis
360 3355 488 3438 quibus
520 3354 680 3417 adhibita
705 3364 776 3432 est,
812 3355 907 3418 omni
932 3365 986 3417 est
1008 3354 1232 3436 indulgentia
1259 3364 1296 3417 et
1326 3354 1444 3417 remis·

157 3467 260 3530 sione
285 3462 449 3542 sanctior,
475 3462 703 3542 quamobrem
727 3481 793 3525 nos
817 3461 960 3543 quidem
983 3470 1022 3524 ut
1045 3481 1176 3542 magno
1198 3462 1315 3524 animo
1340 3461 1386 3524 ad
1407 3460 1444 3523 id

157 3594 251 3657 opus
274 3570 478 3653 ingrediare
512 3568 577 3630 tibi
601 3578 765 3631 auctores
789 3588 925 3648 sumus,
961 3587 1004 3630 ac
1028 3577 1067 3631 ut
1091 3587 1213 3631 omnes
1235 3567 1313 3630 vias
1337 3588 1443 3650 expe·

157 3682 253 3744 riare
285 3698 376 3760 quae
408 3676 581 3758 prodesse
605 3674 759 3754 possint,
795 3673 1023 3737 humanitatis
1056 3673 1199 3756 quidem
1222 3673 1373 3756 primum
1406 3683 1443 3738 et

157 3783 458 3862 mansuetudinis,
493 3802 536 3844 ac
567 3781 597 3844 si
620 3781 702 3843 illae
726 3800 797 3843 non
820 3780 1057 3861 profecerint,
1094 3781 1201 3845 etiam
1231 3781 1444 3862 severitatis

158 3893 304 3976 quando
339 3901 527 3970 utrumque
562 3887 705 3951 omnino
742 3898 795 3950 est
823 3887 988 3951 charitas.
1035 3888 1090 3950 Ac
1124 3908 1189 3951 nos
1222 3888 1364 3970 quidem
1398 3891 1443 3951 ad

159 4002 323 4063 diversos
347 3997 533 4078 Principes
557 3994 772 4059 Germaniae
796 3994 929 4057 amicos
953 4004 1032 4057 tuos
1057 4004 1093 4058 et
1116 3994 1338 4058 necessarios
1362 3996 1443 4058 scri·

157 4108 292 4187 bimus,
328 4106 513 4169 hortantes
547 4123 609 4166 eos
643 4113 678 4164 et
707 4111 988 4182 commonentes,
1023 4111 1063 4165 ut
1096 4101 1161 4165 tibi
1184 4103 1311 4165 adesse
1342 4101 1444 4166 firmo

159 4213 295 4278 auxilio
320 4229 611 4291 communemque
628 4229 770 4271 causam
795 4209 886 4271 tueri
907 4219 1022 4271 tecum
1039 4208 1166 4272 velint:
1192 4229 1360 4291 suamque
1377 4210 1443 4272 vir-

159 4332 271 4384 tutem
302 4329 338 4383 et
368 4339 472 4401 opem
496 4315 732 4397 omnipotenti
757 4315 825 4378 Dei
857 4325 893 4378 et
917 4314 1020 4378 saluti
1045 4315 1184 4396 patriae
1208 4335 1293 4378 suae
1323 4315 1358 4379 in
1383 4316 1445 4379 illa

159 4428 406 4494 exscindenda
429 4426 615 4487 lutherana
639 4433 741 4506 peste
766 4422 859 4484 ferre
889 4443 932 4484 ac
955 4431 1135 4504 prestare:
1168 4425 1264 4503 quod
1287 4421 1445 4485 facturos

160 4547 260 4600 certo
284 4533 477 4606 credimus;
511 4532 630 4614 agitur
654 4531 745 4593 enim
771 4527 967 4591 nobilitatis
992 4538 1028 4591 et
1050 4528 1240 4611 potestatis
1264 4538 1300 4592 et
1322 4530 1445 4593 salutis

160 4642 316 4707 omnium
341 4639 545 4720 Principum
570 4658 678 4700 causa
702 4634 914 4716 communis,
949 4655 1040 4717 quae
1066 4635 1171 4699 etiam
1206 4655 1285 4697 cum
1309 4636 1444 4699 honore

160 4760 196 4814 et
229 4770 337 4813 causa
361 4747 484 4811 summi
509 4745 578 4809 Dei
601 4744 790 4808 coniuncta
815 4751 886 4806 est:
919 4762 1007 4824 quos
1031 4742 1136 4806 etiam
1165 4761 1374 4824 cuperemus
1399 4743 1445 4804 ad

164 4857 276 4922 simile
300 4855 429 4919 foedus
453 4874 592 4936 omnes,
625 4873 666 4916 ac
700 4851 736 4914 in
760 4847 1019 4932 Ratisponensi
1043 4857 1223 4912 conventu
1244 4847 1337 4912 inter
1365 4848 1445 4913 illos

1228 4952 1278 5007 27*
