3559 5734
686 539 834 597 rotor
875 537 933 592 [m

170 684 278 771 igitur
301 695 339 753 ut
363 686 392 748 si
416 707 438 748 a
470 686 604 751 Sancta
633 686 694 749 illa
725 687 820 749 bede
853 672 1065 768 Apostolica
1095 686 1308 767 emanarint,
1340 687 1379 757 Ρ.
1408 686 1448 748 Τ.

172 812 237 855 nos
261 793 518 879 quamprimum
543 792 713 859 certiores
737 795 875 858 reddat.
922 793 1074 857 Meroris
1094 804 1209 863 autem
1234 792 1346 865 nostri
1368 813 1449 859 cau-

171 919 245 963 sam
285 899 439 983 longiori
482 899 575 964 serie
615 900 902 981 pertractandam
936 920 1046 985 opere
1080 900 1231 983 pretium
1275 900 1450 965 duximus.

171 1006 327 1081 Primum
351 1006 448 1089 quod
471 1004 508 1071 S.
522 1006 564 1070 D.
579 1005 638 1087 N„
662 1015 735 1075 tum
759 1027 860 1071 sacer
885 1006 1127 1073 Cardinalium
1148 1019 1259 1090 cetus,
1283 1018 1357 1071 tum
1381 1028 1450 1070 om·

170 1133 234 1176 nes
261 1113 320 1194 qui
345 1112 585 1193 Cancellarie,
619 1112 789 1180 Camerae
821 1124 858 1179 et
886 1112 1114 1196 Segretariae
1139 1115 1326 1189 Romanae
1350 1135 1449 1198 prae·

171 1228 253 1283 sunt
259 1268 270 1309 ,
306 1218 412 1305 (sicut
445 1240 539 1285 nunc
571 1222 667 1304 apud
703 1223 834 1285 bonam
869 1219 1084 1295 Germaniae
1117 1243 1217 1291 meae
1252 1232 1390 1304 partem
1415 1221 1450 1284 in

170 1345 412 1410 quoscumque
436 1328 580 1410 impune
600 1329 814 1399 debacchari
838 1328 973 1393 licitum
993 1331 1060 1411 est)
1085 1329 1266 1413 tyrannidi
1291 1339 1326 1401 et
1348 1328 1449 1394 insci-

171 1434 244 1498 tiae
268 1445 476 1517 arguuntur.
524 1436 665 1503 Deinde
688 1436 785 1518 quod
805 1436 923 1499 Breve
947 1435 1039 1500 istud
1058 1434 1256 1501 Germanos
1280 1457 1322 1499 ac
1346 1456 1452 1501 veros
1508 1520 1511 1528 Ι

172 1538 348 1622 SaxoneS,
373 1542 433 1624 qui
457 1552 574 1607 tamen
598 1543 666 1606 hoc
691 1543 878 1613 lutherano
896 1543 1016 1605 toxico
1041 1563 1164 1615 omnes
1185 1543 1260 1606 fere
1281 1543 1452 1607 immunes

173 1658 281 1733 atque
313 1649 421 1719 alieni
456 1659 553 1730 sunt,
583 1650 806 1725 condemnat.
853 1651 961 1714 Absit
992 1659 1111 1714 tamen
1144 1652 1268 1733 procul
1298 1673 1320 1715 a
1349 1650 1453 1713 nobis

173 1754 269 1839 pium
295 1776 336 1827 ac
360 1755 585 1825 innocentem
607 1756 816 1825 Pontificem
840 1766 947 1839 atque
963 1756 1093 1825 Christi
1105 1757 1274 1823 vicarium
1299 1757 1453 1820 iustitiae

173 1864 347 1944 polluere.
394 1863 579 1931 Credimus
604 1865 768 1945 equidem
792 1863 822 1927 si
844 1867 914 1928 hae
937 1865 1078 1931 litterae
1095 1885 1202 1928 verae
1221 1864 1453 1946 integraeque

174 1968 308 2037 fuerint
333 1981 368 2035 et
393 1971 531 2034 titulum
556 1982 591 2043 et
614 1992 743 2039 nomen
768 1971 868 2035 ducis
885 1971 981 2053 quod
1004 1972 1164 2035 insontes
1180 1969 1453 2055 culparitsanc·

174 2076 267 2139 titati
279 2097 365 2139 suae
382 2077 609 2158 imposuisse;
634 2078 924 2160 quandoquidem
947 2088 1067 2143 nostra
1092 2080 1159 2143 hac
1183 2088 1395 2160 tempestate
1416 2077 1454 2139 id

176 2183 513 2265 periculosissimum
545 2195 581 2247 et
614 2183 802 2251 Sanctitati
844 2207 930 2255 suae
966 2185 1248 2269 indignissimum
1280 2195 1456 2268 putamus,

179 2291 287 2354 nolim
313 2311 532 2361 communem
555 2292 651 2357 illarn
676 2293 870 2356 communis
894 2302 1038 2357 nostrae
1069 2293 1184 2376 patrie
1220 2293 1456 2365 calamitatem

176 2397 215 2471 P.
241 2397 280 2461 T.
305 2399 418 2461 latere
447 2400 543 2480 quod
566 2398 728 2465 miseriae
752 2400 833 2463 huic
858 2403 916 2464 vel
945 2400 1056 2464 errori
1079 2400 1198 2485 potius
1221 2400 1353 2483 poterit
1376 2419 1455 2473 con·

178 2504 305 2568 sulere.
352 2505 693 2571 Periculosissimum
718 2507 803 2587 dixi,
829 2508 995 2589 quoniam
1016 2508 1129 2571 omnis
1152 2528 1244 2591 pene
1265 2505 1457 2579 Germania

179 2614 223 2673 ad
247 2611 368 2676 fontes
394 2634 505 2695 usque
529 2613 650 2677 Rheni
675 2624 710 2677 et
732 2613 845 2677 Histri
869 2614 977 2677 etiam
1001 2615 1189 2679 lutherana
1212 2616 1278 2677 hac
1301 2613 1457 2679 factione

180 2727 347 2801 corrupta
371 2730 434 2784 est.
483 2718 569 2804 Sola
582 2718 741 2783 Saxonia
757 2720 921 2796 fluctuat;
947 2721 1059 2785 maior
1075 2732 1193 2785 tamen
1207 2741 1291 2804 pars
1303 2731 1341 2787 et
1364 2719 1455 2802 prin-

179 2826 295 2907 cipum
320 2834 356 2889 et
378 2826 494 2909 plebis
518 2838 652 2895 sectam
676 2828 773 2891 illam
797 2838 981 2893 aversatur
1005 2838 1040 2892 et
1065 2828 1211 2910 spernit,
1235 2829 1325 2908 im0,
1361 2827 1456 2909 quod

179 2932 355 2997 rarissime
380 2935 473 3025 apud
498 2935 587 2997 alios
608 2934 806 3001 Germanos
830 2936 987 3002 auditum
1012 2945 1076 3017 est,
1100 2939 1229 3000 multos
1253 2936 1457 2998 lutheranos

181 3042 226 3103 ob
251 3040 355 3103 istam
379 3041 560 3105 vesaniam
585 3043 747 3106 omnibus
766 3042 930 3111 fortunae
946 3044 1049 3115 bonis
1066 3042 1243 3125 spoliavit,
1266 3044 1458 3128 plerosque

182 3148 289 3211 exilio
315 3156 350 3211 et
375 3168 518 3212 carcere
542 3151 734 3214 mulctavit.
794 3150 987 3237 Postquam
1011 3134 1128 3213 antem
1152 3149 1307 3213 viderint
1336 3169 1374 3212 se
1409 3149 1457 3212 in·

180 3264 299 3319 sontes
323 3268 430 3338 atque
453 3259 589 3339 absque
612 3258 719 3339 culpa
743 3257 914 3337 damnari,
927 3268 1074 3340 possent
1089 3256 1195 3319 etiam
1211 3265 1335 3319 contra
1351 3255 1459 3318 animi

179 3363 390 3426 sententiam
420 3364 538 3431 obruti
570 3364 769 3431 adfectibus
802 3386 824 3427 a
856 3374 955 3427 recto
985 3364 1126 3427 tramite
1157 3363 1266 3426 dilabi
1298 3372 1334 3426 et
1365 3362 1459 3425 iusta

180 3469 232 3533 ira
255 3469 444 3552 complecti
474 3469 510 3532 id
541 3472 637 3552 quod
672 3480 871 3556 temporum
899 3471 1066 3554 iniquitas
1098 3482 1134 3534 et
1162 3470 1355 3534 licenciosa
1381 3491 1457 3533 sua-

89 3643 92 3649 ,
180 3579 280 3640 deret
302 3576 461 3641 libertas.
508 3578 582 3642 Nec
607 3600 693 3662 egre
717 3579 810 3643 ferat
834 3583 996 3643 obsecro.
1022 3579 1061 3642 P.
1078 3579 1118 3640 Τ.
1143 3577 1283 3659 ineptas
1307 3585 1457 3654 nostras,

180 3705 260 3747 nam
284 3682 321 3751 S.
337 3685 381 3749 D.
398 3685 441 3752 N.
459 3695 495 3749 et
512 3686 638 3749 Curiae
655 3685 844 3749 Romanae
867 3686 1059 3768 precipuus
1082 3705 1181 3747 amor
1193 3683 1458 3765 periculumque

179 3790 294 3873 patrie
318 3811 436 3854 meror
460 3802 495 3853 et
524 3791 723 3872 indignatio
755 3812 811 3855 me
844 3792 950 3855 silere
979 3813 1049 3855 non
1083 3792 1221 3859 sinunt,
1255 3800 1458 3872 coguntque

180 3920 234 3961 me
259 3919 333 3962 rem
358 3894 573 3961 Saxonicam
597 3898 702 3961 altius
738 3910 912 3980 repetere.
970 3899 1168 3962 Damnetur
1197 3897 1282 3961 licet
1312 3898 1458 3979 regulus

182 4005 241 4068 ille
266 4002 424 4067 Saxonie
449 4014 484 4068 et
508 4025 630 4067 omnes
654 4005 715 4087 qui
738 4004 885 4068 factioni
908 4003 990 4067 huic
1008 4004 1278 4085 adstipulantur,
1303 4014 1457 4067 attamen

181 4110 364 4175 Saxonum
389 4114 558 4194 populum
583 4113 643 4194 qui
668 4131 734 4176 nec
759 4110 941 4194 quippiam
965 4131 1044 4174 cum
1063 4111 1124 4173 illo
1141 4112 1362 4193 subditisque
1386 4113 1458 4174 suis

129 4207 131 4210 ⁵
181 4218 375 4282 commertii
399 4220 508 4283 habet
532 4221 636 4283 detur
658 4218 765 4283 venia
789 4227 970 4299 oporteat;
1003 4217 1064 4299 qui
1096 4218 1253 4283 insontes
1283 4229 1366 4282 sunt
1388 4239 1457 4281 ma·

181 4335 289 4389 neant
312 4324 427 4388 illaesi
451 4335 486 4387 et
510 4327 555 4388 ab
579 4326 725 4389 infamia
748 4326 809 4388 illa
832 4325 1014 4388 immunes
1063 4324 1256 4388 Praeterea
1278 4325 1459 4408 principes

181 4432 231 4494 illi
242 4431 382 4495 Misnae
397 4441 433 4495 et
442 4431 659 4514 'l'hyringiae
672 4433 760 4496 alias
772 4430 1093 4495 illustrissiminihil
1103 4431 1288 4512 possident
1298 4432 1333 4494 in
1346 4430 1457 4494 Saxo·

182 4539 238 4602 nia
252 4549 397 4631 praeter
412 4559 513 4601 arces
530 4542 699 4620 quasdam
723 4550 759 4603 et
774 4538 908 4621 oppida
922 4539 993 4602 duo
1008 4538 1309 4620 Wittembergum
1324 4538 1459 4601 scilicet

183 4656 217 4709 et
240 4644 495 4727 Oeckbergum
519 4665 611 4727 quae
635 4654 754 4708 tantae
777 4666 893 4729 prope
919 4657 1000 4709 sunt
1026 4644 1169 4708 ditionis
1186 4654 1339 4727 quantae
1363 4646 1459 4726 apud

183 4753 289 4817 Italos
325 4751 492 4823 Sutrinae
526 4762 562 4814 et
597 4751 783 4835 Nepentis,
822 4774 915 4835 quae
944 4773 1012 4815 avo
1046 4773 1167 4814 eorum
1199 4750 1274 4814 eius
1309 4752 1458 4815 nominis

184 4860 363 4924 Friderico
377 4859 422 4924 fe.
436 4882 485 4922 re.
515 4856 762 4943 Sigismundus
775 4859 974 4941 Imperator
988 4880 1066 4924 cum
1084 4858 1185 4923 titulo
1200 4858 1262 4923 illo
1278 4857 1458 4923 Saxonico
