3559 5734
794 545 1041 603 &5020-12

274 696 388 756 banus
411 693 446 755 in
471 692 656 774 Leiphaim
682 692 871 755 suscitator
895 693 998 755 huius
1022 693 1105 755 mali
1122 693 1278 772 Joannes
1294 694 1452 773 Jacobus
1476 715 1547 776 cap

274 811 331 862 tus
355 819 434 862 cum
457 810 593 881 septem
610 798 688 862 aliis
704 800 797 862 intra
812 799 997 882 Leipheim
1015 810 1051 862 et
1065 799 1265 883 Gintzburg
1281 802 1478 864 decollatus
1494 815 1560 865 est.

363 908 582 970 Duodecima
607 907 743 988 Aprilis
769 906 859 988 Liga
882 908 1008 969 volens
1032 906 1201 970 invadere
1226 908 1376 971 rusticos
1400 908 1434 971 in
1461 909 1559 971 Balt-

272 1013 384 1095 zinglf
392 1035 453 1075 eos
465 1014 500 1076 in
513 1013 635 1096 fugam
646 1012 832 1092 convertit,
845 1033 934 1095 quos
948 1033 1060 1094 prope
1071 1013 1264 1077 Wurtzach
1275 1019 1560 1096 comprehensos

278 1141 382 1198 15000
418 1120 548 1183 occidit
580 1133 615 1182 et
639 1119 787 1182 totidem
826 1121 861 1182 in
894 1121 1028 1201 oppido
1060 1121 1107 1181 ad
1144 1121 1296 1202 gratiam
1333 1133 1369 1183 et
1404 1142 1563 1204 poenam

273 1228 428 1308 suscepit
453 1227 624 1308 captivos.
678 1248 715 1305 14
740 1226 884 1307 Aprilis.

361 1333 634 1416 Decimaquinta
660 1333 794 1415 Aprilis
825 1352 1037 1414 progressus
1068 1333 1247 1396 exercitus
1271 1334 1317 1395 ad
1341 1333 1560 1416 Wingarten

272 1442 418 1503 volebat
441 1450 623 1522 potentem
648 1440 745 1501 illum
770 1460 920 1502 cuneum
944 1440 1129 1520 invadere,
1155 1440 1215 1503 ubi
1241 1451 1342 1503 erant
1370 1461 1488 1520 13,ooo
1505 1461 1561 1502 ru·

271 1546 436 1609 sticorum
447 1545 696 1609 selectissimos
710 1543 786 1631 (sic)
805 1557 841 1609 et
861 1547 929 1608 iam
944 1549 988 1609 ad
1003 1566 1233 1628 congressum
1245 1547 1410 1628 utrinque
1425 1547 1557 1629 parati.

277 1655 314 1714 16
349 1653 486 1735 Aprilis
516 1654 719 1716 interventu
748 1662 864 1716 autem
897 1666 1041 1717 senatus
1070 1654 1332 1736 uberlingensis
1356 1665 1392 1715 et
1415 1675 1560 1716 ravens-

272 1760 462 1843 purgensis
488 1781 529 1823 ac
553 1760 693 1823 comitis
718 1759 882 1843 Hugonis
907 1762 952 1823 de
981 1760 1157 1823 Montfort
1186 1782 1245 1824 res
1274 1770 1328 1823 est
1359 1760 1561 1842 composita

270 1875 342 1930 tarn
365 1867 457 1930 inter
482 1867 633 1949 Algoios
649 1887 754 1949 quam
773 1857 907 1930 vicinos
925 1868 1027 1948 lacui,
1045 1868 1169 1930 literae
1183 1867 1397 1931 concordiae
1415 1879 1561 1931 erectae

271 1982 306 2035 et
330 1973 506 2055 sigillatae
533 1994 571 2035 22
598 1972 748 2055 Aprilis.
865 1963 870 1971 ⁸

360 2080 498 2144 Octava
529 2080 665 2161 Aprilis
694 2081 913 2143 rebellarunt
948 2080 1069 2144 rustici
1099 2080 1133 2143 in
1168 2082 1262 2144 valle
1291 2081 1489 2163 Winsperg
1521 2092 1559 2144 et

270 2189 397 2251 comite
412 2189 594 2251 Ludovieo
608 2187 841 2252 Helfenricho
858 2190 903 2251 de
918 2188 1143 2252 Hellenstein
1167 2189 1239 2252 illic
1257 2237 1309 2252 ...
1326 2188 1448 2252 rustici
1474 2210 1556 2252 eum

269 2314 335 2375 per
359 2294 479 2357 dotum
503 2295 710 2357 occiderunt
734 2315 813 2358 curn
838 2294 971 2357 XXIII
995 2295 1175 2358 nobilibus
1205 2299 1242 2357 16
1260 2295 1405 2376 Aprilis.
1454 2296 1483 2357 T
1486 2317 1554 2358 unc

271 2401 404 2481 ubique
419 2401 639 2464 rebellarunt
654 2401 795 2464 Rustici
810 2402 1100 2484 Wirteinbergae
1113 2423 1178 2484 per
1194 2402 1394 2485 vigintiduo
1411 2404 1555 2484 oppida,

361 2508 602 2571 Decimanona
644 2508 790 2589 Aprilis
865 2508 1066 2570 Ludovicus
1115 2510 1198 2570 Dux
1243 2509 1419 2571 Bavariae
1456 2510 1556 2571 cuius

270 2615 425 2678 consiliis
458 2616 629 2678 nolebant
668 2615 812 2696 Algoici
846 2614 1026 2678 Collimitii
1058 2616 1263 2697 acquiscere
1294 2624 1333 2677 ut
1367 2617 1557 2679 obedirent

270 2721 449 2803 Episcopo
473 2721 692 2804 Augustensi
719 2733 754 2785 et
778 2722 959 2785 nobilibus
983 2723 1131 2785 Domnis
1162 2742 1282 2785 eorum
1313 2723 1409 2785 unde
1443 2723 1558 2785 exivit

272 2828 380 2911 Algei
405 2849 482 2892 cum
507 2829 722 2911 octingentis
755 2830 932 2911 equitibus
969 2839 1004 2892 et
1036 2850 1123 2907 4000
1151 2829 1333 2911 peditibus
1364 2841 1400 2892 et
1433 2829 1557 2912 abegit

272 2956 403 3016 pecora
428 2937 546 3016 multa,
572 2936 701 3017 quibus
726 2936 940 2999 minantibus
964 2937 1195 3018 irruptionem
1220 2937 1256 2998 in
1280 2935 1471 2999 Bavariam
1498 2937 1556 2998 tri-

273 3043 408 3125 gesima
427 3043 560 3124 Aprilis
590 3043 716 3106 iterum
742 3044 867 3106 exiens
892 3044 1049 3107 incendit
1073 3046 1257 3107 castellum
1281 3043 1441 3106 Bucheln
1477 3063 1557 3105 cum

273 3159 390 3211 castro
416 3160 451 3211 et
476 3151 629 3233 quinque
654 3151 732 3213 aliis
750 3151 841 3213 villis
858 3152 1007 3232 magnis.
1055 3151 1159 3213 Nona
1180 3150 1267 3214 Maii
1296 3155 1355 3211 110
1378 3150 1559 3213 interfecit

273 3277 318 3319 ex
343 3255 482 3318 rusticis
507 3266 543 3319 et
566 3259 687 3338 plures
711 3257 838 3338 coepit.
888 3278 925 3334 23
953 3257 1038 3320 Maii
1063 3257 1180 3320 factae
1205 3267 1286 3320 sunt
1309 3257 1483 3322 induciae.

363 3361 706 3443 Vigesimasecunda
733 3364 952 3426 rebellarunt
983 3365 1105 3426 rustici
1138 3364 1318 3445 Episcopo
1351 3363 1557 3427 Eistettensi

274 3468 310 3530 in
335 3467 566 3549 Obermessig
591 3480 626 3532 et
650 3482 916 3551 occupaverunt
941 3471 1110 3551 oppidum
1135 3468 1298 3553 Greding
1327 3490 1406 3532 cum
1439 3481 1558 3533 castro

274 3575 436 3657 Messing
461 3584 496 3637 et
520 3589 763 3639 convenerunt
780 3578 825 3639 ad
843 3598 946 3654 5ooo;
972 3577 1204 3640 sollicitarunt
1230 3576 1361 3658 passim
1385 3577 1474 3639 alios
1498 3598 1558 3659 pa·

275 3703 343 3765 gos
366 3684 530 3746 nolentes
555 3683 719 3746 seditioni
746 3685 960 3758 consentire;
986 3685 1194 3766 supervenit
1224 3684 1338 3766 prima
1368 3683 1454 3745 Maii
1485 3683 1558 3746 Fri·

276 3789 417 3851 dericus
442 3789 569 3852 Comes
593 3791 776 3853 Palatinus
808 3812 886 3854 cum
920 3791 1123 3872 quingentis
1149 3790 1326 3873 equitibus
1351 3800 1387 3852 et
1411 3811 1432 3851 a
1456 3790 1558 3852 Duce

276 3895 470 3958 Wilhelmo
502 3897 661 3959 Baccaro
692 3897 922 3960 mittebantur
955 3899 1015 3960 180
1054 3897 1191 3978 equites
1231 3907 1266 3960 et
1296 3917 1373 3987 '300
1408 3897 1558 3960 Bobemi

277 4003 529 4065 bombardarii.
576 4003 718 4066 Rustici
740 4003 867 4066 timore
890 4006 1051 4086 percussi
1076 4004 1204 4085 dilapsi
1222 4015 1314 4066 sunt.
1362 4003 1453 4066 XIII
1469 4025 1559 4086 ergo

278 4110 464 4172 decollatis
488 4120 523 4171 et
547 4110 681 4191 aliquot
704 4111 828 4192 captiS,
853 4112 939 4193 pagi
963 4132 1085 4174 omnes
1120 4132 1158 4173 se
1183 4111 1300 4172 denuo
1325 4110 1559 4173 subdiderunt

278 4217 458 4298 episcop0,
483 4217 596 4280 tribus
621 4238 666 4280 ex
690 4217 759 4280 illis
784 4219 898 4300 captis
922 4230 1048 4300 postea
1072 4217 1282 4300 Ingolstadii
1307 4218 1474 4280 decollati
1500 4222 1559 4299 qui

279 4326 414 4387 litteras
437 4325 652 4387 hortatorias
680 4324 865 4388 seditionis
900 4347 922 4388 a
946 4326 1105 4388 Rusticis
1129 4326 1164 4387 in
1189 4325 1294 4387 villas
1318 4324 1417 4387 ducis
1440 4335 1558 4406 porta·

279 4441 406 4493 verant
429 4432 560 4495 mulcta
582 4443 766 4494 reservata
789 4432 980 4515 Episcopo.

370 4538 680 4620 Vigesimaquarta
691 4539 811 4601 Martii
825 4539 966 4603 Rustici
976 4539 1012 4601 in
1026 4540 1160 4602 Rhetia
1176 4538 1271 4601 circa
1281 4537 1491 4620 Norlingam
1507 4559 1559 4600 re-

279 4646 457 4707 bellarunt
474 4643 668 4708 Comitibus
684 4657 720 4708 et
735 4646 910 4709 Praelatis
925 4666 967 4709 ac
984 4646 1182 4726 Nobilibus,
1199 4648 1262 4708 sed
1282 4644 1395 4707 caesis
1419 4645 1559 4708 rusticis

281 4771 396 4833 prope
414 4751 554 4814 Ulmam
574 4772 653 4813 cum
669 4753 719 4815 eis
735 4753 962 4816 nunciaretur
977 4754 1151 4816 adventus
1167 4753 1262 4833 ligae
1276 4753 1322 4814 ad
1345 4752 1493 4833 propria
1508 4773 1558 4815 re·

282 4860 432 4938 dierunt,
459 4859 585 4940 quibus
609 4858 753 4921 nimium
778 4860 901 4923 confisi
925 4872 1006 4923 sunt
1031 4860 1164 4923 domini
1189 4879 1309 4922 eorum
1341 4858 1559 4922 dimittentes
