3559 5734
847 570 1095 627 *be0sp-a

331 721 431 774 tuere
455 713 672 776 commodius
696 716 801 779 nobis
824 716 995 780 advenire
1020 716 1159 779 litterae
1184 724 1282 790 tuae,
1313 736 1394 777 nam
1426 725 1460 776 et
1489 711 1614 777 confir·

331 828 471 881 marunt
494 819 733 884 testimonium
771 825 816 886 de
850 834 886 885 te
912 833 1069 886 nostrum
1106 833 1141 886 et
1175 821 1428 886 maledicorum
1460 840 1524 882 ora
1551 839 1613 900 op-

329 936 547 1007 presserunt.
594 928 668 991 Nos
694 930 836 1010 quidem
860 931 939 993 Deo
964 941 1000 994 et
1022 930 1144 992 virtuti
1161 940 1244 992 tuae
1260 929 1481 1010 gratulamur
1504 929 1613 989 talem

331 1042 367 1095 te
403 1053 482 1096 esse
517 1033 700 1098 inventum
731 1040 873 1118 qualem
908 1057 1049 1119 semper
1083 1035 1315 1099 iudicavimus
1349 1047 1385 1098 et
1420 1032 1550 1130 Christi
1576 1044 1614 1095 et

332 1138 554 1204 Christianae
577 1142 797 1226 reipublicae
820 1143 928 1208 fidum
952 1144 1161 1225 firmumque
1186 1143 1420 1206 defensorem.
1479 1141 1517 1204 In
1543 1160 1616 1222 qua

331 1247 438 1310 laude
461 1248 685 1314 hortaremur
716 1251 1070 1333 circumspectionem
1099 1260 1195 1313 tuam
1220 1259 1258 1312 ut
1281 1259 1451 1331 pergeret
1475 1259 1511 1310 et
1535 1267 1614 1328 per·

332 1368 530 1436 severaret,
561 1356 628 1420 nisi
653 1367 858 1441 putaremus
882 1379 1022 1421 omnem
1046 1356 1284 1420 hortationem
1309 1374 1614 1438 supervacaneam

333 1481 423 1544 esse,
447 1482 524 1524 cum
549 1475 585 1526 te
611 1474 646 1526 et
669 1464 825 1546 dignitas
849 1475 910 1528 tua
934 1474 971 1529 et
993 1464 1159 1527 iudicium
1176 1463 1353 1527 interioris
1373 1462 1616 1525 conscientiae

332 1568 379 1630 ad
402 1568 438 1630 id
463 1570 617 1633 maxime
640 1573 837 1635 hortentur.
883 1572 959 1634 Etsi
985 1572 1077 1634 enim
1102 1590 1260 1653 eaquae
1284 1570 1320 1633 in
1341 1569 1534 1633 Germania
1558 1588 1615 1630 ac·

260 1699 263 1707 ⁴
333 1673 496 1775 ciderupt
520 1687 555 1739 et
579 1677 680 1759 quasi
704 1678 824 1742 lurore
849 1680 1002 1761 quodam
1027 1690 1122 1741 mota
1146 1687 1244 1756 sunt,
1277 1695 1426 1757 magnos
1450 1675 1616 1738 omnibus

333 1782 554 1866 principibus
578 1787 740 1866 labores,
765 1787 892 1848 multas
921 1784 1176 1848 sollicitudines
1200 1783 1399 1864 attulerint,
1429 1793 1548 1846 tamen
1582 1792 1620 1843 et

333 1888 475 1952 fortiter
498 1911 540 1953 ac
565 1892 722 1974 gloriose
746 1913 913 1974 repressa
937 1903 1027 1970 sunt,
1053 1901 1089 1954 et
1113 1892 1309 1954 docuerunt
1330 1890 1366 1952 id
1386 1891 1481 1972 quod
1498 1898 1620 1972 potest

333 1996 402 2059 iam
427 1998 589 2062 omnibus
613 2010 748 2081 patere,
772 2000 1007 2083 pessimarum
1031 2001 1194 2064 heresum
1218 2009 1382 2061 auctores
1407 2016 1477 2059 non
1502 1995 1620 2058 minus

334 2103 407 2166 suis
430 2125 534 2185 quam
559 2106 685 2169 alienis
710 2127 788 2170 esse
812 2106 1043 2188 perniciosos.
1091 2105 1211 2185 Quare
1234 2104 1309 2167 Nos
1333 2115 1369 2167 et
1385 2103 1618 2184 circumspec-

334 2209 422 2273 tioni
446 2221 528 2275 tuae
553 2214 598 2276 de
622 2223 694 2277 tam
718 2213 778 2296 pia
801 2225 920 2276 mente
944 2214 1162 2295 gratulamur
1192 2221 1228 2274 et
1256 2212 1320 2273 tibi
1349 2220 1468 2274 tamen
1493 2211 1618 2272 suade·

335 2338 411 2381 mus
434 2328 472 2380 ut
496 2320 588 2381 hanc
613 2321 753 2384 laudem
777 2331 987 2402 perpetuam
1011 2318 1076 2381 tibi
1100 2318 1276 2389 retineas;
1311 2319 1448 2399 hosque
1479 2316 1508 2380 si
1531 2317 1619 2399 quid

335 2425 432 2505 quod
455 2423 532 2488 lieri
557 2448 577 2488 a
602 2426 705 2490 nobis
730 2436 894 2509 oportent
919 2425 1157 2506 admonueris,
1181 2424 1391 2506 pollicemur
1413 2444 1479 2487 nec
1504 2423 1617 2505 digni·

336 2532 400 2594 tati
423 2540 506 2595 tuae
530 2553 596 2596 nec
621 2534 726 2597 saluti
751 2535 859 2596 totius
883 2532 1098 2597 Germaniae
1122 2531 1307 2595 defuturos
1373 2530 1474 2611 Quae
1498 2542 1619 2593 autem

335 2648 524 2721 praeterea
547 2663 568 2704 a
593 2643 697 2706 nobis
720 2662 785 2724 per
809 2642 946 2705 litteras
970 2643 1141 2723 postulas,
1166 2640 1211 2702 de
1234 2639 1277 2701 iis
1292 2638 1456 2701 iussimus
1472 2657 1620 2720 respon·

336 2744 413 2808 deri
437 2747 629 2829 agentibus
661 2748 718 2811 hic
751 2748 834 2827 tuis,
870 2748 931 2831 qui
966 2748 1012 2810 ad
1049 2745 1400 2828 circumspectionem
1425 2756 1519 2807 tuam
1545 2746 1620 2826 ple·

336 2852 414 2916 nius
437 2854 676 2935 perscribent;
706 2857 758 2919 Tu
782 2857 850 2918 hoc
875 2854 940 2917 tibi
963 2857 1182 2937 persuadeas
1206 2856 1368 2917 volumus
1392 2873 1497 2915 curae
1514 2851 1622 2915 nobis

338 2961 525 3024 admodum
550 2982 628 3025 esse
653 2973 689 3025 et
718 2965 826 3026 decus
851 2973 885 3024 et
911 2962 1209 3026 existimationem
1233 2973 1339 3025 tuam.
1386 2961 1518 3022 Datum
1543 2959 1621 3022 Ro·

337 3088 415 3130 mae
441 3078 508 3131 etc.
533 3068 592 3132 die
616 3069 709 3133 XVI
733 3067 902 3131 Octobris
925 3068 1127 3132 MDXXV.
1175 3067 1282 3131 Anno
1308 3068 1475 3134 secunde.

879 3283 1071 3296 mxv-man
1074 3284 1083 3293 κ

630 3628 824 3728 Episcopus
852 3512 1085 3708 Tridegriiiuus
1113 3626 1217 3709 Glem„
1247 3627 1325 3708 III.

801 3775 901 3849 (Riihl
919 3775 1006 3849 nuo.
1024 3774 1076 3834 m
1094 3774 1167 3847 ³04)

828 3893 882 3963 (10.
903 3896 1029 3945 Octobris
1052 3895 1137 3961 1525.)

430 4039 609 4102 Hesterno
643 4039 793 4121 primum
833 4040 893 4102 die
936 4038 1058 4120 recepi
1089 4038 1208 4102 Breve
1240 4048 1383 4102 vestrae
1416 4036 1628 4100 Sanctitatis

342 4146 437 4226 quod
462 4144 539 4227 ipsa
575 4146 674 4208 dedit
708 4147 751 4208 ad
780 4166 836 4208 me
871 4145 1003 4209 XXIII
1028 4146 1197 4228 Augusti,
1221 4145 1467 4228 responsivum
1492 4146 1537 4206 ad
1564 4165 1627 4207 eas

344 4272 432 4332 quas
456 4254 501 4314 ad
527 4273 565 4314 se
591 4254 758 4316 dederam
785 4252 822 4315 X
847 4251 1025 4331 eiusdem,
1063 4254 1178 4334 quod,
1215 4265 1253 4316 ut
1277 4254 1490 4330 admoneor,
1525 4251 1627 4333 prius

342 4358 409 4421 luit
424 4359 458 4421 in
475 4358 678 4421 Flandriam
696 4360 849 4422 delatum
868 4379 972 4441 quam
990 4358 1074 4421 mihi
1090 4360 1192 4422 reddi
1216 4359 1386 4441 potuerit;
1413 4367 1518 4439 atque
1542 4357 1626 4421 ideo

341 4465 473 4529 factum
498 4478 552 4528 est
575 4478 613 4527 ut
637 4485 706 4547 ego
731 4465 833 4529 citius
856 4487 961 4549 quam
987 4467 1093 4529 modo
1128 4487 1198 4528 non
1231 4464 1491 4547 responderim,
1528 4466 1626 4546 quod

341 4573 498 4656 alioquin
524 4573 664 4636 minime
687 4574 981 4656 pretermisissem
1017 4572 1204 4654 quominus
1239 4572 1335 4635 illico
1368 4572 1525 4635 debitum
1555 4592 1626 4635 ser·

342 4679 464 4743 vitutis
487 4700 588 4743 rneae
612 4699 700 4761 erga
723 4701 762 4743 se
787 4690 822 4741 et
839 4680 960 4742 sedem
987 4700 1085 4742 suam
1114 4680 1348 4761 apostolicam
1375 4699 1627 4762 agnoscerem

343 4787 438 4868 quod
462 4786 569 4869 igitur
592 4808 649 4850 me
675 4787 724 4848 V*
748 4785 802 4849 δ”
835 4789 997 4849 hortatur
1028 4797 1067 4848 ut
1090 4786 1126 4849 in
1149 4786 1270 4868 priore
1292 4806 1372 4849 mea
1396 4786 1627 4849 observantia

344 4907 379 4956 et
403 4914 520 4956 rerum
545 4913 687 4956 suarum
712 4914 796 4956 cura
819 4893 1012 4975 persistere
1035 4894 1152 4975 velim,
1177 4895 1222 4956 de
1246 4894 1394 4976 singulis
1415 4893 1527 4976 ipsam
1553 4913 1624 4956 cer·
