3559 5734
818 542 876 597 0-{3
918 543 969 598 192
1007 541 1065 596 ΕΝ

302 695 338 749 et
362 689 456 769 apud
475 708 597 751 omnes
615 688 820 773 auctoritas)
844 698 944 753 tanto
961 693 1053 753 malo
1069 700 1271 773 opportuna
1285 692 1452 772 remedia,
1475 706 1580 774 prout

300 794 387 857 facti
410 795 579 857 atrocitas
602 795 725 878 exigit,
750 818 855 878 quam
877 798 1062 861 celerrime
1086 797 1284 861 adhibitum
1309 797 1361 862 iri.
1399 797 1471 861 Sed
1495 820 1579 881 quo·

302 901 397 965 niam
420 913 491 965 tarn
516 904 625 966 multa
648 904 744 968 circa
766 905 833 968 hoc
858 916 1056 985 occurrunt,
1082 926 1151 988 que
1176 907 1393 988 exemplaris
1416 908 1582 989 angustia

301 1029 431 1092 capere
456 1030 525 1071 nou
549 1022 690 1092 posset,
715 1014 762 1074 ob
797 1013 834 1075 id
867 1013 1096 1077 Laurentium
1127 1016 1339 1078 Tarcereum
1370 1015 1580 1080 servitorem

301 1126 459 1179 nostrum
483 1117 529 1180 ad
553 1117 764 1182 Caesaream
788 1120 1015 1184 Maiestatem
1045 1132 1081 1184 et
1111 1122 1158 1184 ad
1186 1142 1251 1184 vos
1284 1120 1463 1185 mittimus.
1515 1122 1579 1185 Cui

301 1243 408 1304 super
432 1225 498 1286 hac
523 1244 561 1286 re
586 1224 761 1306 integram
785 1226 890 1290 fidem
916 1229 1047 1290 habeat
1071 1228 1118 1291 R.
1144 1228 1187 1291 D.
1213 1227 1256 1291 V.
1282 1228 1382 1309 Quae
1416 1228 1476 1291 diu
1500 1229 1577 1293 leli·

301 1330 390 1392 citer
420 1332 548 1394 valeat.
601 1333 730 1396 Datum
764 1333 968 1416 Olisipone,
1000 1334 1057 1397 XI
1088 1336 1171 1398 Kal.
1205 1334 1291 1398 Maii
1323 1356 1418 1398 anno
1452 1337 1581 1400 natalis

301 1437 467 1501 dominici
491 1439 673 1504 MDXXI.

1284 1549 1316 1611 11
1333 1549 1402 1623 loy.

913 1948 964 2013 73.

344 2060 522 2140 hleander
550 2062 812 2165 archiepiscopo
840 2064 1051 2145 treverensi
1078 2063 1230 2146 Ricardo
1257 2062 1358 2145 Sacri
1385 2062 1539 2144 Romani

769 2197 918 2299 Imperii
944 2197 1107 2279 Eleotmi.

709 2346 810 2413 (Aeta
832 2344 992 2405 wormac.
1019 2344 1075 2404 tol
1092 2345 1161 2419 tas.)

779 2465 866 2533 (24.(?)
886 2466 989 2531 Aprilis
1011 2469 1094 2529 1521.)

389 2598 705 2661 Revereudissime
734 2609 768 2661 et
793 2599 1032 2662 Illustrissime
1056 2600 1255 2681 Domine,¹)
1279 2600 1377 2662 Deus
1400 2599 1506 2679 faxit,
1541 2608 1580 2661 ut

299 2707 366 2767 hoc
391 2705 590 2786 negocium,
615 2728 637 2768 a
660 2706 978 2771 Reverendissima
994 2706 1244 2770 Dominatione
1262 2707 1393 2770 Vestra
1416 2708 1462 2769 ad
1486 2716 1578 2769 tran·

300 2813 509 2894 quillitatem
543 2813 765 2876 Christianae
797 2813 1037 2895 Reipublicae
1070 2824 1282 2896 peragatur,
1318 2815 1381 2876 sed
1415 2815 1580 2877 advertat

300 2940 521 3002 nequaquam
553 2920 588 2982 id
621 2919 696 2983 lieri
721 2942 844 3003 posse,
881 2921 948 2985 nisi
971 2920 1174 3004 pontificiae
1198 2922 1399 2985 autoritatis
1422 2921 1512 2984 ratio
1543 2920 1579 2982 in

300 3027 421 3110 primis
444 3029 635 3098 habeatur:
668 3027 840 3110 quidquid
865 3049 967 3091 secus
990 3026 1040 3106 fit,
1064 3028 1274 3109 praesertim
1299 3027 1334 3090 in
1358 3027 1509 3110 negocio
1533 3029 1579 3089 ad

300 3134 531 3216 Religionem
555 3134 789 3198 Christianam
813 3135 1033 3217 pertinente,
1057 3144 1178 3217 preter
1201 3134 1274 3214 fas,
1298 3144 1490 3216 preterque
1513 3131 1579 3213 ius,

299 3253 335 3306 et
359 3241 393 3304 in
415 3262 581 3324 magnum
597 3242 858 3306 incommodum
878 3241 1032 3305 universi
1048 3241 1145 3305 orbis
1168 3241 1246 3306 fieri
1262 3240 1579 3324 compertissimum

300 3360 363 3413 est.
414 3350 491 3412 Hoc
523 3349 639 3412 scribo
664 3370 734 3412 non
767 3349 848 3431 quia
873 3370 943 3412 non
969 3369 1108 3431 sperem
1133 3347 1483 3411 Reverendissimam
1510 3349 1578 3409 Do-

299 3456 525 3519 minationem
551 3457 715 3520 Vestram
740 3456 834 3520 omni
857 3456 944 3535 fide,
968 3456 1096 3537 studi0,
1121 3455 1307 3538 diligentia
1331 3464 1397 3518 etc.
1421 3457 1487 3518 hec
1512 3464 1578 3517 tra·

299 3574 489 3643 ctaturam,
526 3565 589 3627 sed
621 3563 704 3646 quia
734 3563 818 3626 mihi
842 3563 1099 3626 insusurratum
1128 3573 1199 3642 est,
1236 3561 1354 3625 nescio
1386 3582 1475 3643 quos
1499 3581 1579 3624 corr·

299 3680 424 3752 ceptus
448 3670 571 3752 initos,
607 3669 761 3752 quinon
787 3691 1041 3753 usquequaque
1066 3669 1149 3733 mibi
1173 3672 1387 3753 probantur,
1412 3668 1441 3730 si
1465 3668 1514 3731 sic
1539 3689 1579 3731 se
1642 3709 1644 3712 -

299 3781 471 3851 habeant;
504 3779 567 3841 sed
592 3781 642 3861 (ut
666 3777 754 3858 dixi)
789 3798 857 3840 non
883 3798 1027 3860 possum
1051 3779 1096 3840 de
1121 3776 1438 3840 Reverendissima
1461 3774 1578 3837 Domi-

299 3886 444 3949 natione
468 3893 589 3948 vestra
613 3905 683 3947 non
707 3884 774 3947 nisi
799 3885 934 3967 optima
958 3885 1040 3947 mihi
1065 3883 1240 3967 polliceri,
1271 3904 1362 3965 quae
1386 3879 1497 3946 ioelix
1523 3902 1579 3944 va·

299 3995 381 4072 leat,
406 3991 548 4055 etmihi
572 3994 617 4054 ad
641 3995 729 4056 haec
754 3993 972 4075 respondere
996 3992 1173 4074 dignetur.

389 4097 726 4163 Reverendissimae
751 4109 786 4161 et
810 4098 1071 4162 Illustrissimac
1095 4097 1337 4162 Dominationi
1361 4108 1502 4160 vestrae

1215 4233 1403 4283 Deditissimus

1043 4331 1229 4404 lttrnmrr
1246 4329 1395 4400 almior,
1413 4330 1542 4379 Nanctus

332 4537 353 4596 Ι)
372 4532 468 4594 Agitur
493 4531 526 4578 de
551 4531 659 4595 privatis
678 4531 820 4594 colloquiis
848 4531 1039 4579 a'freverensi
1066 4529 1194 4579 habendis
1214 4544 1272 4576 cum
1293 4528 1424 4587 Luthem,
1453 4542 1499 4592 spe
1524 4542 1578 4575 non

370 4612 512 4666 admodum
532 4612 663 4678 prudenti,
682 4612 766 4685 ipsum
786 4612 928 4668 reducendi
948 4612 981 4660 ed
1002 4610 1136 4663 meliorem
1156 4610 1265 4676 strigem.
