3559 5734
936 906 987 969 60.

456 1024 657 1104 Publicaiio
685 1023 814 1104 Bullae
843 1027 967 1104 contra
993 1023 1190 1102 lutherum
1217 1020 1318 1101 facta
1343 1020 1472 1100 leodii.

736 1171 819 1242 (Atta
836 1169 1052 1229 wormatiensis
1070 1168 1117 1227 ἰοὶ
1136 1170 1190 1239 58.)

827 1289 864 1357 (8.
883 1290 987 1354 Aprilis
1008 1287 1095 1351 1521.)

409 1433 595 1497 Universis
620 1443 655 1497 et
670 1432 818 1514 singulis
843 1453 907 1516 per
922 1432 1098 1512 Dominia‚
1123 1444 1237 1494 terras
1262 1442 1297 1494 et
1313 1431 1513 1494 universam
1529 1430 1602 1493 dio·

321 1539 429 1602 cesim
454 1551 610 1604 nostram
635 1539 836 1603 constitutis
851 1538 1011 1603 Salutem
1032 1539 1067 1602 in
1085 1541 1165 1601 Dno
1187 1538 1449 1621 sempiternam.
1487 1538 1603 1619 Quum

322 1645 572 1711 Sanctissimus
597 1646 770 1733 Dominus
794 1648 923 1710 Noster
948 1649 991 1710 D.
1010 1647 1083 1709 Leo
1109 1646 1229 1708 divina
1252 1645 1478 1733 providentia
1501 1647 1603 1726 Papa

321 1755 477 1819 decimus
490 1754 725 1836 apostolicum
739 1755 856 1831 Breve
868 1756 914 1817 ad
927 1754 1001 1817 Nos
1014 1754 1147 1817 miserit
1161 1765 1196 1815 et
1209 1774 1273 1835 per
1286 1753 1420 1816 Rever.
1435 1754 1473 1815 P.
1484 1753 1601 1816 Dnum

323 1862 577 1944 Hieronymum
611 1862 829 1924 Aleandrum
863 1881 962 1923 suum
996 1870 1032 1923 et
1064 1859 1169 1923 Sedis
1193 1860 1424 1942 Apostolicae
1457 1859 1492 1920 in
1517 1858 1602 1921 Uni-

321 1989 425 2032 versa
449 1967 641 2032 Germania
664 1967 828 2047 nuncium
860 1977 897 2030 et
920 1977 1097 2030 oratorem
1122 1967 1254 2048 exponi
1278 1966 1404 2029 fecerit
1428 1976 1604 2048 quatenus

321 2074 373 2138 8²³
400 2096 474 2156 sua,
497 2075 621 2138 habita
644 2085 781 2138 matura
806 2075 1063 2138 deliberatione
1088 2075 1132 2137 de
1157 2095 1331 2137 consensu
1355 2074 1602 2137 Rever¹¹¹¹¹Do

321 2182 493 2246 minorum
520 2181 759 2244 Cardinalium
790 2183 837 2271 ad
859 2183 928 2243 hoc
953 2201 1209 2263 saepenumero
1241 2189 1541 2262 congregatorum
1566 2190 1602 2242 et

320 2290 506 2355 multorum
532 2288 566 2351 in
591 2287 717 2351 litteris
742 2288 991 2365 excellentium
1014 2288 1169 2350 virorum
1201 2286 1367 2367 consili0‚
1400 2288 1533 2369 scripta
1566 2298 1602 2350 et

319 2396 429 2459 libros
454 2396 635 2458 cuiusdam
659 2394 780 2458 fratris
801 2395 946 2458 Martini
963 2395 1095 2459 Luther
1120 2394 1253 2458 ordinis
1268 2395 1500 2457 Eremitarum
1518 2395 1601 2456 Divi

321 2502 510 2592 Augustini
535 2504 696 2569 diversos
715 2504 883 2567 articulos
908 2503 1107 2586 respective
1123 2504 1300 2566 hereticos
1315 2523 1485 2566 erroneos
1502 2522 1602 2563 scan-

319 2611 461 2673 dalosos
485 2611 519 2673 in
546 2632 588 2673 se
608 2610 850 2691 continentes,
874 2620 1041 2692 tanquam
1066 2610 1208 2673 inutiles
1233 2610 1450 2691 perniciosos
1480 2621 1516 2670 et
1541 2609 1601 2670 mi·

319 2717 411 2780 nime
442 2717 476 2779 in
502 2716 663 2780 Ecclesia
687 2717 755 2779 Dei
787 2718 993 2780 tolerandos
1024 2739 1065 2779 ac
1090 2726 1282 2798 propterea
1310 2717 1602 2778 condemnandos

319 2824 513 2899 censuerit,
545 2844 587 2886 ac
612 2825 656 2886 de
680 2823 778 2886 facto
810 2824 1101 2887 condemnaverit
1132 2833 1167 2885 et
1190 2824 1293 2886 huius
1317 2823 1515 2885 sententiae
1541 2823 1599 2885 de>

319 2930 406 2993 creti
430 2940 466 2993 et
490 2930 723 2993 ordinationis
747 2930 957 3011 originalem
981 2932 1114 2993 bullam
1135 2931 1325 2993 videndam
1350 2942 1385 2993 et
1409 2931 1601 3013 legendam

318 3049 354 3100 et
385 3036 495 3118 ipsius
528 3039 656 3100 multas
680 3037 901 3100 authenticas
926 3038 1048 3119 copias
1080 3039 1281 3118 habendaS,
1318 3059 1455 3102 necnon
1492 3037 1598 3099 aliam

319 3125 471 3223 Bullam¹
493 3164 600 3225 super
635 3145 803 3207 librorum
839 3144 1071 3227 impressione
1107 3144 1141 3206 in
1177 3147 1348 3207 moderno
1384 3148 1602 3214 lateranensi

318 3251 469 3313 concilio
494 3252 623 3314 editam
649 3272 713 3332 per
738 3253 887 3314 eundem
914 3252 1092 3315 dominum
1116 3253 1281 3314 nuncium
1306 3254 1352 3314 ad
1377 3273 1440 3314 nos
1464 3250 1603 3314 miserit

318 3366 353 3421 et
377 3367 526 3439 paterna
551 3358 725 3421 charitate
748 3359 910 3421 hortatus
934 3358 1041 3420 fuerit
1069 3379 1111 3421 ac
1136 3359 1170 3420 in
1196 3360 1327 3421 virtute
1351 3370 1495 3420 sanctae
1520 3361 1601 3420 obe-

318 3464 474 3527 dientiae
506 3464 731 3547 requisiverit
763 3474 800 3527 ut
832 3486 923 3546 quae
947 3465 981 3526 in
1013 3465 1206 3546 praedictis
1237 3466 1344 3528 bullis
1375 3466 1602 3528 continentur

319 3572 444 3633 nostra
464 3570 650 3653 diligentia
674 3581 709 3635 et
734 3572 849 3634 studio
875 3572 910 3633 in
927 3572 1093 3634 Diocoesi
1117 3583 1152 3636 et
1168 3572 1341 3635 Dominiis
1365 3573 1495 3635 nostris
1519 3594 1601 3635 exe-

319 3679 461 3759 quenda
476 3696 697 3751 curaremus;
716 3679 790 3740 Nos
808 3678 865 3760 qui
883 3678 1112 3741 Sanctissimo
1127 3679 1278 3741 Domino
1296 3690 1417 3742 nostro
1433 3678 1599 3743 Sanctae·
1619 3712 1621 3715 ·

321 3805 390 3866 que
415 3782 500 3846 Sedi
518 3785 751 3866 Apostolicae
776 3786 1006 3849 iuramentum
1031 3786 1211 3848 fidelitatis
1235 3787 1451 3867 prestitimus
1476 3798 1511 3849 et
1534 3808 1602 3869 pro

319 3893 416 3973 cujus
448 3891 656 3954 defensione
689 3892 807 3976 omnia
836 3903 957 3955 nostra
981 3896 1077 3956 bona
1108 3912 1291 3974 exponere
1320 3895 1601 3975 sanguinemque

317 3998 497 4079 proprium
516 3997 698 4061 effundere
715 4020 812 4062 more
830 4003 1122 4081 predecessorum
1139 4009 1338 4062 nostrorum
1350 4001 1599 4063 leodiensium

318 4105 575 4186 Episcoporum
599 4126 739 4186 semper
764 4106 893 4168 fuimus
926 4120 961 4168 et
990 4126 1108 4168 sumus
1133 4107 1262 4188 parati,
1299 4109 1402 4169 vobis
1426 4108 1601 4170 universis

318 4221 353 4273 et
378 4221 533 4276 vestrum
559 4212 706 4293 singulis
729 4214 941 4275 auctoritate
967 4214 1178 4294 Apostolica
1206 4224 1241 4275 et
1265 4225 1385 4276 nostra
1410 4214 1444 4276 in
1469 4214 1600 4277 virtute

318 4318 472 4381 Sanctae
498 4319 724 4382 obedientiae
757 4331 790 4382 et
822 4323 887 4382 sub
911 4319 1137 4399 ‚gravissimis
1162 4320 1286 4401 poenis
1318 4334 1353 4382 et
1378 4321 1535 4384 censuris
1564 4323 1598 4383 in

317 4428 475 4489 eiusdem
492 4427 598 4489 bullis
616 4427 821 4509 apostolicis
839 4426 1024 4504 contentis,
1049 4427 1296 4508 praecipimus.
1337 4426 1497 4490 Subditis
1511 4449 1600 4491 vero

318 4534 445 4597 nostris
477 4543 620 4616 praeter
644 4554 869 4596 censurarum
903 4533 1164 4614 praedictarum
1194 4534 1460 4597 innodationem
1494 4536 1600 4598 etiam

318 4644 384 4703 sub
408 4641 642 4723 gravissimae
658 4640 914 4720 indignationis
938 4650 1081 4702 nostrae
1106 4649 1142 4703 et
1159 4641 1237 4703 aliis
1261 4642 1457 4705 arbitrariis
1473 4642 1600 4722 poenis

316 4768 463 4829 quarum
488 4748 593 4810 tertia
624 4770 707 4831 pars
732 4746 902 4810 Camerae
927 4746 1146 4827 apostolicae
1170 4748 1276 4810 tertia
1307 4748 1392 4811 fisco
1417 4763 1538 4810 nostro
1564 4762 1600 4811 et

316 4856 421 4918 tertia
446 4855 690 4918 denunciatori
717 4856 906 4933 debeatur,
939 4856 1145 4916 mandamus
1170 4864 1205 4915 et
1228 4855 1427 4917 inhibemus
1451 4876 1495 4917 ne
1520 4856 1600 4936 quis
