3559 5734
843 544 1072 599 4324&

316 712 396 756 sera
420 691 479 775 poi
504 692 671 753 mandate
695 690 764 753 mie
788 691 915 754 lettere
940 712 995 754 me
1019 692 1152 754 mostrd
1177 700 1212 755 et
1236 712 1303 754 con
1328 694 1452 773 parole
1477 705 1512 754 et
1532 713 1597 755 con

316 800 417 882 segni
435 819 578 862 esserne
596 818 703 879 sopra
718 799 824 860 modo
842 800 912 860 mal
936 808 1104 861 contento
1129 800 1195 861 che
1220 819 1291 860 non
1314 798 1412 861 fusse
1429 810 1483 862 sta
1509 798 1598 862 fatto

316 927 415 969 come
440 907 535 968 nelle
559 906 649 967 altre
672 904 768 967 eitra.
802 905 896 967 Peri)
921 926 976 968 me
1001 904 1094 967 disse
1118 907 1219 968 voler
1243 925 1438 987 corregger
1462 908 1532 969 tale
1548 926 1596 968 er-

315 1030 395 1075 rore
410 1032 579 1095 processo
595 1012 731 1074 da'suoi
746 1012 896 1073 ministri
921 1022 957 1073 et
977 1013 1102 1074 ordini>
1124 1014 1190 1075 che
1212 1015 1245 1074 la
1262 1014 1410 1076 mattina
1426 1025 1598 1095 seguente

315 1122 395 1182 adl
427 1118 614 1182 XXVIIII
644 1118 740 1181 fusse
770 1139 836 1200 per
860 1128 952 1181 tutta
983 1121 1018 1180 la
1045 1130 1141 1181 terra
1164 1121 1371 1201 pubblicata
1400 1141 1421 1182 a
1445 1142 1533 1184 sono
1563 1121 1599 1183 di

316 1228 507 1290 tr'ombetto
532 1227 566 1288 la
590 1225 886 1289 condemnatione
911 1227 956 1288 de
980 1226 1042 1288 tali
1066 1226 1145 1289 libri
1177 1238 1213 1288 et
1235 1227 1385 1289 invitato
1418 1228 1441 1290 il
1466 1230 1599 1310 populo

315 1336 360 1397 ad
384 1334 564 1416 publicum
589 1331 790 1394 incendium
815 1333 851 1394 di
876 1333 944 1395 essi
969 1333 1064 1414 quod
1089 1344 1125 1395 et
1148 1333 1281 1396 facturn
1305 1333 1388 1405 fuit;
1422 1335 1599 1397 ancorche

264 1484 265 1487 =
315 1441 410 1504 dicto
435 1442 517 1510 car¹3
547 1439 640 1503 disse
666 1459 763 1502 esser
786 1450 842 1501 sta
865 1442 1052 1502 molestato
1077 1441 1123 1501 da
1137 1441 1229 1502 assai
1245 1440 1515 1521 gentilhuomini
1534 1444 1599 1505 che

315 1550 384 1611 mai
409 1549 441 1610 el
466 1550 626 1610 lassorno
652 1547 816 1623 dormire,
841 1547 1108 1609 dissuadendoli
1140 1549 1173 1610 el
1201 1547 1257 1610 far
1280 1547 1440 1611 brusciar
1468 1549 1529 1611 tali
1563 1549 1599 1611 li-

316 1655 380 1735 bri,
405 1664 440 1718 et
464 1654 544 1717 dice
569 1654 691 1717 esserli
717 1655 843 1716 durata
867 1655 938 1716 tale
952 1654 1114 1717 molestia
1138 1656 1183 1717 de
1207 1655 1268 1717 tali
1292 1656 1483 1736 importuni
1500 1658 1600 1738 quasi

315 1774 406 1825 tutta
430 1764 464 1825 la
488 1772 603 1830 notte;
629 1782 695 1842 pur
718 1763 863 1824 tandem
888 1772 925 1823 ut
950 1761 1025 1823 dixi
1049 1771 1141 1824 tutto
1166 1761 1203 1824 fu
1228 1765 1297 1824 ben
1323 1763 1424 1827 fatto.

404 1869 448 1931 Et
473 1869 674 1932 anchorch'e
698 1867 748 1950 gli
773 1867 902 1930 ribaldi
934 1867 1063 1930 occulti
1091 1868 1267 1931 lutherani
1297 1868 1466 1950 fingendo
1491 1890 1602 1952 agere

268 2062 270 2065 Ι
316 1999 389 2041 rem
415 1985 570 2039 nostram
595 1975 626 2037 ci
651 1974 837 2038 consiliino
861 1976 928 2038 che
953 1995 1023 2037 non
1042 1975 1283 2038 deveressimo
1300 1976 1377 2039 fare
1397 1978 1468 2040 tale
1483 1978 1601 2041 incen-

313 2086 391 2163 dio,
416 2104 460 2145 ne
486 2082 599 2165 magis
624 2086 883 2144 exacerbentur
907 2084 1030 2145 hostes
1055 2092 1179 2144 contra
1203 2103 1268 2145 nos
1291 2084 1321 2145 si
1346 2084 1458 2167 magis
1482 2095 1602 2147 tamen

316 2191 525 2254 exacerbari
542 2200 700 2271 possent.
731 2190 949 2269 'Iuttavolta,
974 2189 1137 2251 omnibus
1161 2189 1243 2251 hinc
1267 2166 1350 2253 iride
1370 2191 1548 2270 discussis,
1573 2190 1604 2253 si

315 2301 362 2361 ha
392 2308 532 2381 trovato
564 2299 630 2359 che
658 2306 784 2377 questo
809 2296 968 2358 brusciar
993 2296 1029 2358 di
1052 2296 1132 2358 libri
1157 2296 1177 2357 e
1207 2316 1277 2358 una
1308 2317 1392 2359 cosa
1415 2298 1524 2361 molto
1550 2319 1600 2361 sa·

318 2409 430 2469 lutare
456 2414 491 2469 et
515 2404 611 2483 utile,
644 2406 757 2484 primo
783 2403 915 2484 perche
940 2404 1048 2464 molto
1073 2401 1205 2484 meglio
1229 2403 1304 2466 cosi
1337 2403 1366 2466 si
1390 2403 1538 2486 divulga
1567 2416 1603 2467 et

316 2534 381 2595 per
405 2512 597 2577 Germania
622 2522 658 2573 et
682 2521 772 2573 tutte
795 2513 883 2572 altre
909 2510 1044 2573 nationi
1068 2512 1103 2572 la
1133 2511 1429 2574 condemnatione
1461 2513 1507 2573 de
1539 2514 1602 2574 tali

316 2621 396 2683 libri
431 2622 497 2683 che
527 2640 593 2701 per
621 2639 692 2681 una
726 2617 946 2679 intimatione
971 2617 1065 2679 della
1089 2618 1187 2679 bulla
1210 2615 1302 2679 fatta
1333 2619 1394 2680 alli
1430 2619 1603 2682 ordinarii

316 2748 402 2789 over
426 2726 558 2807 vicarii,
585 2725 745 2807 quamvis
770 2744 901 2786 ancora
925 2734 1049 2805 questo
1074 2743 1215 2805 semper
1239 2733 1274 2787 et
1298 2725 1430 2805 ubique
1455 2725 1603 2789 fecerim

316 2834 514 2898 etfaciam.
561 2832 702 2904 Deinde
728 2830 860 2913 perche
896 2830 919 2892 li
954 2829 1033 2894 laici
1065 2831 1126 2913 gia
1157 2831 1273 2894 infetti
1297 2852 1363 2913 per
1386 2833 1419 2895 le
1444 2834 1603 2914 predica·

316 2942 403 3005 tioni
435 2952 471 3004 et
502 2940 584 3003 libri
614 2939 754 3022 volgari
787 2940 823 3001 di
855 2949 981 3020 questo
1012 2938 1073 3020 piu
1098 2940 1163 3001 che
1188 2940 1282 3001 mille
1306 2939 1405 3020 Arii,
1437 2941 1603 3004 vedendo

316 3052 387 3113 tale
411 3047 576 3111 incendio
590 3047 688 3110 facto
704 3046 916 3109 auctoritate
932 3045 1130 3127 apostolica
1146 3056 1182 3109 et
1199 3046 1410 3109 executione
1426 3045 1602 3127 Caesaris,

318 3177 468 3220 moveno
493 3154 585 3218 assai
610 3175 631 3216 a
655 3154 802 3216 credere
834 3153 897 3215 tali
923 3153 1003 3215 libri
1027 3174 1125 3216 esser
1157 3174 1285 3216 revera
1318 3164 1353 3216 et
1385 3153 1542 3216 damnati
1568 3166 1604 3217 et

315 3263 412 3341 mali,
447 3271 483 3325 et
512 3263 625 3343 perhd
654 3281 794 3342 semper
821 3262 868 3321 ad
900 3281 979 3322 esso
1010 3260 1173 3322 incendio
1209 3261 1255 3322 da
1279 3259 1409 3321 diversi
1435 3280 1523 3322 sono
1548 3272 1604 3324 sta

316 3369 447 3451 portati
484 3377 612 3448 sponte
649 3367 748 3430 molti
785 3366 876 3429 libri.
936 3366 1018 3428 Uno
1058 3377 1268 3447 argumento
1304 3365 1351 3428 mi
1388 3387 1517 3429 muove
1550 3388 1604 3429 as·

317 3477 368 3539 sai
393 3498 413 3538 a
437 3475 585 3538 credere
609 3475 680 3536 tale
705 3494 789 3537 cosa
814 3494 932 3536 essere
949 3472 1120 3554 proficua,
1143 3472 1276 3554 perche
1299 3472 1381 3536 tutti
1405 3474 1514 3556 quelli
1536 3477 1602 3537 che

317 3582 349 3646 ci
366 3582 580 3644 dissuadeno
598 3582 669 3644 taie
687 3592 785 3644 costa
810 3581 855 3642 ad
881 3601 986 3643 unum
1011 3590 1172 3642 trovamo
1197 3600 1315 3643 essere
1331 3582 1541 3664 Lutherani,
1567 3594 1603 3646 et

316 3690 340 3751 li
364 3688 542 3752 manifesti
566 3687 740 3751 lutherani
765 3689 883 3749 hanno
908 3708 1048 3768 sempre
1073 3686 1167 3750 omni
1192 3696 1270 3750 astu
1303 3699 1338 3752 et
1372 3700 1502 3751 conatu
1527 3686 1602 3752 vcer-

317 3807 396 3859 cato
421 3796 594 3878 impedire
618 3797 666 3857 tal
690 3794 1013 3875 abbrusciamentO,
1040 3795 1084 3856 ed
1109 3794 1280 3857 insomma
1304 3816 1342 3858 se
1367 3816 1437 3858 non
1463 3796 1491 3858 si
1516 3798 1603 3878 puol

316 3905 420 3966 indur
434 3912 561 3985 questo
582 3902 720 3964 ribaldo
745 3902 791 3964 ad
816 3901 1116 3981 retractationem,
1141 3902 1249 3965 none
1275 3902 1435 3984 meglior,
1460 3902 1530 3965 imo
1558 3903 1603 3967 ne

316 4012 407 4073 altra
431 4009 489 4071 via
512 4007 671 4090 proficua
697 4010 762 4071 che
788 4018 923 4089 questa.

406 4114 450 4178 A’
485 4117 519 4177 dl
556 4115 676 4177 XXX
710 4116 769 4177 del
800 4123 945 4195 passato
979 4115 1202 4195 partendomi
1234 4117 1280 4178 da
1310 4116 1499 4198 Moguntia
1537 4138 1603 4199 per

317 4223 483 4285 Wormes
509 4222 630 4285 lasciai
654 4224 689 4284 al
712 4222 916 4284 Provincial
941 4222 984 4283 de
1001 4221 1224 4285 Predicatori
1249 4243 1313 4304 per
1337 4222 1531 4287 Germania
1555 4246 1602 4290 un

317 4330 483 4392 mandato
509 4331 553 4392 de
577 4329 632 4391 far
656 4329 821 4409 predicar
844 4348 910 4410 per
933 4337 1025 4390 tutta
1041 4348 1105 4390 sua
1120 4329 1306 4409 provincia
1326 4340 1451 4392 contra
1468 4331 1603 4394 Luther

318 4448 354 4500 et
376 4437 411 4498 la
436 4436 731 4499 condemnatione
763 4434 847 4497 delli
877 4434 975 4506 libri;
1007 4435 1091 4497 item
1124 4436 1204 4498 altri
1229 4437 1384 4499 mandati
1418 4458 1439 4499 a
1463 4438 1545 4500 tutti
1579 4440 1601 4501 li

317 4544 483 4608 conventi
508 4552 543 4605 et
566 4542 696 4604 rectori
721 4541 755 4603 di
780 4541 973 4604 Parrochie
998 4542 1034 4603 di
1056 4542 1242 4625 Moguntia
1266 4545 1331 4607 che
1355 4545 1603 4626 predicassero

317 4653 354 4712 la
377 4649 574 4712 Domenica
605 4658 797 4730 seguente,
831 4658 868 4711 et
898 4650 948 4711 tal
979 4669 1087 4731 carga
1112 4648 1218 4711 lassai
1242 4651 1276 4712 al
1299 4650 1421 4724 Revp
1447 4652 1539 4722 Car¹t
1570 4656 1603 4717 el

318 4759 422 4837 quale
452 4758 503 4835 (ut
526 4766 652 4837 postea
676 4755 847 4837 intellexi)
872 4755 951 4818 fece
975 4757 1123 4818 mandat
1146 4757 1192 4818 ad
1217 4757 1427 4820 executione
1452 4758 1601 4841 diligen-

318 4873 484 4927 temente.
