3559 5734
806 557 863 608 *aas
902 554 955 614 ata
994 555 1052 611 8νο

289 701 392 768 Carlo
416 702 534 768 vicerd
566 703 603 766 di
627 702 939 768 Boemia.fautore
971 711 1007 766 et
1030 722 1232 786 compagno
1256 722 1277 765 a
1301 710 1427 784 questo
1451 700 1480 763 si
1504 721 1573 783 per

287 813 420 875 havere
448 813 520 875 alla
543 809 650 875 Corte
681 811 764 894 quel
787 811 956 893 Presting
980 810 1188 893 aviluppato
1218 810 1254 873 in
1279 809 1388 890 quelli
1412 807 1573 891 intrighi‚

288 919 382 982 onde
413 920 564 986 essendo
588 921 624 982 la
647 938 732 981 cosa
756 939 856 982 come
885 918 921 980 in
945 937 1009 981 soa
1032 936 1155 999 mano,
1187 927 1222 980 et
1246 917 1282 980 di
1306 915 1383 979 fare
1407 916 1486 978 chel
1510 914 1573 977 Re

288 1025 484 1089 assentisca
516 1037 553 1090 et
581 1026 639 1089 dia
662 1025 787 1088 favore
812 1027 882 1088 alla
906 1025 1080 1107 impresa,
1116 1034 1152 1087 et
1182 1024 1335 1087 essendo
1359 1022 1574 1104 periculoso,

288 1135 355 1196 che
385 1133 595 1216 portandosi
625 1135 660 1196 la
691 1153 776 1195 cosa
810 1131 952 1195 innanzi
984 1141 1083 1194 tanta
1107 1131 1296 1194 occasione
1329 1151 1400 1193 non
1433 1129 1575 1212 suggha

289 1250 325 1303 et
349 1241 414 1304 che
438 1243 474 1304 la
496 1241 658 1323 potentia
683 1240 727 1303 de
751 1241 775 1303 li
800 1240 1014 1321 adversarii,
1046 1240 1111 1302 che
1136 1241 1154 1302 ὲ
1178 1239 1317 1321 grande
1342 1247 1378 1300 et
1401 1237 1574 1321 precipue

289 1348 348 1410 del
372 1349 507 1412 danaro
531 1368 596 1429 per
620 1349 654 1409 la
671 1348 874 1430 corruptela
899 1347 944 1410 de
964 1346 1081 1409 alcuni
1097 1348 1163 1409 che
1179 1366 1268 1409 sono
1284 1365 1409 1428 presso
1426 1365 1448 1408 a
1464 1343 1574 1427 quelli

289 1474 329 1517 re
353 1475 424 1518 non
449 1453 473 1516 li
498 1453 700 1534 mutamini,
725 1452 842 1517 iudico
867 1473 987 1516 essere
1011 1462 1214 1536 opportuno
1240 1462 1276 1514 et
1295 1450 1496 1515 necessario
1519 1470 1573 1513 soe

289 1562 426 1625 licitare
450 1571 583 1644 quanto
607 1561 668 1642 pih
693 1560 722 1624 si
745 1581 816 1643 puo
842 1570 877 1622 et
901 1577 966 1642 per
990 1560 1076 1641 ogni
1099 1561 1158 1622 via
1181 1570 1309 1641 questa
1332 1558 1512 1641 praticha,
1536 1566 1578 1620 et

288 1670 313 1731 il
336 1669 479 1733 Barone
512 1677 548 1731 et
570 1670 605 1730 io
630 1666 666 1732 di
697 1688 766 1750 qua
797 1688 868 1729 non
893 1670 1142 1730 mancharemo
1177 1666 1213 1729 di
1236 1675 1328 1729 tutto
1357 1668 1476 1748 quello
1507 1668 1577 1728 che

288 1776 394 1860 parri
426 1775 660 1858 expediente:
697 1774 743 1837 Di
775 1774 872 1836 costi
914 1773 1126 1836 similmente
1157 1773 1380 1837 desideramo
1411 1774 1507 1837 aiuto
1537 1782 1577 1835 et

288 1883 414 1948 favore
438 1883 648 1966 strignendo
674 1892 709 1945 et
733 1881 946 1944 stimulando
962 1878 1221 1962 Strigoniense.
1260 1882 1353 1943 Pero
1369 1901 1436 1944 con
1451 1879 1577 1943 debita

287 1991 482 2055 riverentia
512 1989 706 2053 ricordarei
738 2010 759 2051 a
789 1988 922 2050 Nostro
948 1985 1119 2070 Signore‚
1156 1990 1222 2052 che
1255 1986 1460 2070 sendosegll
1490 1986 1578 2050 data

288 2098 438 2180 qualche
470 2097 667 2160 intentione
700 2098 827 2178 largha
857 2107 893 2159 et
916 2098 1088 2179 generale
1121 2097 1179 2159 del
1203 2095 1356 2178 Cape10,
1392 2096 1458 2158 che
1485 2096 1578 2157 hora

288 2225 328 2268 se
352 2203 485 2267 uscisse
510 2224 530 2265 a
555 2203 707 2284 qualche
730 2203 945 2284 particolare
970 2203 1219 2265 mandandone
1244 2203 1371 2264 alcuna
1394 2202 1453 2285 piu
1476 2212 1577 2265 certa

288 2311 486 2374 intentione
517 2330 583 2390 per
606 2310 665 2371 via
697 2309 732 2370 di
756 2312 867 2372 breve
892 2331 913 2372 o
938 2311 1149 2372 altramente
1180 2309 1216 2372 in
1240 2330 1345 2374 mano
1369 2310 1438 2373 mia
1469 2309 1578 2372 odel

289 2419 447 2499 Eamne,
482 2420 517 2480 la
552 2418 657 2498 quale
682 2436 721 2479 se
751 2416 802 2497 gli
829 2427 975 2497 potesse
1011 2436 1077 2497 per
1102 2436 1186 2479 cosa
1221 2427 1320 2479 certa
1346 2425 1577 2500 promettere‚

289 2541 347 2587 ma
376 2525 514 2586 tenerlo
546 2525 634 2604 pero
659 2542 833 2605 appresso
864 2522 902 2584 di
930 2522 990 2586 noi
1012 2522 1085 2585 fino
1117 2524 1187 2586 alla
1212 2523 1437 2587 conclusione
1469 2524 1514 2586 de
1537 2525 1576 2587 lo

290 2629 430 2712 effetto,
463 2638 499 2692 et
523 2630 626 2692 stimo
657 2632 723 2692 che
747 2631 797 2692 tal
822 2629 939 2710 gratia
970 2631 1036 2693 che
1060 2632 1106 2692 da
1131 2627 1205 2693 Sua
1229 2627 1370 2693 Santita
1403 2632 1453 2712 gli
1476 2629 1576 2695 fusse

290 2758 461 2801 concessa
494 2739 604 2799 molto
636 2738 745 2798 molto
779 2739 813 2799 lo
847 2736 1130 2817 incenderebbe,
1167 2747 1203 2800 et
1236 2736 1330 2800 saria
1362 2738 1506 2801 laudata
1538 2748 1577 2800 et

289 2847 491 2928 approbata
515 2846 561 2906 da
584 2844 664 2906 tutti
689 2863 760 2906 non
784 2863 852 2925 pur
874 2863 942 2925 per
965 2843 1167 2926 riportarne
1192 2863 1238 2906 un
1262 2847 1334 2907 tale
1350 2842 1483 2926 effett0,
1508 2845 1576 2908 che

292 2950 378 3015 dar‘a
403 2959 527 3013 eterno
552 2960 761 3014 ornamento
786 2950 855 3012 alle
880 2970 963 3013 cose
987 2950 1024 3012 di
1040 2950 1173 3015 Nostro
1188 2948 1342 3033 Signore
1367 2961 1402 3015 et
1426 2953 1502 3015 solo
1526 2971 1576 3034 po

290 3058 448 3121 elevarlo
479 3076 588 3140 sopra
610 3057 646 3119 la
670 3055 879 3120 condicione
911 3057 955 3119 de
980 3057 1030 3138 gli
1053 3056 1210 3119 huomini
1243 3068 1279 3120 et
1303 3058 1348 3121 de
1371 3058 1449 3123 suoi
1477 3071 1576 3122 ante·

290 3164 434 3245 cessori,
459 3172 495 3226 et
517 3161 609 3226 larlo
634 3175 738 3245 grato
764 3173 799 3227 et
824 3166 933 3227 charo
959 3185 979 3227 a
1000 3163 1081 3245 Dio,
1106 3151 1163 3227 ma
1187 3185 1252 3247 per
1274 3164 1393 3248 fugire
1417 3168 1577 3231 anchora

289 3270 315 3335 il
338 3271 507 3335 scandalo
541 3279 577 3334 et
599 3271 759 3352 pericolo
788 3274 847 3333 nel
872 3273 977 3352 quale
1007 3271 1289 3335 indubitamente
1321 3272 1576 3340 incorrerebbe

290 3399 361 3442 non
392 3379 469 3441 solo
500 3378 525 3441 il
549 3377 682 3459 Regno
713 3378 749 3440 di
774 3378 940 3457 Boemia‚
974 3399 1030 3441 ma
1055 3380 1173 3459 quello
1204 3378 1241 3440 di
1264 3379 1451 3461 Hungaria
1481 3393 1517 3445 et
1539 3384 1577 3446 la

292 3485 483 3549 Germania
514 3486 670 3547 anchora
700 3485 843 3566 quando
868 3505 976 3548 sanza
1001 3488 1091 3549 altra
1114 3486 1323 3549 risolutione
1357 3487 1381 3549 li
1404 3487 1577 3571 picardici

291 3591 321 3655 si
344 3592 580 3655 rimanessero
605 3601 640 3654 et
664 3612 941 3676 componessero
965 3593 999 3655 le
1023 3612 1106 3656 cose
1126 3594 1216 3673 loro,
1239 3594 1373 3675 perche
1397 3595 1417 3658 ὲ
1441 3596 1487 3659 da
1502 3617 1575 3660 cre·

292 3700 377 3761 dere
401 3700 466 3761 che
490 3698 628 3761 intanto
652 3699 749 3762 fusse
773 3719 838 3781 per
862 3720 1024 3763 erescere
1048 3700 1212 3763 laudacia
1235 3703 1323 3780 loro,
1348 3704 1415 3765 che
1439 3724 1460 3765 a
1484 3704 1575 3768 fatto

291 3806 616 3888 opprimerebbono
648 3806 728 3868 tutti
763 3807 788 3868 li
811 3807 921 3869 buoni
949 3806 1059 3870 iuncti
1096 3818 1130 3870 et
1153 3806 1339 3871 fomentati
1370 3810 1416 3871 da
1440 3810 1464 3873 li
1487 3809 1574 3874 Ger·

291 3911 384 3974 mani
410 3910 603 3974 Lutherani
637 3923 672 3974 et
704 3913 764 3993 pel
788 3911 967 3975 contrario
998 3913 1171 3996 repressi,
1207 3925 1243 3977 et
1275 3916 1417 3997 seguita
1449 3928 1575 3999 questa

291 4028 414 4082 sancta
437 4016 568 4080 unione
595 4020 611 4082 ἐ
638 4020 684 4081 da
708 4019 861 4098 stimme,
888 4022 954 4083 che
979 4022 1093 4084 ancho
1118 4020 1142 4084 li
1165 4022 1315 4086 heretici
1331 4024 1366 4085 di
1383 4021 1575 4090 Germania

292 4133 389 4187 tanto
414 4124 444 4187 si
468 4125 726 4207 avilirebbono‚
751 4128 817 4189 che
841 4127 1045 4191 facilrnente
1070 4130 1105 4191 la
1128 4140 1229 4211 peste
1254 4131 1331 4194 loro
1353 4130 1382 4192 si
1397 4135 1574 4214 potrebbe

291 4230 511 4314 extinguere.
558 4231 631 4296 Sua
646 4232 784 4296 Santit‘a
800 4253 866 4314 per
882 4236 917 4296 la
932 4234 1107 4317 sapientia
1124 4255 1187 4298 soa
1209 4236 1343 4299 vedera
1359 4236 1383 4300 li
1398 4239 1574 4302 commodi

292 4347 328 4400 et
352 4338 565 4402 incommodi
590 4340 727 4422 grandi,
753 4343 819 4403 che
844 4361 932 4404 sono
956 4342 992 4404 in
1018 4334 1151 4422 questa*
1166 4344 1325 4422 materia,
1352 4354 1388 4407 et
1412 4345 1573 4409 determi-

291 4445 377 4507 nar‘a
401 4446 521 4526 quello
548 4447 614 4508 che
637 4446 697 4528 pii
723 4447 756 4508 le
780 4447 909 4528 pareri
933 4447 1150 4528 expediente
1175 4460 1211 4512 et
1234 4450 1429 4515 salutifere.

379 4551 432 4616 La
465 4552 761 4615 determinatione
797 4555 956 4615 vorebbe
992 4574 1112 4618 essere
1147 4570 1287 4638 presta,
1323 4557 1454 4639 perche
1490 4558 1574 4640 quei

290 4657 447 4740 Principi
478 4667 647 4722 staranno
670 4680 736 4741 per
759 4667 851 4722 tutto
876 4671 1002 4741 questo
1028 4684 1124 4728 mese
1158 4664 1395 4729 inconvento
1419 4676 1455 4729 et
1477 4685 1573 4748 poco

289 4763 350 4846 piu
374 4776 410 4828 et
432 4764 546 4828 inanzi
571 4767 637 4828 che
660 4776 811 4847 partano
837 4767 883 4829 da
908 4768 943 4830 la
964 4779 1062 4832 corte
1087 4774 1239 4834 sarebbe
1259 4774 1379 4835 buono
1395 4771 1575 4855 stringere

290 4869 327 4933 in
351 4873 502 4953 qualche
526 4872 683 4936 maniera
707 4883 833 4956 questo
858 4876 964 4941 nodo.
