3559 5734
1389 554 1503 594 o—c'Q
1588 544 1687 600 119
1766 543 1882 598 (ἄνθ

352 693 570 756 libros
618 692 883 774 ubique
930 714 1062 775 per
1110 690 1404 755 Sacrum
1452 692 1860 755 Romanum
1908 693 2314 775 imperium,
2379 693 2585 756 sicuti
2638 696 2707 758 in
2758 716 2916 778 pro-

353 801 602 863 vinciis
666 801 925 863 nostris
984 799 1339 862 inferioris
1401 798 1865 879 Burgundiae
1929 800 2195 863 factum
2257 800 2541 881 fuisset,
2621 803 2917 866 cremari

354 908 786 971 faceremus:
850 918 920 969 et
983 927 1138 970 cum
1201 906 1386 969 inter
1429 908 1608 969 haec
1656 907 2076 988 magnificus
2126 907 2477 970 Henricus
2526 908 2779 972 Comes
2829 912 2918 972 de

355 1015 628 1079 Nassau
664 1014 1106 1078 consiliarius
1137 1025 1401 1093 noster,
1436 1013 1641 1076 nobis
1674 1015 1957 1078 nomine
1991 1026 2112 1077 tuo
2145 1015 2485 1097 retulerit,
2518 1016 2919 1079 dilectionis

353 1134 518 1186 tuae
586 1121 1016 1186 desiderium
1081 1142 1274 1200 esse,
1340 1141 1429 1183 ne
1477 1121 1546 1183 in
1596 1140 1674 1184 re
1726 1120 2051 1202 Lutheri,
2116 1121 2246 1184 nisi
2297 1141 2381 1184 eo
2431 1121 2626 1203 prius
2674 1123 2919 1184 audito

355 1231 647 1294 ulterius
693 1230 1087 1311 procedere
1139 1229 1472 1308 velimuS,
1525 1228 2015 1311 requisivimus
2066 1238 2155 1309 te,
2205 1240 2281 1291 ut
2329 1228 2630 1290 eundern
2665 1230 2918 1291 Luthe-

357 1360 507 1401 rum
558 1338 648 1400 ad
697 1347 1122 1400 conventum
1170 1336 1607 1417 imperialem
1656 1338 1793 1398 huc
1842 1336 2270 1398 adduceres:
2343 1337 2432 1398 Et
2481 1356 2611 1399 nos
2657 1336 2920 1398 ibidem

357 1448 548 1509 viros
598 1447 868 1524 doctos,
918 1456 990 1505 et
1037 1443 1397 1524 sapientes
1445 1443 1853 1524 deputaturi
1888 1463 2221 1522 essemuS,
2273 1443 2391 1524 qui
2423 1464 2579 1505 eum
2613 1443 2918 1505 audituri

359 1565 624 1616 essent:
689 1552 788 1614 Ut
835 1559 1089 1633 postea
1136 1551 1335 1612 iuxta
1383 1550 1814 1631 aequitatem
1862 1552 1999 1614 hoc
2049 1550 2414 1632 negotium
2463 1552 2714 1613 tollere
2763 1572 2918 1634 pos-

359 1662 610 1725 simus:
643 1660 753 1722 Ita
781 1668 1018 1721 tamen
1053 1659 1245 1740 quod
1282 1658 1556 1720 interim
1591 1657 1746 1739 ipse
1783 1658 2134 1721 Lutherus
2168 1657 2341 1720 nihil
2371 1666 2620 1720 contra
2650 1657 2917 1721 Sancti·

359 1779 577 1831 tatem
628 1765 990 1829 Pontificis
1039 1774 1159 1827 aut
1205 1764 1586 1845 scriberet,
1649 1773 1770 1826 aut
1821 1764 2194 1827 emitteret.
2280 1761 2425 1826 Sed
2477 1784 2687 1846 quum
2737 1786 2920 1827 nunc

358 1873 498 1936 fide
550 1874 770 1956 digno
820 1871 1223 1934 testimonio
1275 1871 1510 1935 edocti
1559 1891 1796 1934 sumus
1848 1873 2149 1934 eundem
2182 1870 2565 1933 Lutherum
2615 1872 2922 1936 maximo

360 1982 813 2044 anathemate
884 2000 926 2041 a
1001 1979 1453 2042 Beatitudine
1517 1978 1885 2041 Pontificis
1976 1979 2657 2042 excommunicatum
2745 2001 2922 2060 esse,

360 2087 854 2171 gravissimum
901 2085 1350 2148 interdictum
1402 2086 1793 2161 observari,
1840 2096 1910 2149 et
1960 2106 2117 2149 esse
2166 2087 2431 2149 debere
2480 2106 2923 2168 quocumque

360 2193 804 2279 pervenerit,
867 2202 988 2255 aut
1054 2193 1478 2274 ubicumque
1540 2192 1912 2274 manserit,
1976 2195 2091 2256 vel
2152 2213 2309 2255 cum
2369 2192 2924 2275 quibuscumque

363 2301 809 2365 tractaverit:
869 2309 1142 2362 mature
1193 2298 1818 2379 consideravimuS,
1882 2298 1940 2362 si
1989 2320 2171 2363 nunc
2224 2300 2573 2362 Lutherus
2622 2321 2779 2362 cum
2829 2302 2923 2362 di-

361 2410 669 2473 lectione
715 2419 838 2469 tua
885 2406 1226 2468 advenire
1276 2408 1604 2485 deberet,
1675 2408 1862 2488 quod
1912 2410 2046 2469 hoc
2097 2427 2237 2470 non
2289 2407 2714 2470 mediocrem
2764 2429 2923 2470 con·

361 2517 712 2580 fusionem
761 2514 1071 2593 afferret,
1136 2513 1503 2594 Nobisque
1551 2535 1632 2576 ac
1684 2534 1889 2577 sacro
1939 2534 2229 2577 romano
2281 2515 2575 2595 imperio
2626 2526 2697 2577 et
2741 2515 2926 2578 illius

362 2624 667 2687 statibus
719 2625 806 2684 ab
857 2622 1123 2685 exteris
1170 2621 1577 2684 nationibus
1625 2621 1908 2684 sinistre
1958 2624 2338 2685 admodum
2385 2623 2924 2703 interpretatum

359 2732 449 2794 iri
521 2751 766 2812 posse:
843 2739 913 2790 et
982 2740 1059 2791 ut
1128 2728 1528 2792 huiusmodi
1590 2728 2119 2791 inconvenienti
2186 2729 2425 2792 debite
2494 2738 2925 2809 occurratur,

359 2843 729 2901 hortamur
775 2836 1228 2899 dilectionem
1276 2845 1464 2898 tuam
1516 2836 1704 2898 omni
1752 2856 1894 2917 quo
1936 2856 2317 2918 possumus
2359 2836 2615 2917 studio,
2663 2849 2740 2898 ut
2772 2858 2901 2918 pre

358 2948 515 3009 fato
569 2945 880 3006 Luthero
930 2963 1294 3025 proponas
1343 2954 1414 3006 et
1462 2945 1799 3007 ostendas
1816 2994 1833 3025 ,
1894 2943 1951 3006 si
1999 2946 2227 3023 volet,
2288 2944 2520 3006 omnia
2570 2965 2687 3024 ea,
2745 2964 2925 3025 quae

362 3065 616 3116 contra
662 3051 1180 3114 Beatitudinem
1217 3050 1602 3131 PontificiS,
1648 3060 1719 3113 et
1752 3049 2088 3113 Sanctam
2123 3048 2382 3113 Sedem
2416 3050 2925 3132 Apostolicam,

363 3172 438 3225 et
485 3170 889 3223 sanctorum
937 3170 1217 3240 patrum
1266 3160 1591 3238 decreta,
1641 3168 1711 3219 et
1760 3158 2060 3221 concilia
2108 3158 2498 3240 scripserit,
2549 3169 2926 3240 antequam

365 3267 559 3330 illinc
621 3266 974 3345 discedat,
1043 3285 1420 3342 revocare,
1485 3276 1556 3327 et
1617 3286 1693 3328 se
1757 3265 2047 3346 insuper
2094 3275 2384 3327 sanctae
2435 3264 2622 3328 sedis
2668 3266 2926 3328 iudicio

366 3373 741 3451 subiicere,
791 3375 980 3454 quod
1033 3373 1290 3435 deinde
1340 3392 1498 3435 eum
1548 3382 1801 3452 tecum,
1851 3392 1991 3434 non
2040 3373 2174 3433 huc
2225 3374 2350 3433 sed
2393 3372 2927 3436 Francfordiam

364 3483 456 3543 ad
509 3481 829 3560 Menum,
890 3482 1002 3542 vel
1054 3479 1357 3561 aliquem
1407 3480 1621 3543 alium
1671 3482 1902 3542 locum
1949 3479 2288 3559 vicinum,
2340 3489 2411 3541 et
2458 3480 2932 3562 propinquum

364 3589 720 3667 adducas,
783 3599 853 3649 et
899 3586 1040 3649 illic
1093 3588 1528 3650 voluntatem
1578 3597 1891 3650 nostram
1941 3597 2294 3669 expectet.
2392 3587 2599 3667 Quod
2648 3587 2706 3649 si
2755 3588 2931 3650 haec

365 3695 521 3776 ipse
570 3694 921 3756 Lutherus
973 3693 1213 3757 facere
1278 3694 1748 3776 recusaverit,
1817 3703 1981 3756 tunc
2037 3694 2264 3775 ipsum
2316 3694 2506 3756 domi
2553 3695 2932 3777 relinquas.

367 3805 597 3863 donec
668 3801 877 3863 latius
940 3803 1029 3863 de
1095 3803 1229 3863 hac
1293 3821 1508 3864 causa
1569 3822 1726 3864 cum
1795 3799 2175 3863 dilectione
2225 3812 2346 3863 tua
2392 3804 2621 3864 verbo
2667 3803 2933 3885 aegeri-

369 3930 561 3988 mus,
624 3909 813 3988 quod
885 3907 1337 3970 dilectionem
1387 3917 1576 3970 tuam
1626 3911 1850 3971 latere
1901 3907 2277 3985 noluimus,
2346 3916 2421 3969 ut
2467 3908 2536 3969 in
2588 3928 2674 3970 eo
2724 3909 2934 3970 etiam

369 4016 807 4077 voluntatem
871 4025 1182 4077 nostram
1248 4015 1643 4096 exequeris.
1744 4017 2000 4076 Datum
2069 4014 2137 4075 in
2192 4013 2478 4077 civitate
2529 4024 2772 4078 nostra
2815 4014 2935 4077 im-

370 4122 625 4202 periali
673 4121 1137 4184 Wormatiae.
