3559 5734
707 511 765 564 oo
805 512 856 565 120
897 510 953 561 a«

190 681 314 721 versus
344 658 599 740 malignitatem
633 667 669 720 et
700 656 821 738 iniqua
845 656 993 719 consilia
1018 676 1188 718 novorum
1212 654 1471 716 haereticorum

189 768 300 829 velles
324 776 363 828 ut
385 774 534 848 propter
558 785 701 827 causam
724 764 825 843 fidei,
849 762 885 826 in
910 763 1009 826 cuius
1033 762 1237 826 sinceritate
1262 771 1368 843 atque
1399 761 1470 822 uni-

190 885 262 936 tate
299 874 396 936 salus
430 873 585 936 omnium
621 882 778 935 nostrum
815 870 993 951 consistit,
1030 870 1223 932 communis
1258 867 1364 932 etiam
1399 889 1471 949 pax

189 993 295 1062 atque
312 980 514 1061 concordia,
539 990 574 1042 te
592 1000 733 1061 quoque
749 988 894 1041 auctore
916 989 951 1040 et
972 977 1172 1056 defensore,
1192 976 1376 1039 incolumis
1392 996 1470 1037 con·

189 1098 367 1168 servetur,
401 1089 497 1169 quod
528 1097 624 1150 certe
658 1086 903 1168 dignissimum
938 1106 981 1147 ea
1012 1106 1082 1166 qua
1105 1074 1223 1166 fuliges
1248 1093 1283 1147 et
1306 1083 1412 1146 animi
1438 1093 1472 1145 et

189 1196 333 1276 generis
365 1196 551 1257 nobilitate
585 1196 724 1275 deoque
756 1193 1040 1276 acceptissimum
1072 1192 1226 1254 futurum
1258 1200 1330 1263 est;
1370 1190 1472 1253 nobis

189 1325 285 1384 vern,
311 1302 371 1384 qui
395 1312 477 1366 tuae
493 1302 669 1365 nobilitati
686 1323 731 1364 ex
747 1302 863 1364 animo
885 1320 1026 1382 semper
1040 1298 1209 1378 lavimus,
1234 1297 1471 1380 gratissimum

188 1411 279 1473 sicut
312 1420 429 1472 tecum
460 1410 564 1471 latius
598 1410 717 1472 dilecti
750 1408 812 1471 filii
845 1408 1005 1470 Marinus
1030 1406 1257 1469 Caracciolus
1290 1415 1326 1468 et
1350 1404 1472 1466 Hiero·

189 1539 316 1599 nymus
341 1517 678 1580 AleanderNotarii
702 1525 739 1580 et
762 1515 879 1579 nuncii
905 1516 1017 1578 nostri
1040 1524 1161 1578 nostro
1187 1512 1328 1576 nomine
1353 1522 1472 1594 agent,

188 1626 316 1706 quibus
340 1646 510 1689 summam
533 1624 640 1687 fidem
664 1624 841 1687 Nobilitas
865 1633 926 1685 tua
950 1621 1107 1685 habebit.
1144 1621 1225 1684 Dat.
1249 1620 1389 1682 Romae
1414 1619 1472 1681 die

190 1733 291 1795 XVI.
316 1731 437 1795 Martii
460 1731 634 1794 MDXXI
658 1732 765 1795 Anno
791 1740 930 1794 octavo.

803 2214 856 2278 53.

500 2339 679 2420 Desiderio
706 2340 854 2419 Emeum
882 2337 1158 2437 Roterodamd).

637 2477 779 2543 mutui.
790 2478 915 2537 deman.
928 2477 959 2536 Ia.
969 2477 1023 2547 40.)

594 2590 668 2639 «Cum
689 2590 783 2638 litteris
806 2603 844 2652 19.
867 2591 955 2639 Martii
979 2592 1062 2651 1521.)

278 2716 419 2779 Dilecte
452 2715 501 2778 fili
533 2718 684 2779 salutem
716 2724 783 2779 etc.
829 2715 965 2778 Gratae
990 2715 1092 2777 nobis
1117 2715 1306 2777 admodum
1330 2712 1473 2775 fuerunt

187 2826 329 2886 litterae
353 2834 451 2894 tuae;
479 2825 705 2885 declararunt
730 2822 832 2899 enim,
857 2822 893 2884 id
919 2824 963 2884 de
988 2843 1057 2904 quo
1082 2822 1294 2884 addubitare
1316 2820 1471 2901 aliquan-

188 2944 261 2994 tum
287 2950 505 3012 ceperamus,
531 2951 646 3011 neque
670 2939 806 2992 tantum
828 2951 874 2992 ex
899 2931 1118 3011 quorundam
1142 2929 1302 3010 quamvis
1321 2929 1472 3010 pruden-

188 3039 272 3101 tium
308 3047 344 3101 et
374 3040 567 3119 proborum
597 3037 817 3117 testimonio,
851 3047 1021 3118 quantum
1054 3058 1098 3099 ex
1128 3035 1271 3117 scriptis
1295 3035 1472 3098 nonnullis

189 3145 258 3207 tuis
288 3166 379 3225 quae
409 3145 721 3224 circumferuntur,
753 3155 788 3207 te
813 3144 1039 3207 nibilominus
1064 3143 1213 3225 egregia
1237 3153 1272 3205 et
1297 3143 1472 3205 constanti

189 3274 268 3315 esse
302 3273 381 3315 cum
411 3251 446 3314 in
479 3272 544 3314 nos
577 3262 807 3333 sanctamque
841 3254 933 3314 hanc
958 3251 1191 3332 apostolicam
1216 3248 1365 3329 Sedem,
1398 3259 1471 3310 tum

189 3380 276 3441 erga
308 3380 529 3422 communem
554 3379 679 3441 pacem
704 3358 1003 3439 concordiamque
1028 3368 1064 3420 et
1088 3358 1122 3420 in
1146 3357 1268 3438 primis
1292 3357 1471 3439 publicam

188 3467 416 3549 christianam
441 3476 477 3528 et
500 3486 575 3529 rem
600 3476 634 3528 et
658 3468 775 3548 legem
792 3467 992 3538 voluntate;
1018 3466 1114 3547 quod
1129 3464 1291 3548 profecto
1308 3466 1470 3546 preclare

189 3574 356 3637 convenit
381 3582 417 3636 et
439 3572 520 3636 huic
544 3572 689 3656 ingenio
714 3574 809 3655 quod
827 3572 896 3636 Dei
919 3570 1093 3635 beneficio
1118 3593 1289 3635 summum
1313 3572 1359 3633 ad
1384 3573 1470 3654 opti·

188 3703 263 3745 mas
287 3680 494 3763 disciplinas
517 3680 676 3760 attulisti,
702 3690 737 3742 et
761 3680 812 3743 eis
836 3679 961 3743 studiis
985 3679 1138 3761 pietatiS,
1163 3700 1254 3760 quae
1277 3699 1416 3761 semper
1433 3702 1471 3742 es

191 3789 384 3871 professus
433 3788 557 3869 Itaque
588 3808 654 3850 nos
663 3836 673 3869 ,
707 3808 856 3869 quorum
880 3808 989 3868 saepe
1014 3789 1060 3849 ob
1085 3787 1238 3849 animum
1262 3789 1473 3851 versabatur

191 3897 241 3957 tui
264 3916 467 3977 quanquam
491 3895 649 3957 absentis
674 3895 843 3957 memoria
867 3914 946 3957 cum
971 3895 1016 3957 de
1040 3893 1109 3956 tuis
1127 3893 1265 3956 eximiis
1281 3895 1471 3958 virtutibus

189 4004 307 4086 aliquo
332 4003 491 4084 praemio
514 4001 747 4065 honestandis
772 4001 1025 4083 cogitaremus,
1054 4001 1236 4082 paulisper
1260 4024 1305 4063 ex
1330 4023 1373 4065 ea
1398 4003 1470 4084 opi-

191 4113 294 4174 nione
319 4110 509 4192 deturbati,
534 4112 640 4172 valde
663 4109 847 4190 iucunde2)
872 4109 1064 4190 accipimus
1088 4109 1284 4172 restitutam
1309 4111 1343 4172 in
1369 4112 1471 4174 nobis

191 4239 269 4281 esse
294 4217 413 4281 officio
445 4229 480 4279 et
505 4217 690 4299 diligentia
717 4217 914 4279 litterarum
941 4228 1079 4278 tuarum
1106 4227 1257 4278 mentem
1287 4217 1471 4298 pristinam

191 4324 362 4406 diligendi
386 4325 447 4389 tui.
494 4324 615 4405 Atque
639 4323 788 4402 utinam,
821 4324 916 4405 quod
939 4325 1009 4386 iam
1034 4323 1137 4385 nobis
1161 4333 1300 4385 constat
1324 4337 1469 4387 certum-

191 4454 260 4514 que
292 4442 361 4512 est,
393 4433 437 4494 de
462 4430 579 4494 officio
609 4441 645 4493 et
668 4432 850 4494 voluntate
875 4442 936 4493 tua
966 4432 1001 4493 in
1025 4433 1117 4493 hanc
1142 4430 1309 4493 Sanctam
1340 4432 1469 4493 Sedem

191 4559 483 4620 communemque
507 4539 575 4601 Dei
607 4537 692 4602 fidei
721 4539 757 4600 id
789 4539 884 4620 apud
914 4549 1074 4601 caeteros
1099 4559 1220 4601 omnes
1245 4559 1470 4601 cerneremus

227 4769 246 4839 ¹)
265 4773 355 4821 Edidit
374 4774 513 4820 Laemmer
531 4771 577 4819 sed
596 4786 649 4820 non
668 4772 693 4819 in
714 4772 836 4819 omnibus
856 4781 935 4820 recte.

226 4859 247 4927 ²)
266 4863 415 4910 Lacmmer:
434 4863 589 4909 laetabunde
606 4865 759 4924 accepemus.

220 4968 299 5017 Balsa,
311 4969 454 5008 Documenta
463 4967 601 5007 Lutheraua.
