3559 5734
27 0 67 270 ···‘·······l

33 1017 45 1200 ...r-——ss-
31 661 41 1000 ——rw-2

1411 581 1904 652 4<8433ffi⁴

383 752 420 799 a
467 731 831 818 quibusvis
880 739 1650 820 excommunicationis»,
1699 740 2183 822 suspensionis
2233 750 2303 802 et
2349 736 2701 802 interdicti
2756 729 2932 803 aliis-

382 863 513 923 que
562 844 933 907 sententiis
982 845 1298 909 censuris
1347 855 1418 910 et
1463 846 1713 929 poenis
1764 867 1945 929 quae
1978 854 2362 929 propterea
2405 847 2936 929 quomodolibet

298 978 308 989 ·
380 950 792 1013 incurrisses
843 952 1273 1016 absolvimus
1322 962 1393 1017 et
1439 954 1757 1017 totaliter
1803 953 2200 1016 liberamus,
2298 953 2455 1016 Non
2490 953 2935 1017 obstantibus

379 1056 997 1122 constitutionibus
1046 1071 1117 1124 et
1165 1060 1727 1124 ordinationibus
1785 1060 2228 1141 apostolicis,
2294 1061 2736 1143 caeterisque
2800 1072 2933 1126 ete.

382 1164 537 1229 Dat.
589 1165 867 1228 Romae
917 1177 1049 1230 etc.
1099 1167 1214 1230 die
1262 1168 1411 1231 XII
1456 1166 1695 1231 Martii
1753 1188 1938 1246 1525.

1578 1737 1702 1802 197

870 1852 1146 1934 Cardin.
1206 1855 1287 1934 de
1342 1789 1821 1955 Lotharingia
1877 1852 2220 1934 Clementi
2274 1852 2431 1934 VH.

672 2000 808 2071 (Sub
845 2000 1124 2060 Clemente
1159 2000 1283 2059 vu
1317 2001 1580 2060 Litterae
1615 2001 1821 2060 divers.
1857 2002 2185 2075 principum.
2222 2001 2365 2059 1525.
2401 2000 2493 2060 fol.
2529 2001 2635 2070 46.)

1382 2115 1485 2174 (12.
1526 2114 1704 2162 Martii
1752 2110 1924 2179 1525.)

548 2242 779 2324 Quum
826 2244 1061 2308 multis
1094 2244 1379 2307 omnino
1419 2245 1821 2308 nominibus
1855 2247 2029 2309 haec
2064 2255 2386 2329 tempora
2422 2266 2551 2308 nos
2584 2244 2931 2329 affligant,

371 2350 792 2414 Beatissime
842 2353 1092 2431 Pater,
1149 2360 1296 2414 tum
1351 2372 1564 2414 unum
1623 2353 1758 2415 hoc
1819 2352 2259 2435 potissimum
2306 2374 2416 2415 me
2467 2353 2602 2415 urit
2649 2374 2731 2415 ac
2782 2374 2927 2416 cru-

371 2458 538 2536 ciat,
592 2459 782 2539 quod
829 2458 964 2520 hoc
1015 2458 1295 2521 demum
1342 2478 1512 2521 vere
1561 2460 1974 2522 calamitoso
2025 2462 2345 2538 saeculo,
2397 2481 2518 2522 eas
2565 2459 2931 2524 videamus

370 2584 453 2627 ex
464 2573 683 2644 ortaS,
713 2573 832 2626 aut
850 2564 1089 2628 verius
1114 2574 1418 2644 renatas,
1444 2567 1801 2648 haereses,
1830 2586 2008 2649 quae
2031 2587 2171 2629 non
2198 2566 2349 2629 sine
2376 2565 2930 2630 Christianarum

370 2673 761 2735 animarum
845 2671 1119 2751 ingenti
1207 2672 1606 2735 discrimine
1699 2680 1842 2735 tam
1932 2674 2189 2735 multos
2257 2672 2521 2754 ubique
2590 2672 2928 2738 inficiunt.

370 2777 598 2840 Unius
647 2777 971 2840 nimirum
1019 2778 1307 2841 Martini
1338 2778 1631 2842 Lutheri
1678 2800 1919 2861 opera,
1972 2778 2087 2861 qui
2135 2779 2244 2841 vir
2291 2779 2928 2863 pestilentissimuS,

369 2883 961 2966 pestilentissimis
1035 2885 1178 2946 suis
1244 2885 1599 2966 dogmatis
1619 2934 1634 2966 ,
1698 2906 1839 2948 non
1905 2885 2132 2968 ipsam
2202 2887 2412 2949 modo
2477 2886 2929 2951 Germaniam

368 2992 618 3054 imbuit
668 2990 864 3054 cuius
904 2992 1265 3054 meliorem
1313 3003 1590 3073 partem
1619 2992 1759 3055 iam
1792 2994 1972 3075 proh
2006 2994 2212 3056 dolor
2242 2993 2564 3056 videmus
2610 2993 2679 3056 in
2729 3015 2927 3077 prae-

369 3119 542 3182 ceps
594 3098 812 3178 abire,
863 3100 992 3161 sed
1041 3109 1113 3161 et
1160 3097 1426 3162 vicinas
1476 3120 1755 3182 quoque
1819 3099 2142 3162 nationes
2197 3099 2505 3181 pessimo
2566 3100 2742 3163 istoc
2791 3101 2925 3164 fer-

370 3214 608 3268 mento
658 3205 759 3269 sic
809 3205 1026 3268 viciat
1074 3205 1621 3287 corrumpitque,
1669 3214 1746 3268 ut
1794 3226 2019 3269 novos
2053 3206 2352 3269 subinde
2384 3227 2554 3270 suae
2600 3207 2929 3272 factionis

368 3312 749 3376 seditiosos
796 3312 1256 3395 perditosque
1305 3316 1592 3376 rabulas
1639 3321 2000 3394 procreet,
2070 3313 2188 3395 qui
2243 3313 2463 3394 ipsius
2523 3317 2929 3396 exemplum

370 3419 616 3501 secuti,
674 3420 767 3481 ad
839 3420 1066 3500 ipsam
1130 3419 1584 3482 christianam
1639 3420 2101 3502 Religionem
2163 3423 2720 3502 perturbandam
2786 3443 2927 3485 non

366 3535 707 3589 verentur
755 3528 1118 3589 accedere.
1214 3525 1422 3606 Quod
1474 3526 1776 3608 quidem,
1829 3547 2038 3608 quum
2084 3526 2346 3608 passim
2382 3548 2564 3589 nunc
2601 3549 2739 3590 non
2788 3549 2929 3592 uno

367 3633 434 3696 in
498 3635 657 3696 loco
720 3633 965 3696 videre
1015 3634 1135 3714 sit,
1195 3643 1341 3697 tum
1405 3641 1476 3695 et
1545 3633 1614 3695 in
1665 3642 1909 3695 nostra
1959 3653 2239 3715 quoque
2286 3633 2591 3696 Metensi
2643 3635 2929 3717 diocesi,

365 3740 557 3802 haud
630 3739 730 3803 ita
801 3738 1079 3821 pridem
1151 3737 1533 3821 contigisse
1599 3740 2097 3820 cognovimus3
2175 3740 2294 3801 ubi
2366 3760 2457 3802 ex
2537 3742 2663 3802 hac
2735 3740 2929 3804 facti·

368 3868 654 3910 osorum
701 3846 1217 3929 impiorumque
1272 3846 1632 3909 hominum
1681 3855 1879 3908 secta
1928 3848 2066 3908 duo
2118 3845 2527 3925 extiterunt,
2578 3848 2694 3929 qui
2745 3851 2928 3911 dam·

365 3954 733 4018 natissima
782 3974 908 4017 sua
957 3954 1301 4032 doctrina,
1352 3953 1673 4016 incautos
1719 3952 2092 4033 imperitae
2141 3935 2930 4018 multitudinis‘animos

366 4063 714 4124 seducere
764 4064 1227 4125 conabantur.
1324 4060 1405 4122 Id
1456 4060 1645 4142 quod
1688 4071 1835 4121 tum
1868 4079 2078 4141 quum
2112 4059 2350 4141 reipsa
2386 4062 2930 4144 haudquaquam

365 4171 672 4232 obscure
721 4167 1071 4248 facerent,
1140 4178 1468 4248 essetque
1516 4166 1823 4248 idipsum
1873 4168 1959 4228 ad
2014 4176 2295 4229 nostros
2345 4165 2727 4229 officiarios
2777 4191 2930 4251 per-

368 4277 623 4356 latum,
695 4278 927 4357 probe
990 4275 1297 4337 scientes
1347 4274 1446 4337 illi
1475 4322 1491 4353 ,
1560 4294 1771 4355 quam
1822 4273 2071 4336 merito
2140 4294 2269 4335 nos
2317 4273 2484 4335 odio
2534 4274 2930 4340 huiusmodi

365 4382 833 4464 pessimorum
882 4381 1240 4443 hominum
1291 4379 1891 4461 conspirationem
1961 4400 2513 4462 prosequamur,
2586 4381 2930 4465 simulque

366 4491 537 4572 quid
568 4488 776 4551 istinc
814 4489 1240 4550 abeuntibus
1279 4488 1484 4551 nobis
1514 4488 1585 4549 in
1631 4486 1985 4549 mandatis
2029 4494 2151 4548 tua
2200 4487 2515 4549 dedisset
2549 4488 2931 4569 SanctitaS,

365 4597 545 4660 duos
589 4596 747 4659 illos
781 4596 1185 4659 carceribus
1220 4594 1729 4676 mancipandos
1760 4603 2209 4673 curaverunt,
2259 4596 2559 4656 alterum
2594 4594 2929 4658 videlicet

365 4705 437 4767 in
468 4704 656 4766 Vico
692 4702 980 4784 oppid0,
1031 4705 1329 4764 alterum
1379 4722 1551 4765 vero
1602 4700 1672 4763 in
1708 4700 1952 4782 eaipsa
1996 4699 2300 4762 Metensi
2351 4700 2660 4764 civitate.
2734 4700 2930 4781 Quos

365 4812 487 4875 ubi
536 4809 660 4873 diu
709 4810 849 4872 iam
897 4819 1300 4872 asservatos
1349 4808 1912 4889 diligenterque,
1961 4827 2045 4869 ac
2094 4807 2284 4869 omni
2332 4817 2616 4870 servata
2665 4808 2929 4870 christi·

364 4938 547 4981 anae
600 4917 886 4998 pietatis
932 4937 1223 4978 mansue
1259 4916 1467 4978 udine
1517 4913 1757 4998 sepius
1806 4914 2427 4996 commonefactos‚
2477 4914 2931 4977 nihilosecius

419 5035 585 5084 Balsa,
611 5035 900 5072 Documenta
919 5034 1193 5072 Lutum-ana..
2542 5038 2611 5091 28
