3559 5734
1395 547 1891 602 <>-<ἓ3495ἱ’ἶ>-Ο

365 713 446 755 ac
494 692 951 755 nobilissimis
1000 692 1339 755 fratribus
1385 693 1556 774 tuis,
1619 692 1738 775 qui
1803 692 1930 755 tibi
1989 692 2059 755 in
2129 712 2214 754 ea
2283 712 2360 754 re
2427 712 2696 753 summa
2766 710 2921 752 curn

366 799 621 862 virtute
671 799 1057 880 affuerunt,
1129 821 1259 882 per
1329 800 1504 863 alias
1572 810 1853 863 nostras
1919 799 2192 862 litteras
2262 799 2335 861 in
2399 798 2627 861 forma
2682 796 2923 860 brevis

366 907 700 989 gratulati
748 927 986 969 sumus
1034 919 1105 969 et
1152 908 1222 970 in
1273 906 1680 988 praesentia
1729 908 1962 970 denuo
2012 907 2476 987 gratulamur3
2528 926 2609 967 ac
2658 925 2789 987 pro
2839 924 2926 966 ea

366 1033 502 1094 qua
549 1023 621 1076 te
671 1023 742 1076 et
789 1014 1190 1077 universam
1239 1013 1577 1076 familiam
1626 1024 1818 1076 tuam
1866 1013 2397 1096 prosequimur,
2460 1011 2804 1074 charitate
2855 1021 2924 1073 et

367 1119 766 1201 affectione,
801 1123 981 1183 hanc
1030 1130 1223 1184 tuam
1273 1122 1555 1183 laudern
1603 1128 1674 1183 et
1720 1120 2021 1201 gloriam
2071 1120 2435 1182 nobiscum
2485 1138 2924 1182 communem

368 1248 521 1290 esse
572 1228 912 1309 ducimuS,
960 1248 1256 1310 cumque
1306 1227 1466 1291 Tibi
1514 1248 1555 1289 a
1605 1228 1761 1290 Deo
1822 1226 2087 1309 optimo
2136 1238 2330 1291 recte
2389 1227 2735 1289 factorum
2784 1247 2921 1288 om—

368 1334 554 1397 nium
601 1344 1132 1397 remuneratore
1181 1333 1580 1415 largissimo
1629 1332 1916 1417 pietatis
1988 1354 2070 1397 ac
2132 1332 2300 1397 fidei
2362 1342 2525 1396 tuae
2587 1333 2658 1395 in
2720 1334 2919 1395 caelo

367 1442 751 1504 constituta
801 1441 942 1504 sint
1008 1442 1325 1523 praemia
1381 1440 1848 1524 sempiterna,
1915 1440 1985 1502 in
2051 1461 2181 1505 nos
2242 1461 2524 1523 quoque
2586 1461 2671 1503 ea
2738 1441 2927 1503 dona

366 1569 548 1631 quae
596 1551 688 1611 ab
749 1549 906 1630 ipso
969 1549 1127 1612 Deo
1193 1568 1323 1631 pro
1389 1547 1574 1610 illius
1636 1548 1978 1611 immensa
2044 1548 2420 1612 clementia
2477 1556 2548 1610 et
2608 1546 2927 1609 bonitate

367 1656 571 1719 nobis
619 1676 957 1719 concessa
1004 1666 1201 1737 sunt,
1252 1655 1647 1737 quibusque
1706 1674 1836 1716 nos
1899 1673 2115 1735 parce
2164 1655 2262 1717 uti
2312 1656 2619 1717 solemus
2668 1664 2739 1716 et
2785 1673 2923 1716 rno-

367 1764 634 1843 derate,
686 1773 918 1827 tecum
967 1765 1060 1826 ob
1107 1763 1357 1825 merita
1403 1775 1526 1825 tua
1572 1762 1937 1826 liberalius
1987 1760 2507 1825 communicare
2555 1760 2925 1823 voluimus,

369 1870 538 1933 Cum
586 1870 825 1952 itaque
881 1870 952 1932 in
1001 1869 1409 1952 praesentia
1465 1880 1720 1951 agatur
1782 1890 2007 1932 annus
2054 1868 2360 1948 Jubilaei
2420 1869 2510 1930 de
2565 1878 2790 1931 morte
2855 1876 2928 1930 et

366 1977 684 2040 instituto
731 1977 824 2040 fe.
872 1997 971 2041 re.
1024 1975 1096 2040 S.
1146 1977 1240 2039 R.
1291 1977 1368 2042 E.
1421 1975 1844 2039 Pontificum
1890 1977 2476 2058 predecessorum
2524 1985 2925 2037 nostrorum

369 2084 962 2168 vigesimoquinto
987 2083 1304 2164 quolibet
1327 2103 1513 2146 anno
1541 2083 1889 2145 celebrari
1915 2082 2181 2163 solitu5‚
2208 2083 2335 2146 tibi
2364 2103 2444 2145 ac
2474 2081 2681 2145 dictis
2701 2080 2928 2144 fratri-

365 2193 496 2253 bus
512 2189 650 2252 tuis
674 2200 979 2272 tuaeque
1002 2210 1084 2253 ac
1102 2190 1404 2269 illorum,
1424 2190 1541 2271 qui
1563 2192 1856 2272 habent,
1877 2190 2216 2252 uxoribus
2238 2198 2310 2250 et
2334 2190 2702 2270 utriusque
2716 2209 2930 2252 sexus

368 2297 552 2380 proli
614 2298 890 2379 tuisque
953 2318 1036 2360 ac
1100 2298 1378 2360 illorum
1445 2297 1632 2361 veris
1690 2297 2156 2360 familiaribus
2218 2296 2578 2375 omnibus,
2652 2314 2928 2357 necnon

370 2406 693 2468 omnibus
782 2415 852 2467 et
917 2404 1216 2486 singulis
1286 2404 1653 2485 utriusque
1720 2425 1932 2466 sexus
2010 2401 2601 2466 Christifidelibus
2685 2400 2932 2483 oppidi

369 2511 639 2574 Nancei
685 2512 756 2573 in
816 2532 956 2593 quo
1005 2521 1081 2573 tu
1129 2511 1584 2574 residentiam
1634 2514 1857 2574 habes
1928 2508 2179 2573 incolis
2251 2521 2321 2571 et
2390 2507 2931 2588 habitatoribuS,

370 2639 450 2681 ac
521 2629 896 2700 praeterea
958 2628 1260 2699 quatuor
1340 2618 1646 2680 millibus
1731 2618 1889 2681 allis
1958 2618 2026 2680 in
2095 2625 2320 2678 totum
2381 2615 2481 2678 tui
2545 2636 2626 2678 ac
2692 2614 2927 2678 dilecti

370 2726 491 2788 filii
540 2725 762 2788 nostri
811 2725 1105 2804 Joannis
1154 2725 1548 2788 Cardinalis
1598 2725 2110 2808 Lothoringiae
2160 2733 2743 2803 caeterorumque
2792 2721 2925 2784 fra-

371 2844 551 2895 trum
601 2842 880 2894 tuorum
930 2832 1222 2894 arbitrio
1273 2843 1342 2894 et
1388 2832 1651 2895 iudicio
1702 2832 2168 2895 communiter
2215 2832 2325 2894 vel
2377 2851 2508 2912 pro
2540 2839 2695 2892 rata
2726 2840 2931 2911 parte

371 2938 739 3021 eligendiS,
789 2940 908 3019 qui
956 2939 1263 3001 fideliter
1311 2944 1860 3021 constanterque
1909 2938 2120 3002 armis
2152 2938 2259 3000 usi
2287 2936 2706 3019 religionem
2756 2936 2928 2998 chri·

377 3047 676 3109 stianam
726 3048 846 3129 pio
896 3046 1130 3108 animo
1180 3045 1652 3126 defenderint,
1702 3056 1777 3106 ut
1828 3057 2159 3127 quattuor
2191 3044 2531 3107 ecclesias
2563 3064 2693 3125 per
2741 3054 2812 3107 te
2861 3053 2931 3106 et

374 3153 629 3215 fratres
710 3163 867 3215 tuos
934 3151 1362 3215 coniunctim
1418 3154 1533 3215 vel
1595 3151 1872 3214 divisim
1937 3172 2069 3234 pro
2131 3152 2508 3215 cuiuslibet
2562 3154 2931 3214 voluntate

375 3270 444 3322 et
495 3258 929 3322 conscientia
978 3260 1425 3342 deputandas
1473 3279 1603 3341 per
1652 3259 2053 3341 quindecim
2103 3259 2476 3321 continuos
2537 3260 2653 3321 vel
2721 3259 2930 3321 etiam

372 3367 863 3449 interpellatos
912 3366 1064 3429 dies
1113 3367 1371 3429 devote
1418 3366 1855 3449 praeviaque
1905 3365 2355 3429 confessione
2406 3375 2476 3427 et
2510 3364 2932 3428 contritione

376 3474 749 3555 visitandO,
798 3474 1200 3555 ibidemque
1249 3474 1521 3556 aliquas
1569 3473 1931 3536 orationes
1978 3474 2238 3537 devote
2278 3473 2604 3553 dicend0,
2654 3492 2933 3535 necnon

378 3580 642 3663 aliquid
692 3582 892 3644 iuxta
941 3581 1314 3643 cuiuslibet
1362 3580 1869 3643 conscientiam
1932 3589 2004 3643 et
2068 3580 2502 3644 confessoris
2568 3579 2935 3642 consilium

378 3688 446 3750 in
506 3688 645 3750 alia
705 3689 825 3770 pia
887 3707 1108 3770 opera
1170 3688 1537 3768 erogando
1606 3708 1687 3749 ac
1761 3687 1940 3751 alias
2006 3687 2205 3750 iuxta
2273 3688 2661 3751 litterarum
2722 3706 2935 3767 super

384 3794 712 3874 Jubilaeo
762 3817 804 3858 a
853 3796 1057 3858 nobis
1107 3793 1450 3857 editarum
1501 3805 1815 3858 tenorem
1858 3803 1961 3858 tot
2009 3804 2080 3858 et
2112 3796 2395 3858 easdem
2427 3815 2507 3856 ac
2541 3794 2702 3857 illas
2743 3813 2935 3876 pror·

382 3922 500 3965 sus
550 3902 812 3965 similes
862 3914 932 3964 et
979 3900 1338 3983 plenarias
1370 3901 1852 3981 indulgentias
1883 3922 1965 3963 ac
1998 3914 2451 3984 peccatorum
2480 3899 2934 3964 remissiones

382 4021 451 4071 et
521 4008 857 4072 Sanctum
906 4008 1307 4088 Jubilaeum
1366 4008 1824 4089 consequaris
1888 4021 1958 4071 et
2018 4016 2562 4092 consequantur,
2626 4028 2799 4089 quas
2866 4019 2937 4069 et

383 4117 571 4196 quod
621 4116 1156 4197 consequereris
1205 4136 1288 4177 ac
1337 4126 1943 4196 consequerentur
1990 4116 2048 4179 si
2095 4115 2426 4179 basilicas
2476 4124 2547 4178 et
2595 4113 2938 4177 ecclesias

382 4225 608 4285 almae
687 4222 883 4285 urbis
955 4233 1240 4285 nostrae
1302 4222 1581 4285 Rornae
1651 4223 1768 4285 vel
1832 4234 2038 4285 extra
2100 4244 2253 4286 earn
2315 4242 2447 4303 pro
2508 4219 2935 4301 indulgenti·

382 4350 576 4392 arum
625 4329 1025 4392 huiusmodi
1074 4328 1574 4392 consecutione
1622 4329 1692 4391 in
1743 4328 1997 4392 litteris
2045 4329 2306 4392 nostris
2356 4330 2733 4411 deputatas
2779 4327 2937 4390 visi·

382 4448 572 4499 tares
622 4456 704 4498 ac
753 4428 1123 4499 visitarent
1169 4444 1415 4499 tenore
1464 4436 1944 4517 praesentium
1980 4438 2068 4498 de
2103 4434 2606 4518 omnipotentis
2637 4434 2773 4497 Dei
2821 4433 2934 4496 mi-

387 4542 775 4606 sericordia
823 4544 1274 4606 concedimus
1324 4553 1394 4605 et
1441 4543 1922 4625 indulgemus,
1989 4564 2127 4607 non
2180 4542 2626 4605 obstantibus
2689 4540 2940 4603 litteris

382 4650 790 4733 praedictiS,
820 4650 1284 4731 ¹caeterisque
1334 4650 1708 4713 contrariis
1757 4651 2332 4732 quibuscumque.
2444 4650 2604 4712 Dat.
2658 4649 2937 4711 Romae

385 4758 498 4821 die
550 4757 842 4820 XXIIIa
887 4756 1053 4837 Julii
1101 4756 1501 4819 MDXXV.

1457 4935 1525 4945 oxa·
1533 4934 1648 4945 ›ww-r«-
1660 4936 1865 4947 mxu-mv
