3559 5734
708 543 955 601 *essee*

190 690 228 753 in
253 689 393 754 Christo
416 700 521 773 pater
544 702 580 753 et
603 691 755 771 domine,
780 692 922 755 domine
946 690 1049 755 nobis
1073 710 1214 773 semper
1235 685 1470 770 suspiciende.

192 796 298 878 Quod
322 797 432 879 digna
460 808 580 860 vestra
602 798 798 881 amplitudo
821 799 921 862 hisce
945 798 1164 880 temporibus
1187 797 1329 883 (quibus
1351 795 1471 859 nobile

192 905 364 968 Bohemie
380 904 550 987 Regnum
574 905 796 969 multitudine
821 916 857 969 et
878 905 1053 969 varietate
1077 903 1280 987 opinionum
1296 912 1472 967 sectarum

191 1012 482 1094 perditorumque
503 1012 683 1075 hominum
700 1014 978 1076 Pikharthorum
1002 1021 1109 1095 atque
1126 1011 1305 1075 erroribus
1322 1011 1470 1094 pseudo·

191 1118 493 1200 Lutheranorum,
526 1121 594 1181 huc
618 1128 725 1203 atque
755 1120 838 1184 illuc
863 1120 1069 1184 distrahitur
1101 1128 1136 1182 et
1159 1118 1320 1182 Ecclesia
1343 1116 1473 1182 Christi

192 1245 258 1289 ceu
282 1223 451 1307 procellis
475 1226 686 1308 quibusdam
710 1227 857 1308 agitata,
881 1243 974 1291 nune
1000 1247 1184 1309 emergere
1204 1227 1240 1290 in
1265 1239 1406 1309 portum
1424 1225 1472 1287 in·

192 1333 280 1414 cipit
313 1327 381 1396 Dei
413 1332 601 1414 beneficio)
635 1333 771 1397 litteras
805 1337 848 1397 ad
884 1356 949 1398 nos
973 1335 1175 1417 Pragenses
1208 1336 1293 1397 dare
1327 1333 1475 1416 dignata

192 1450 264 1519 est,
297 1459 364 1503 nos
396 1451 498 1523 grate
523 1441 725 1523 accepimus
757 1442 840 1524 quia
864 1442 1116 1524 gratulatorias
1149 1460 1171 1504 a
1200 1450 1299 1504 tanto
1331 1440 1473 1503 domino

192 1567 298 1629 quem
328 1550 500 1611 hactenus
524 1551 621 1612 nullo
646 1548 744 1611 licuit
768 1549 871 1612 nobis
895 1559 1017 1613 nostro
1043 1549 1217 1612 demereri
1241 1548 1370 1629 officio,
1395 1568 1473 1629 gra·

191 1654 285 1718 tioso
309 1656 453 1738 inquam
478 1655 595 1718 animo
618 1657 684 1719 has
708 1656 869 1737 legimus,
894 1657 1068 1738 siquidem
1093 1659 1221 1738 plenae
1238 1665 1312 1718 tum
1335 1655 1473 1737 gratiae

191 1771 265 1825 tum
298 1762 511 1826 christianae
545 1762 728 1826 doctrinae
762 1773 874 1827 erant.
922 1755 1169 1826 Gratissimum
1202 1782 1289 1825 vero
1320 1762 1473 1826 omnium

192 1869 270 1949 fuit,
295 1869 381 1933 Vre.
399 1868 482 1951 Dig.
499 1868 636 1933 Revd.:
662 1889 808 1951 operam
827 1890 967 1933 omnem
992 1878 1029 1932 et
1044 1870 1197 1933 studium
1215 1887 1330 1950 sunm,
1354 1877 1475 1951 preter

193 1997 293 2058 spem
319 1986 355 2039 et
377 1976 539 2039 meritum
564 1984 731 2056 nostrum,
757 1977 867 2040 nobie
884 1976 1014 2041 offerre
1038 1997 1080 2040 ac
1107 1976 1269 2058 polliceri
1293 1977 1474 2059 dignatam

194 2104 284 2146 esse.
331 2083 436 2146 Unde
467 2103 532 2165 pro
556 2082 756 2146 huiusmodi
789 2084 824 2147 in
850 2105 916 2146 nos
939 2085 1179 2166 propensione
1204 2083 1395 2147 christiana
1426 2082 1473 2146 in·

194 2200 323 2273 gentes
354 2190 492 2271 agimus
521 2201 557 2253 et
589 2192 771 2255 habemus.
808 2200 832 2254 t.
857 2212 889 2273 q.
923 2189 1075 2273 gratias;
1112 2211 1317 2272 persuasum
1351 2192 1474 2272 procul

194 2297 304 2361 dubio
334 2298 510 2361 habentes
542 2307 580 2360 ut
604 2296 633 2360 si
657 2297 800 2379 quando
830 2317 888 2360 res
912 2307 1035 2361 nostra
1058 2298 1163 2361 immo
1187 2297 1255 2362 Dei
1290 2297 1408 2379 potius
1432 2317 1475 2359 eo

194 2405 493 2487 progrederetur,
529 2405 623 2486 quod
662 2404 819 2486 presidio
859 2406 916 2467 vel
956 2404 1089 2467 auxilio
1120 2403 1339 2487 consilioque
1370 2405 1476 2485 ampl.

194 2511 243 2579 R.
258 2511 303 2573 V.
319 2509 560 2594 indigeremus
575 2510 734 2593 illudque
749 2510 1018 2592 imploraremus
1032 2511 1077 2575 V.
1094 2511 1164 2575 Re.
1179 2513 1224 2577 D.
1239 2511 1332 2575 votis
1348 2510 1477 2574 nostris

194 2627 397 2700 presentem
421 2626 458 2681 et
482 2617 716 2680 favorabilem
740 2616 953 2681 adfuturum.
1000 2617 1172 2683 Novimus
1205 2618 1295 2684 enim
1326 2618 1477 2701 grandia

196 2736 233 2789 et
256 2726 404 2808 egregia
428 2726 589 2789 facinora
619 2735 655 2789 et
679 2743 721 2787 ea
745 2726 932 2807 presertim
965 2741 1056 2807 quae
1080 2726 1323 2808 Relligionem
1349 2725 1478 2789 Christi

196 2853 393 2916 pacemque
428 2833 605 2916 publicam
649 2827 829 2914 attingunt
862 2853 933 2894 non
968 2832 1034 2895 nisi
1075 2853 1287 2897 summorum
1323 2832 1479 2896 virorum

195 2940 379 3022 utriusque
411 2949 523 3003 status
555 2950 628 3003 tam
660 2938 852 3021 spiritualis
886 2959 992 3020 quam
1027 2941 1198 3003 secularis
1231 2938 1410 3023 suffragiis
1443 2949 1480 3002 et

196 3045 342 3110 calculis
371 3047 520 3111 stabiliri
551 3046 753 3127 firmarique
777 3065 895 3127 posse.
941 3047 1055 3109 Porro
1080 3067 1126 3109 ex
1150 3045 1325 3128 principio
1349 3046 1480 3109 littera·

196 3173 273 3217 rum
303 3155 422 3236 Ampl.
448 3153 491 3218 V.
525 3153 764 3216 intelleximus
796 3153 900 3216 nobis
929 3153 967 3216 id
999 3174 1076 3217 cum
1107 3156 1153 3215 ab
1185 3153 1347 3220 omnibus
1377 3153 1480 3216 bonis

194 3270 269 3324 tum
310 3259 529 3343 potissimum
564 3280 605 3323 ac
638 3261 756 3342 Ampl.
787 3260 830 3324 D.
864 3260 907 3323 V.
942 3260 1038 3323 laudi
1072 3260 1149 3323 dari
1190 3262 1285 3342 quod
1316 3260 1413 3323 facta
1446 3259 1481 3322 in

197 3367 327 3450 impios
351 3376 387 3429 et
410 3366 571 3430 homines
595 3385 734 3430 veneno
760 3387 918 3430 errorum
943 3368 1211 3450 pikartheorum
1234 3366 1388 3430 infectos
1410 3387 1480 3430 mo·

196 3474 300 3538 cione
325 3491 388 3537 eos
411 3472 446 3535 in
471 3469 616 3536 civitate
640 3484 762 3537 nostra
779 3473 954 3556 Pragensi
979 3474 1259 3556 compescuimus
1283 3483 1391 3556 atque
1409 3473 1481 3536 vin·

197 3582 286 3645 culis
310 3582 345 3643 in
369 3580 449 3644 illos
478 3579 802 3644 animadvertimus.
850 3580 1127 3663 Respondemus
1158 3581 1325 3663 quicquid
1350 3581 1481 3644 factum

200 3697 265 3767 est,
289 3688 327 3750 id
352 3687 555 3750 universum
580 3686 721 3750 nomine
740 3687 806 3750 Dei
831 3687 953 3768 optimi
978 3686 1121 3750 maximi
1145 3688 1247 3751 simul
1271 3708 1337 3771 pro
1361 3688 1481 3751 vendi-

197 3796 315 3858 canda
346 3809 367 3856 a
400 3793 582 3876 pestiferis
606 3793 712 3856 sectis
741 3787 812 3855 fide
840 3794 1032 3873 catholica,
1062 3794 1164 3856 simul
1196 3795 1312 3877 gratia
1343 3815 1482 3859 conser-

197 3902 338 3964 vandae
362 3900 507 3962 unitatis
537 3909 573 3962 et
601 3899 785 3962 charitatis
809 3899 937 3962 civium
963 3909 1162 3964 nostrorum
1185 3919 1278 3983 quae
1301 3900 1370 3965 iam
1395 3902 1482 3964 alias

197 4007 364 4091 exposita
394 4005 480 4087 fuit,
516 4006 649 4069 factum
682 4023 772 4069 esse.
819 4006 859 4068 ln
892 4025 963 4089 quo
988 4025 1096 4089 opere
1129 4016 1165 4070 et
1188 4007 1354 4090 incoepto
1384 4008 1480 4071 auxi-

197 4115 307 4178 liante
338 4113 456 4196 gratia
480 4112 601 4175 divina
631 4113 676 4175 ad
701 4123 901 4195 postremas
932 4127 1044 4195 usque
1068 4112 1163 4176 vires
1195 4124 1230 4176 et
1254 4114 1399 4197 spiritus
1423 4135 1481 4178 no-

197 4231 290 4285 stros
322 4221 452 4284 durare
482 4233 591 4301 atque
622 4237 854 4301 perseverare
887 4220 1198 4302 (quemadmodum
1222 4221 1341 4303 Ampl.
1367 4217 1409 4285 V.
1434 4223 1481 4286 R.

196 4345 343 4392 monere
374 4341 439 4390 nes
471 4324 653 4411 dignatur)
682 4326 717 4388 in
751 4327 886 4389 animos
916 4321 1130 4391 induximus.
1176 4326 1374 4391 Credentes
1403 4330 1482 4393 Deo

197 4436 294 4517 quod
318 4453 409 4516 opus
430 4431 531 4514 illud,
555 4452 626 4516 quo
643 4434 782 4497 vineam
807 4454 906 4496 suam
930 4451 1086 4516 purgare
1111 4445 1147 4498 et
1167 4437 1331 4518 plantare
1347 4435 1482 4519 incipit,

197 4539 374 4605 adfinem
399 4550 435 4604 et
457 4537 612 4603 fructum
629 4539 830 4604 vindemiae
854 4541 963 4622 longe
987 4541 1183 4605 uberimum
1207 4543 1390 4624 perducet,
1415 4563 1480 4606 nec

197 4667 264 4712 nos
289 4657 543 4730 cooperatores
567 4667 667 4727 suos,
700 4643 834 4709 auxilio
858 4649 953 4728 quod
977 4647 1049 4712 suis
1073 4645 1251 4730 pollicitus
1275 4656 1346 4730 est,
1378 4650 1481 4713 desti-

197 4765 284 4819 tuet.
331 4753 425 4836 Quid
457 4753 551 4817 enim
575 4753 678 4816 nobis
709 4753 919 4816 mortalibus
948 4763 1010 4816 aut
1038 4755 1151 4817 maius
1184 4765 1244 4818 aut
1267 4756 1480 4836 praetiosius

196 4870 322 4945 posset
351 4877 374 4924 a
397 4859 476 4924 Deo
500 4877 594 4923 max.
619 4859 828 4943 contingere
859 4871 967 4943 atque
991 4862 1020 4924 si
1044 4862 1220 4924 unanimis
1244 4879 1369 4928 sensus
1398 4862 1485 4927 fidei
