3559 5734
817 513 1064 571 ῡ<3258ῑ>ΰ

301 661 445 727 dissima
469 662 498 722 si
522 662 631 742 degni
655 661 710 723 far
734 663 798 724 dar
823 662 949 725 ordine
977 673 1013 724 et
1036 662 1194 725 remedio
1217 664 1262 725 ad
1288 665 1415 727 alcuno
1438 663 1580 745 iniquis·

280 761 389 832 'simo
413 768 550 831 indulto
574 767 634 849 gia
659 779 712 830 tre
737 769 820 830 anni
845 789 1027 850 concesse,
1050 789 1108 831 ma
1123 771 1383 834 novellamente
1399 771 1581 853 publicato

301 884 424 939 contra
457 876 556 937 detto
587 875 766 957 Episcopo
800 884 835 937 et
866 878 901 937 la
932 874 1004 939 Sua
1037 874 1182 956 Chiesa,
1218 877 1254 940 in
1277 877 1381 941 favor
1405 879 1441 939 di
1464 878 1582 940 alcuni

301 982 377 1045 suoi
402 982 544 1061 sudditi,
568 982 592 1044 il
618 984 683 1044 che
708 1004 746 1045 se
770 984 927 1063 procede
952 982 1098 1046 insieme
1122 1004 1190 1046 con
1219 985 1298 1047 altri
1331 985 1433 1048 simili
1463 986 1580 1048 incon-

301 1090 459 1153 venienti
492 1090 537 1153 de
560 1093 671 1152 breve
696 1090 720 1151 li
745 1089 952 1171 Episcopati
978 1089 1013 1151 di
1037 1079 1229 1154 Germania
1253 1091 1283 1153 si
1311 1091 1581 1156 diminueranno

302 1207 400 1260 tanto
425 1198 492 1260 che
515 1218 587 1259 non
611 1197 641 1260 si
664 1197 768 1278 potri
792 1196 853 1277 piu
878 1195 1046 1259 resistere
1070 1197 1130 1259 alli
1154 1197 1251 1277 laici,
1285 1200 1351 1261 che
1382 1200 1413 1262 ci
1439 1202 1575 1262 vorreb·

300 1308 394 1368 beno
419 1304 590 1377 distrutti;
617 1313 741 1386 questo
765 1303 800 1365 io
825 1304 859 1365 lo
884 1302 1037 1383 predissi
1060 1304 1119 1385 gia
1144 1304 1195 1367 sei
1211 1305 1305 1385 anni,
1330 1308 1497 1368 mandato
1522 1307 1582 1367 dal

302 1413 401 1475 detto
425 1411 605 1494 Episcopo
630 1413 664 1473 al
688 1409 935 1486 Sanctissimo,
961 1420 995 1472 et
1011 1410 1040 1472 si
1056 1411 1103 1474 ha
1117 1412 1250 1474 veduto
1270 1423 1468 1494 purtroppo
1484 1433 1583 1475 esser

302 1540 405 1592 vero;
441 1520 581 1582 almeno
607 1518 635 1580 si
659 1519 820 1600 proveda
845 1539 866 1579 a
890 1518 1009 1599 quello
1035 1519 1100 1581 che
1133 1528 1228 1581 resta
1259 1522 1389 1600 perche
1420 1522 1454 1583 la
1486 1519 1581 1582 Sede

302 1626 513 1707 Apostolica
536 1624 661 1707 patera
685 1625 744 1704 pid
771 1626 835 1686 che
860 1623 884 1685 li
909 1624 999 1687 altri.
1046 1623 1092 1686 Di
1114 1636 1240 1706 questo
1257 1626 1317 1707 pili
1342 1629 1388 1689 ad
1412 1629 1521 1707 longo
1539 1648 1581 1688 ne

301 1735 358 1796 ho
373 1733 495 1796 scritto
520 1754 541 1795 a
565 1732 702 1795 Messer
726 1733 779 1811 Jo.
805 1733 976 1795 Matthe0.

390 1841 471 1903 Non
495 1841 629 1903 lassari)
654 1839 690 1901 di
714 1839 930 1922 significarle
955 1842 1093 1921 quello,
1124 1843 1189 1903 che
1213 1844 1326 1923 perhd
1353 1841 1515 1925 supplico
1541 1840 1582 1903 sii

303 1948 537 2011 secretissimo
562 1967 628 2026 per
651 1946 721 2009 mia
745 1968 862 2025 causa,
887 1948 953 2009 che
978 1947 1089 2029 hoggi
1113 1968 1179 2029 per
1193 1970 1280 2011 vero
1296 1970 1384 2012 sono
1401 1952 1460 2031 qui
1477 1950 1582 2010 lettre

303 2056 387 2118 delli
413 2056 471 2117 del
496 2055 629 2135 Campo
654 2053 690 2116 di
715 2053 840 2133 Cesar,
870 2074 969 2116 come
998 2054 1056 2135 gia
1085 2054 1136 2118 sei
1161 2077 1181 2118 o
1207 2067 1298 2118 sette
1322 2058 1357 2118 dl
1383 2059 1416 2119 el
1439 2056 1581 2117 fratello

304 2164 361 2225 del
385 2163 484 2225 detto
508 2162 688 2243 Episcopo
712 2162 823 2224 invitd
849 2172 903 2227 tre
928 2185 948 2223 o
974 2172 1116 2243 quattro
1149 2164 1251 2244 primi
1282 2166 1340 2226 del
1366 2164 1501 2244 Campo
1535 2164 1579 2223 ad

303 2290 446 2352 pransu,
462 2278 496 2331 et
514 2268 681 2330 dechiaro
698 2270 786 2350 lore,
803 2288 904 2330 come
922 2289 983 2331 era
998 2281 1053 2331 sta
1069 2273 1277 2351 aggabbato
1295 2274 1341 2333 da
1357 2271 1476 2352 quello
1491 2289 1579 2351 gran

304 2377 481 2458 Principe,
505 2396 570 2457 per
594 2396 702 2437 causa
726 2385 762 2438 et
785 2375 929 2437 instinto
955 2377 1013 2438 del
1030 2377 1113 2457 qual
1136 2377 1158 2438 l'
1176 2379 1290 2440 havea
1308 2398 1425 2441 mosso
1441 2396 1582 2457 guerra,

304 2495 340 2546 et
363 2484 443 2546 chel
467 2482 678 2545 desiderava
701 2481 825 2544 venire
849 2503 870 2543 a
895 2485 965 2544 bon
991 2491 1285 2566 appontamento,
1322 2495 1358 2547 et
1386 2484 1453 2546 dir:
1490 2484 1582 2562 Jube

303 2591 454 2654 Domine
478 2589 704 2668 benedicere,
729 2599 764 2651 et
788 2588 824 2650 di
848 2607 974 2669 questo
999 2592 1045 2652 ha
1067 2589 1189 2653 scritto
1214 2593 1248 2653 al
1263 2592 1405 2654 fratello
1430 2609 1581 2672 pregan-

304 2699 387 2761 dolo
412 2699 491 2760 chel
515 2696 638 2777 tenghi
662 2698 696 2758 la
719 2716 840 2765 mano;
874 2716 931 2758 ma
955 2697 1003 2758 lui
1027 2717 1093 2778 per
1117 2696 1230 2761 evitar
1254 2698 1338 2779 ogni
1369 2696 1582 2779 suspicione,

303 2827 374 2869 non
400 2827 437 2868 se
462 2826 506 2866 ne
530 2804 599 2866 vol’
618 2802 819 2885 impacciar.
867 2804 939 2865 Pur
970 2824 1075 2885 spero
1108 2815 1143 2866 et
1173 2826 1238 2867 son
1269 2805 1370 2887 quasi
1394 2816 1491 2869 certo
1516 2807 1583 2867 che

303 2915 325 2977 l'
342 2916 494 2976 accordo
519 2911 600 2974 sara
625 2911 723 2993 quasi
749 2911 859 2990 fatto,
884 2911 913 2972 si
937 2913 1003 2974 che
1027 2912 1145 2974 omnia
1168 2913 1424 2995 conquiescunt
1447 2912 1582 2985 Cesari;

304 3033 340 3084 et
364 3024 451 3102 perd
476 3021 627 3083 essendo
653 3022 685 3081 le
710 3039 792 3081 cose
810 3019 1001 3082 christiane
1026 3020 1061 3082 in
1085 3020 1110 3082 li
1133 3021 1272 3084 termini
1298 3024 1363 3084 che
1384 3021 1413 3082 si
1429 3040 1582 3101 vegono,

305 3140 340 3191 et
361 3124 388 3192 li
413 3126 569 3207 Principi
593 3126 762 3189 arrabiati
787 3127 844 3187 del
875 3126 1022 3209 proprio
1051 3149 1206 3210 sangue;
1236 3139 1335 3191 tanto
1367 3137 1403 3190 et
1432 3129 1581 3209 pruden-

303 3236 439 3299 tissimo
464 3237 482 3297 ὃ
507 3244 599 3297 stato
623 3234 646 3295 il
672 3232 855 3313 conseglio
880 3234 916 3295 di
941 3233 1014 3297 Sua
1039 3236 1102 3309 Sl&
1132 3245 1167 3297 et
1191 3236 1226 3297 di
1251 3236 1294 3299 V.
1320 3235 1356 3299 S.
1385 3236 1462 3297 R¹²¹²
1484 3256 1505 3295 a
1528 3234 1583 3296 far

304 3345 422 3425 quello
447 3345 566 3404 hanno
591 3341 691 3403 fatto
741 3339 871 3401 Dicant
905 3341 1075 3422 quidquid
1110 3343 1222 3404 velint
1257 3341 1337 3423 alii,
1373 3350 1409 3404 et
1444 3362 1585 3422 avenga

304 3453 422 3534 quello
447 3451 476 3512 si
500 3449 595 3528 volii,
621 3450 654 3511 la
678 3448 803 3529 region
831 3449 935 3510 volea
959 3452 1031 3511 cosl
1056 3467 1121 3530 per
1144 3449 1239 3512 mille
1263 3449 1481 3532 argumenti,
1505 3469 1582 3531 per-

305 3560 368 3622 che
402 3558 498 3620 solus
529 3555 641 3617 hostis
666 3554 798 3618 Caesar
829 3563 883 3616 est
916 3554 1019 3617 nobis
1050 3554 1284 3619 formidabilis
1316 3566 1352 3620 et
1381 3557 1584 3620 havendolo

305 3687 372 3729 con
397 3665 465 3743 noi,
492 3664 643 3726 essendo
660 3662 718 3742 lui,
735 3683 834 3725 come
854 3662 913 3742 pili
930 3664 1078 3744 grande,
1103 3661 1176 3725 cosi
1201 3664 1306 3726 etiam
1330 3664 1454 3726 melior
1478 3665 1584 3726 homo

306 3774 365 3835 del
389 3774 518 3834 mundo
543 3779 577 3833 et
601 3791 686 3832 vere
711 3770 886 3832 catholico
920 3772 1034 3851 (come
1059 3790 1198 3852 sempre
1223 3773 1269 3834 ho
1293 3772 1428 3851 scritto)
1462 3792 1532 3833 non
1564 3771 1585 3833 ὸ

306 3881 352 3941 da
377 3889 488 3941 temer
512 3878 577 3939 che
602 3875 650 3939 lui
675 3897 744 3939 non
770 3877 811 3939 sii
836 3897 901 3957 per
925 3897 1023 3939 esser
1047 3878 1180 3957 optimo
1197 3877 1333 3960 figliolo
1358 3880 1416 3941 del
1440 3878 1582 3941 sanctis-

305 3987 393 4048 simo
419 3994 454 4047 et
478 4005 548 4047 non
572 3987 683 4047 solum
709 4004 774 4065 per
798 4004 992 4046 conserver
1024 4005 1081 4046 ma
1114 3985 1220 4048 etiam
1252 4005 1318 4067 per
1350 3994 1585 4067 augumentar

306 4093 356 4177 gli
386 4092 469 4155 beni
501 4092 595 4154 della
626 4089 754 4153 Chiesa
794 4091 819 4151 il
853 4092 918 4152 che
952 4092 998 4152 ha
1029 4102 1198 4154 mostrato
1232 4092 1266 4153 in
1298 4093 1446 4155 materia
1476 4114 1497 4155 a
1529 4112 1583 4155 me

306 4220 520 4278 commessa,
554 4199 646 4259 dove
678 4218 747 4259 non
780 4218 820 4259 so
845 4199 911 4259 che
934 4197 1097 4279 principe
1121 4198 1217 4262 fusse
1242 4208 1334 4262 stato
1359 4200 1459 4262 saido
1484 4220 1584 4261 come

305 4310 353 4372 lui
382 4309 427 4370 ad
452 4305 541 4369 tanti
565 4305 701 4384 obietti,
726 4307 791 4366 che
816 4305 862 4366 da
886 4305 970 4387 ogni
995 4306 1113 4367 banda
1139 4327 1177 4368 se
1201 4306 1225 4367 li
1248 4305 1398 4369 faceano
1415 4307 1459 4368 de
1484 4326 1582 4369 occu-

305 4436 372 4497 par
396 4415 419 4477 il
444 4424 535 4476 tutto
560 4422 595 4475 et
620 4433 658 4474 se
683 4415 894 4474 altramente
924 4415 1076 4474 hauesse
1108 4412 1199 4475 fatto
1231 4434 1301 4476 non
1326 4425 1381 4475 sat
1404 4413 1477 4477 scio
1501 4433 1583 4494 quo-

306 4522 411 4586 modo
446 4520 628 4584 nobiscum
654 4530 822 4599 ageretur
845 4539 909 4599 per
934 4520 1041 4582 molte
1066 4522 1228 4583 causele
1254 4521 1349 4603 quali
1375 4521 1417 4585 V.
1446 4518 1483 4583 S.
1509 4520 1586 4582 R¹¹¹¹²

306 4640 391 4713 pote
421 4633 492 4692 ben
520 4647 662 4711 pensar.
716 4626 850 4706 Questo
883 4629 929 4689 ho
962 4647 1068 4707 preso
1101 4629 1320 4709 presumtion
1351 4629 1387 4690 di
1418 4627 1583 4706 scrivere,

307 4737 437 4818 perche
462 4737 509 4797 ho
534 4744 704 4814 receputo
728 4735 855 4795 lettere
880 4734 926 4794 da
955 4736 1105 4814 qualche
1137 4755 1225 4816 gran
1256 4737 1334 4798 loco
1368 4756 1439 4817 qua
1467 4733 1585 4797 vicino

308 4845 373 4909 che
397 4864 416 4903 a
441 4843 560 4905 Roma
585 4862 653 4905 non
679 4860 766 4904 sono
790 4843 860 4902 ben
886 4840 1045 4904 contenti
1062 4841 1097 4904 di
1113 4851 1238 4923 questa
1255 4851 1358 4905 santa
1378 4842 1586 4907 confedera-
