3559 5734
692 521 922 578 &ffb-0

168 671 261 733 diate
292 671 327 732 la
358 690 442 733 cesa
472 690 538 751 per
570 669 710 748 ordine,
742 669 776 732 ie
807 668 1060 732 incominciarb
1092 668 1194 750 quasi
1225 670 1271 733 da
1304 689 1394 754 capo
1427 691 1447 732 a

167 776 413 840 recentarvila.
461 776 524 839 Sin
549 778 584 839 al
607 786 728 858 tempo
753 776 806 839 ch’
822 776 855 837 ie
881 796 942 838 era
975 775 1011 837 in
1036 775 1185 857 Spagna
1209 777 1255 839 ad
1279 776 1451 841 instantia

167 884 200 946 di
225 882 299 946 Sua
323 884 470 946 Altezza
500 893 535 945 et
562 904 584 944 a
607 883 737 965 preghi
761 883 796 944 di
820 882 958 946 Messer
983 884 1095 945 Paule
1120 903 1187 945 cen
1211 884 1448 965 grandissima

166 990 351 1074 diligentia
375 990 408 1054 ie
437 990 602 1073 precurai
634 991 753 1071 quella
777 1011 798 1051 e
822 1010 984 1067 reserva,
1019 1010 1105 1052 ever
1130 989 1358 1071 expectativa
1382 993 1447 1054 che

166 1098 365 1171 intendete;
401 1110 438 1161 et
460 1107 552 1161 tutto
576 1099 658 1179 quel
683 1098 749 1159 che
774 1096 807 1159 io
833 1098 974 1160 deveva
997 1116 1169 1178 procurat
1192 1117 1257 1179 per
1282 1109 1388 1160 cente
1413 1109 1449 1161 et

166 1204 340 1269 beneficio
365 1206 434 1268 mie
457 1205 493 1268 io
518 1207 552 1267 le
576 1206 741 1287 procurai
757 1227 822 1289 per
837 1203 1012 1269 beneficio
1029 1202 1064 1265 di
1080 1204 1180 1266 detto
1196 1204 1446 1288 Armasterph:

165 1315 231 1375 che
254 1312 325 1375 mai
349 1313 445 1393 depo
469 1312 523 1373 ch'
538 1311 572 1373 ie
597 1332 661 1375 son
687 1313 827 1375 elevato
852 1313 886 1373 al
912 1312 1025 1391 grado
1051 1320 1086 1373 et
1111 1311 1260 1394 dignito,
1285 1314 1377 1375 deve
1401 1313 1448 1375 mi

165 1430 324 1500 attrevo,
364 1440 428 1481 son
461 1439 525 1481 ose
557 1419 743 1482 dimandar
774 1441 795 1481 a
819 1419 950 1481 Nostro
975 1416 1129 1499 Signore
1161 1418 1205 1480 ne
1234 1439 1299 1500 per
1324 1440 1378 1481 me
1403 1420 1448 1482 ne

166 1546 231 1608 per
260 1525 341 1587 altri
370 1546 440 1587 una
464 1545 549 1589 cosa
573 1526 608 1588 di
633 1536 732 1588 tanta
757 1524 1002 1607 importantia:
1039 1526 1172 1607 Voglie
1197 1526 1290 1605 dire,
1323 1528 1388 1588 che
1412 1526 1446 1589 in

166 1642 293 1714 questa
324 1634 457 1695 chausa
480 1634 527 1694 he
551 1643 723 1696 mostreto
747 1654 814 1696 con
839 1632 963 1696 effette
988 1635 1088 1695 voler
1111 1632 1171 1714 pie
1195 1653 1262 1714 per
1285 1633 1307 1696 l'
1325 1634 1448 1696 Arma-

164 1742 306 1821 sterph,
341 1741 406 1802 che
438 1760 503 1821 per
527 1761 581 1802 me
606 1751 730 1804 stesso,
777 1741 839 1804 Me
862 1741 916 1803 sia
939 1741 1134 1802 benedetto
1158 1749 1250 1802 tutte
1274 1742 1356 1822 quel
1381 1742 1447 1804 che

163 1849 210 1909 ho
242 1846 349 1909 fatte:
384 1847 418 1909 io
451 1867 514 1909 son
551 1850 659 1909 molto
691 1857 860 1910 contente
892 1847 927 1908 di
956 1848 1103 1909 haverlo
1127 1846 1224 1909 facte
1248 1868 1270 1908 a
1294 1859 1447 1911 centem·

162 1954 298 2034 plation
333 1955 377 2015 de
401 1975 446 2017 un
471 1964 571 2017 tanto
596 1954 779 2036 Principe,
813 1964 849 2016 et
873 1974 939 2035 per
962 1975 1062 2016 amer
1086 1955 1130 2016 de
1155 1974 1201 2016 un
1226 1954 1387 2017 sichero
1412 1966 1448 2018 et

163 2061 324 2141 singular
347 2061 461 2124 amice
484 2060 571 2141 mie,
605 2071 639 2123 et
664 2063 807 2143 quande
831 2061 864 2123 ie
889 2061 976 2123 iussi
1002 2081 1022 2122 a
1046 2059 1137 2123 farlo
1166 2062 1213 2122 da
1245 2082 1378 2145 neem,
1412 2063 1446 2126 ie

163 2167 254 2230 farei
287 2189 353 2230 cen
387 2171 422 2230 la
452 2169 632 2231 medesma
664 2179 855 2249 prentezza
886 2170 941 2230 cel
973 2169 1152 2230 medesme
1184 2170 1291 2231 ardor
1321 2189 1388 2232 cen
1413 2172 1447 2232 la

163 2275 345 2338 medesma
369 2275 561 2357 diligemus,
586 2275 640 2337 ch'
658 2274 691 2337 ie
719 2273 786 2337 feci
811 2277 857 2338 da
880 2274 1068 2356 principie.
1116 2275 1222 2338 Diedi
1246 2278 1281 2338 la
1305 2276 1388 2339 fede
1412 2287 1447 2339 et

163 2405 184 2445 a
202 2382 333 2445 Cesare
349 2393 386 2444 et
406 2404 428 2444 a
448 2383 470 2446 l'
484 2384 729 2464 Armasterph'
756 2384 822 2445 che
846 2394 941 2445 sotto
965 2403 1069 2444 neme
1087 2381 1156 2444 mie
1175 2383 1247 2464 egli
1263 2403 1328 2465 per
1344 2385 1447 2466 vigor

164 2489 199 2551 di
225 2491 324 2552 detta
348 2488 465 2570 gratia
488 2489 659 2571 pigliasse
683 2489 836 2553 benefici
860 2490 913 2553 sin
938 2511 960 2551 a
983 2499 1083 2551 certa
1108 2509 1261 2552 summa:
1294 2491 1447 2573 bisognb

163 2596 372 2659 constituire
393 2596 480 2659 certi
498 2598 680 2661 executori
697 2598 730 2660 in
749 2597 928 2679 partibus;
946 2597 1075 2659 iurene
1091 2576 1272 2659 constitnti
1290 2601 1446 2661 seconde

163 2704 230 2765 che
247 2703 268 2764 l’
282 2705 517 2784 Armasterph
533 2703 687 2767 ricercb:
713 2716 845 2786 quante
871 2703 922 2767 sui
946 2725 1090 2767 recerco
1116 2706 1162 2765 da
1179 2705 1238 2782 lui,
1262 2715 1361 2768 tante
1377 2708 1447 2769 ieci

164 2822 199 2871 et
229 2819 479 2891 prentamente
510 2820 546 2872 et
576 2813 685 2873 molto
717 2811 979 2875 liberalmente:
1014 2813 1096 2894 quel
1121 2812 1224 2873 ch’ie
1248 2813 1271 2874 li
1296 2814 1342 2875 he
1367 2834 1446 2895 pre-

162 2938 296 2996 messe‚
325 2928 417 2980 tutte
442 2918 465 2978 li
489 2918 536 2979 ho
561 2928 691 3000 attes0,
717 2929 752 2982 et
777 2930 975 2999 esservato,
1001 2929 1036 2981 et
1060 2915 1133 2980 cesi
1158 2938 1222 2980 sen
1246 2939 1312 3000 per
1336 2940 1446 2983 esser-

162 3026 264 3087 varlo
281 3045 326 3087 ne
341 3025 362 3086 l'
373 3025 531 3106 evenire,
546 3045 617 3088 nen
638 3046 738 3089 come
762 3048 800 3088 se
824 3026 859 3088 vi
883 3028 1037 3088 andasse
1057 3025 1078 3087 l'
1092 3024 1264 3088 interesse
1280 3027 1324 3089 de
1341 3028 1446 3090 bene-

162 3131 234 3193 ficii
258 3141 294 3194 et
318 3152 401 3194 cese
426 3132 498 3211 tali,
522 3153 579 3195 ma
603 3154 703 3197 come
728 3123 767 3195 se
791 3134 825 3195 vi
842 3135 994 3196 endasse
1011 3134 1046 3195 la
1061 3130 1145 3194 vita.
1181 3132 1261 3194 Non
1279 3132 1446 3214 crediate,

164 3238 267 3300 ch’ie
292 3239 344 3301 sia
366 3259 433 3320 per
456 3259 600 3301 mancer
624 3241 658 3302 di
683 3240 766 3302 fede
789 3261 811 3303 a
835 3241 965 3303 huomo
990 3240 1049 3303 del
1073 3240 1214 3320 monde,
1240 3260 1311 3303 nen
1335 3243 1401 3302 che
1425 3260 1447 3303 a

165 3344 306 3426 Cesare‚
330 3346 356 3407 il
380 3349 484 3427 quale
509 3366 574 3427 per
598 3349 631 3410 le
655 3367 718 3409 sue
735 3367 815 3409 rare
831 3356 867 3410 et
881 3346 1002 3409 divine
1019 3346 1110 3409 virtir
1130 3356 1165 3407 et
1180 3346 1305 3408 infiniti
1332 3347 1447 3409 meriti

167 3473 270 3516 verso
302 3474 359 3516 me
392 3453 427 3516 io
458 3464 563 3535 porte
589 3463 624 3516 et
654 3474 717 3516 son
742 3474 807 3535 per
830 3464 976 3535 portare
1001 3474 1140 3535 sempre
1164 3474 1273 3535 sopra
1296 3455 1331 3516 la
1354 3464 1446 3517 testa

165 3560 250 3633 mia;
286 3582 308 3624 o
331 3582 353 3623 a
376 3559 668 3641 l'Armestorph,
701 3560 737 3623 di
761 3562 795 3624 la
827 3561 936 3624 bentii
968 3571 1003 3623 et
1033 3560 1223 3642 prudentie
1247 3570 1284 3624 et
1306 3561 1445 3643 gravita

166 3667 222 3730 del
254 3670 359 3749 quale
390 3667 424 3730 io
455 3668 501 3729 he
533 3666 624 3730 fatto
655 3688 795 3750 sempre
827 3671 909 3751 quel
943 3667 1099 3749 giudicio
1130 3679 1166 3730 et
1190 3669 1309 3749 quella
1333 3668 1445 3748 stima,

166 3776 229 3838 che
254 3775 284 3837 si
309 3776 376 3837 dee
400 3774 455 3838 far
479 3775 524 3837 de
549 3796 594 3838 un
618 3776 748 3838 huemo
773 3776 973 3857 singulare;
999 3779 1091 3839 oltra
1107 3776 1173 3839 che
1189 3775 1223 3838 ie
1243 3776 1355 3838 l’amo
1372 3795 1444 3839 cer-

166 3882 485 3945 dialissimamente.
534 3882 634 3945 Vacb
665 3884 700 3945 la
732 3882 974 3965 prepositura;
1006 3883 1030 3945 il
1058 3881 1201 3946 fratello
1226 3882 1261 3945 di
1286 3883 1307 3945 l'
1323 3884 1444 3945 Arma·

166 3992 287 4071 sterph
312 3991 347 4051 la
370 3988 483 4071 piglib
508 3998 601 4052 sotto
627 4011 729 4053 neme
754 3990 835 4070 mio,
864 4010 922 4052 ma
945 4010 1011 4071 per
1035 3999 1141 4052 cente
1166 4010 1247 4062 suo;
1272 3990 1306 4053 ie
1330 4011 1374 4053 ne
1394 3991 1445 4053 fui
1524 4016 1533 4043 o

166 4098 271 4158 molto
287 4105 466 4177 contente,
492 4106 528 4159 et
543 4097 652 4159 hebbi
668 4099 875 4179 allegrezza‚
901 4099 1044 4179 quande
1060 4097 1164 4160 intesi
1181 4099 1247 4160 che
1264 4099 1297 4160 le
1312 4097 1444 4161 fatiche

166 4203 231 4266 mie
261 4204 568 4267 incominciavano
601 4205 724 4267 esserli
756 4204 793 4267 di
817 4206 969 4286 qualche
993 4205 1125 4266 fruct0:
1159 4215 1195 4267 et
1219 4225 1257 4268 se
1280 4204 1444 4286 maggior

167 4309 338 4373 beneficio
371 4312 564 4372 havessere
595 4331 702 4392 prese
732 4331 797 4392 per
830 4311 933 4394 vigor
966 4311 1002 4372 di
1027 4311 1124 4374 detta
1148 4330 1311 4391 reserva,
1344 4320 1443 4373 tante

167 4418 327 4501 maggior
351 4417 473 4498 piacer
496 4418 590 4480 saria
613 4429 706 4480 state
731 4417 756 4480 il
780 4418 860 4480 mie.
893 4418 954 4480 Ma
977 4438 1042 4499 per
1058 4417 1179 4480 venire
1196 4419 1230 4480 al
1246 4418 1442 4500 preposite,

167 4524 223 4586 s’e
246 4534 389 4587 trovato
414 4527 495 4605 quel
510 4524 645 4604 Jacobe
672 4525 765 4587 Abel
790 4526 855 4587 che
879 4524 981 4607 litiga
1005 4545 1111 4606 sopra
1135 4527 1169 4587 la
1193 4526 1291 4587 detta
1315 4545 1441 4606 prepe-

167 4630 272 4694 situra
288 4633 347 4694 dal
372 4641 491 4712 tempo
516 4631 552 4693 di
570 4631 670 4712 Papa
687 4631 779 4710 Julio
804 4631 838 4693 in
863 4652 945 4712 qua,
970 4652 1014 4694 ne
1038 4634 1072 4694 la
1096 4634 1178 4713 qual
1203 4652 1311 4694 causa
1335 4652 1373 4694 se
1397 4633 1443 4694 ha

167 4742 284 4802 valeto
315 4760 386 4802 nen
420 4740 615 4803 solamente
648 4740 692 4801 de
716 4740 750 4801 le
773 4737 931 4819 regioni,
965 4739 1031 4799 che
1056 4738 1126 4820 egli
1151 4739 1372 4819 pretendeva
1397 4740 1442 4801 da

168 4846 346 4928 principie,
372 4867 429 4907 ma
447 4845 551 4909 etiam
569 4847 613 4907 de
629 4847 745 4928 quelle
761 4847 806 4906 de
830 4844 851 4908 l'
864 4844 1071 4908 adversarie
1086 4856 1207 4925 morte,
1236 4866 1281 4908 ne
1297 4847 1329 4909 le
1346 4846 1441 4928 quali
