3559 5734
774 514 832 567 οὔ
870 514 924 567 374
963 511 1021 566 Ite-0

348 661 524 723 Vedendo
548 661 597 722 tal
621 663 740 723 buona
756 659 988 742 dispositione
1013 660 1048 722 di
1071 662 1169 722 detta
1186 660 1259 742 liga
1279 664 1326 724 ho
1343 661 1427 724 dato
1444 661 1542 743 qual·

259 771 325 830 che
349 767 525 849 principio
549 768 620 830 alla
634 767 798 848 praticha
821 769 886 830 che
903 768 937 830 io
953 767 1071 831 scrissi
1097 769 1154 830 del
1171 768 1302 831 Dottor
1316 767 1415 832 Seth.
1440 790 1544 832 corne

259 877 305 937 da
328 896 384 962 rue
409 886 444 937 et
467 895 532 957 per
555 874 764 956 interposite
788 894 941 956 persone
945 924 1054 939 .....
1101 876 1265 938 Viennae
1281 876 1423 939 XXIII.
1440 875 1544 957 Sept.

259 981 476 1046 MDXXIV.

349 1106 414 1170 Col
437 1106 599 1188 principe
623 1106 669 1167 ho
694 1105 921 1188 fatto'opera
944 1107 997 1169 ch'
1017 1106 1087 1188 egli
1112 1119 1148 1170 et
1172 1109 1207 1171 la
1222 1107 1443 1191 principessa
1459 1108 1542 1170 scri·

260 1234 417 1278 veranno
448 1214 668 1275 caldameute
695 1213 727 1274 al
751 1213 810 1276 Re
842 1234 905 1277 suo
931 1225 1083 1296 cognato
1116 1228 1151 1278 et
1183 1215 1324 1280 fratello
1356 1216 1391 1279 in
1416 1215 1544 1279 favore

260 1323 305 1384 de
329 1323 364 1384 la
387 1341 471 1383 cosa
496 1319 531 1381 di
555 1317 712 1382 Boemia.

349 1429 407 1491 Un
433 1427 589 1490 Misseno
621 1428 725 1489 homo
751 1427 851 1489 dotto
885 1439 921 1490 et
946 1429 1127 1492 celebrato
1158 1430 1194 1492 in
1219 1433 1337 1512 quelle
1361 1432 1454 1513 parti
1485 1453 1545 1494 ma

259 1540 445 1599 lutherano
471 1544 505 1596 et
529 1534 690 1614 rubaldo,
716 1532 920 1615 navigando
939 1555 1005 1616 per
1027 1535 1156 1599 flumen
1172 1537 1291 1601 Albim
1317 1559 1383 1601 con
1402 1541 1436 1601 la
1451 1559 1542 1601 com·

259 1643 393 1725 pagnia
417 1662 516 1704 come
540 1642 849 1703 mirculosamente
874 1642 903 1703 si
929 1642 946 1704 ὲ
971 1641 1140 1723 affogato.
1337 1643 1340 1650 ’

349 1751 379 1813 ΙΙ
402 1748 537 1813 Senato
563 1748 595 1810 d'
612 1749 776 1829 Augusta
800 1748 947 1812 intendo
977 1750 1042 1813 che
1066 1753 1113 1813 ha
1135 1751 1226 1813 fatto
1252 1752 1458 1833 decapitare
1482 1752 1543 1814 doi

260 1860 295 1923 di
329 1858 410 1942 quei
435 1856 599 1941 populari
632 1865 668 1919 et
692 1876 736 1918 ne
760 1856 856 1919 tiene
891 1856 1007 1919 alcuni
1040 1857 1121 1920 altri
1153 1858 1309 1940 prigioni
1343 1871 1378 1921 et
1410 1869 1545 1922 mostra

259 1968 381 2030 volere
412 1964 589 2045 castigare
613 1964 696 2044 quel
719 1966 896 2045 populazo
929 1966 1063 2027 anchor
1096 1967 1161 2027 che
1186 1986 1257 2028 non
1282 1966 1403 2029 cascia
1434 1966 1545 2047 quelli

260 2072 478 2157 predicatori
502 2071 689 2135 lutherani.

795 2279 1001 2289 mss-mmm

864 2492 938 2556 168.

510 2618 705 2721 Episcopus
732 2618 976 2698 lausanensis
1004 2616 1177 2697 Clementi
1204 2618 1283 2699 VII.

690 2764 787 2838 (Epht
806 2764 967 2837 Principum
985 2764 1020 2823 11.
1040 2764 1107 2835 ut.)

730 2890 782 2937 ¹29·
801 2876 965 2939 Septembris
987 2879 1072 2940 1524.)

351 3011 517 3076 Intellexi
533 3011 676 3073 dolosos
693 3011 863 3089 quosdam
879 3009 975 3072 viros
1000 3009 1151 3072 sinistris
1175 3010 1399 3074 suasionibus
1416 3022 1451 3074 et
1469 3034 1538 3076 ver·

262 3120 368 3184 suciis
392 3121 565 3182 sinceram
590 3118 633 3180 V.
659 3116 694 3180 S.
720 3136 806 3198 erga
830 3137 885 3179 me
920 3116 1103 3180 caritatem
1135 3122 1280 3180 turbare
1305 3129 1340 3181 et
1364 3118 1545 3181 divertere

263 3236 475 3309 temptasse;
505 3246 560 3287 me
585 3224 860 3307 apostolicorum
877 3225 1122 3287 mandatorum
1149 3234 1429 3308 contemptorem
1454 3225 1544 3289 false

263 3336 484 3398 invehentes
540 3333 585 3395 Et
617 3333 700 3395 lieet
733 3333 829 3394 nullo
862 3351 1017 3413 unquam
1042 3342 1147 3412 pacto
1172 3330 1277 3393 michi
1309 3333 1543 3414 persuadeem

262 3444 376 3525 ipsam
410 3439 446 3504 S.
471 3440 515 3505 V.
546 3459 612 3521 pro
645 3438 748 3502 solita
779 3437 854 3500 eius
887 3437 1064 3500 constanti
1097 3439 1286 3520 prudentia
1319 3450 1354 3501 et
1388 3440 1544 3522 equitate

263 3560 370 3631 atque
395 3569 474 3611 mea
491 3566 577 3628 erga
600 3566 676 3609 eam
693 3545 922 3626 integerrima
945 3543 1016 3606 fide
1041 3554 1076 3608 et
1100 3546 1330 3609 observantia
1354 3548 1459 3610 ullam
1484 3549 1543 3609 du-

263 3657 471 3720 bitationem
497 3656 541 3716 de
566 3674 621 3716 me
646 3653 895 3735 quoquomodo
921 3664 1182 3735 suscepturam
1208 3653 1314 3716 nichil
1339 3663 1458 3717 tamen
1475 3658 1544 3717 hoc

263 3763 469 3827 calamitoso
494 3772 655 3843 tempore
678 3759 859 3822 molestius
883 3759 1075 3841 graviusve
1101 3760 1205 3822 michi
1230 3760 1394 3824 accidere
1418 3761 1543 3843 potuit,

263 3891 367 3952 quarn
396 3868 668 3931 sussurrantium
700 3867 878 3930 hominum
910 3866 1109 3929 huiusmodi
1141 3868 1325 3930 detractio,
1380 3868 1543 3948 Quando·

263 3977 406 4060 quidem
432 3974 540 4038 nichil
563 3994 716 4056 unquam
741 3973 873 4036 dictum
899 3995 920 4035 a
943 3995 999 4037 mo
1023 3977 1082 4036 vel
1106 3974 1253 4054 factum,
1285 3995 1367 4057 ymo
1399 3975 1540 4057 quidem

263 4105 329 4148 nec
372 4082 566 4165 cogitatum
608 4081 675 4143 fuit
723 4082 818 4163 quod
866 4081 980 4143 Beanis
1027 4091 1169 4144 vestrae
1212 4092 1273 4143 aut
1312 4083 1542 4164 Apostolicae

263 4189 369 4255 Sedis
393 4190 616 4252 incommoda
641 4188 852 4270 respiceret;
878 4190 942 4251 sed
966 4188 1034 4270 ipsi
1058 4189 1223 4250 continue
1250 4190 1300 4269 (ut
1324 4191 1459 4268 teneor)
1485 4192 1543 4252 ob·

262 4299 361 4380 sequi
385 4296 587 4360 desideravi
612 4305 647 4359 et
670 4294 775 4377 cupio
800 4316 949 4377 semper.
998 4295 1044 4357 Et
1067 4297 1135 4357 hoc
1159 4295 1391 4376 integerrimo
1417 4295 1544 4358 ductus

263 4404 403 4483 affectu,
428 4425 497 4466 non
522 4403 636 4466 minus
651 4423 716 4485 pro
742 4402 1005 4466 ecclesiasticae
1028 4403 1206 4465 libertatis
1222 4401 1421 4465 defensioni
1436 4422 1542 4483 quarn

261 4533 329 4595 pro
354 4510 553 4594 apostolica
585 4509 794 4573 auctoritate
828 4511 1005 4572 servanda
1034 4530 1105 4572 non
1137 4510 1250 4572 solum
1281 4529 1369 4590 opes
1394 4509 1545 4590 exiguas

262 4639 359 4682 meas
383 4619 446 4681 sed
471 4628 507 4681 et
530 4637 718 4700 personam
743 4616 910 4679 continue
928 4637 1110 4699 exponere
1123 4637 1191 4678 non
1209 4616 1349 4698 negavi.
1398 4614 1546 4681 Constat

262 4739 450 4810 praeterea
474 4725 602 4807 quibus
626 4724 808 4786 laboribus
832 4743 949 4803 quove
978 4723 1095 4786 studio
1127 4722 1333 4805 pestiferam
1365 4724 1461 4786 illam
1496 4725 1545 4787 lu-

262 4832 459 4899 therianarn
490 4840 640 4912 sectam,
675 4851 753 4892 mea
780 4830 816 4893 in
841 4830 975 4893 diocesi
1000 4833 1097 4895 velut
1121 4832 1256 4895 hedera
1274 4831 1346 4915 jam
1370 4832 1543 4914 pullulan-
