3559 5734
686 561 933 619 obtule-³

172 710 280 773 veluti
295 731 315 773 e
332 711 479 791 specula
494 708 717 791 prospiciens
732 729 802 772 non
820 711 935 772 solum
949 707 1182 772 saecularium
1194 708 1312 788 legum
1326 725 1448 767 verum

171 816 275 881 etiam
302 826 337 879 et
360 816 408 881 R.
433 816 472 880 E.
498 815 783 898 christianaeque
806 816 890 880 fidei
915 814 1149 898 patrocinium
1175 834 1312 878 sumere
1341 821 1376 874 et
1402 813 1448 873 ab

171 924 429 987 haereticorum
454 923 591 986 iniuriis
606 923 790 986 vindicare
816 925 975 1005 deberet,
995 943 1064 986 non
1087 922 1217 985 oblitus
1242 941 1327 983 suae
1343 918 1448 981 maio·

171 1051 316 1113 rumque
340 1050 482 1094 suorum
507 1031 645 1112 gloriae
669 1051 761 1112 quae
776 1031 867 1094 inter
883 1050 1007 1093 omnes
1023 1030 1244 1093 orthodoxos
1267 1025 1449 1110 principes

171 1158 311 1220 semper
334 1137 487 1219 emicuit,
511 1158 646 1201 memor
669 1138 775 1201 etiarn
789 1137 1024 1201 Germanicae
1049 1136 1103 1199 cui
1128 1143 1272 1217 praeest
1295 1132 1450 1196 nationis

171 1267 261 1328 quae
293 1253 365 1309 tam
398 1244 504 1308 armis
537 1265 642 1327 quam
673 1245 849 1328 religione
881 1243 1033 1307 caeteris
1069 1262 1210 1324 semper
1248 1242 1449 1323 exemplum

172 1353 289 1416 extitit
320 1362 427 1434 atque
452 1351 676 1433 extirpandis
699 1371 889 1433 pravarum
914 1352 1100 1414 haeresum
1125 1349 1232 1413 sectis
1266 1347 1448 1431 proprium

171 1458 380 1542 sanguinem
418 1479 484 1541 pro
526 1457 597 1521 fide
630 1457 805 1522 catholica
838 1457 945 1521 toties
981 1456 1119 1530 effudit;
1156 1476 1247 1519 nunc
1281 1456 1317 1518 in
1349 1463 1450 1517 tanto

171 1566 386 1630 christianae
418 1566 469 1629 rei
503 1565 663 1649 periculo
695 1576 766 1629 tam
798 1565 909 1628 atroci
944 1564 1109 1643 facinori,
1144 1572 1286 1644 tamque
1318 1560 1449 1641 insigni

172 1674 297 1737 sceleri
321 1674 407 1736 totis
430 1672 565 1736 viribus
589 1673 762 1754 vigilique
786 1673 905 1735 studio
929 1691 1117 1734 occurrere
1141 1691 1182 1733 ac
1207 1669 1358 1733 sollicite
1381 1667 1449 1730 Dei
1484 1670 1492 1686 ‘

171 1778 346 1845 ecclesiae
370 1780 539 1862 Patrique
563 1780 750 1843 naviculae
774 1779 971 1843 subsidium
996 1789 1032 1842 et
1064 1798 1169 1861 opem
1192 1776 1450 1859 quamprimum

173 1887 485 1968 ferre-recensque
515 1888 629 1950 adhuc
658 1887 786 1949 vulnus
818 1905 980 1950 reserare
1012 1893 1118 1967 atque
1149 1885 1184 1947 in
1215 1884 1329 1968 ipsum
1362 1882 1450 1945 tanti

170 1993 314 2057 sceleris
338 2004 483 2057 auctore
508 1993 734 2076 criminisque
751 1994 868 2056 socios
884 2014 950 2076 pro
967 1992 1053 2056 facti
1077 1991 1266 2055 atrocitate
1292 1989 1448 2053 animad-

172 2111 327 2182 vertere,
352 2101 499 2182 eiusque
528 2101 748 2183 perniciosas
777 2100 1059 2164 machinationes
1090 2107 1126 2163 et
1155 2107 1355 2162 commenta
1384 2099 1450 2160 sub

172 2208 394 2292 gravissimis
409 2207 534 2292 paenis
551 2207 789 2271 exterminare
806 2228 850 2271 ne
866 2206 1028 2280 differat;
1053 2228 1097 2269 ne
1114 2205 1315 2269 huiusmodi
1338 2204 1451 2287 pestis

172 2316 351 2398 contagi0,
377 2314 434 2377 cui
456 2335 548 2377 nunc
564 2315 706 2378 obviam
730 2315 771 2378 iri
797 2314 903 2377 facile
918 2322 1046 2396 potest,
1072 2312 1269 2377 Caesareae
1286 2312 1450 2375 Maiesta-

171 2423 216 2485 tis
239 2422 275 2486 in
300 2422 400 2485 cuius
423 2425 499 2485 solo
527 2423 594 2484 hoc
618 2420 791 2502 flagitium
823 2429 1066 2505 perpetratum
1100 2430 1168 2502 est,
1202 2440 1311 2483 saeva
1343 2429 1450 2500 atque

172 2527 384 2611 inexpiabili
410 2527 630 2610 negligentia
655 2528 688 2591 in
712 2528 868 2592 maxima
890 2530 1060 2592 malorum
1083 2523 1303 2591 incrementa
1321 2535 1358 2590 et
1372 2525 1450 2589 sim·

173 2634 316 2716 plicium
350 2634 544 2697 animarum
575 2634 769 2716 perniciem
802 2636 991 2698 coalescat.
1049 2633 1168 2716 Quare
1202 2655 1267 2697 nos
1299 2633 1451 2696 scientes

172 2752 341 2823 quantum
375 2742 540 2805 momenti
574 2753 695 2805 vestra
724 2742 895 2804 autoritas
926 2754 961 2804 et
993 2743 1157 2805 voluntas
1184 2743 1228 2804 ad
1261 2742 1450 2804 iuvandam

172 2850 262 2911 hanc
288 2869 431 2911 causam
455 2849 584 2912 afferre
608 2861 741 2931 posset,
765 2851 961 2931 eademque
974 2849 1021 2913 R.
1036 2851 1078 2912 Ι).
1096 2859 1214 2912 vestra
1231 2860 1357 2911 natura
1373 2848 1451 2930 ipsa

173 2957 219 3018 ad
241 2955 348 3019 fidem
373 2965 409 3018 et
434 2956 643 3039 religionem
672 2955 863 3020 fovendam
893 2957 939 3020 sit
966 2976 1146 3039 propensa
1154 3004 1164 3038 ,
1196 2978 1272 3019 eam
1303 2976 1450 3019 summo·

174 3084 259 3145 pere
282 3083 451 3145 rogamus
474 3073 581 3145 atque
606 3063 711 3126 etiam
744 3084 809 3148 per
834 3063 900 3126 Dei
925 3063 1204 3127 misericordiam
1233 3066 1452 3126 obtestamur

175 3180 211 3232 ut
234 3170 312 3233 eius
336 3191 465 3235 causae
489 3172 616 3235 adesse
640 3170 794 3253 fideique
819 3181 963 3234 nostrae
987 3192 1079 3254 quae
1103 3172 1138 3234 in
1159 3181 1259 3234 tanto
1275 3170 1343 3232 iam
1361 3169 1451 3251 peri·

176 3280 254 3341 culo
280 3287 443 3340 versatur
465 3277 739 3360 fluctuantisque
763 3278 937 3342 ecclesiae
960 3278 1219 3360 patronicinum
1246 3297 1385 3340 sumere
1410 3297 1450 3338 ac

176 3396 273 3447 tanto
298 3385 391 3446 malo
426 3405 612 3447 occurrere
637 3384 733 3447 velit.
781 3384 991 3448 Nullatenus
1015 3384 1108 3447 enim
1133 3384 1263 3447 nostris
1286 3382 1450 3465 tempori·

175 3494 240 3554 bus
263 3490 472 3573 praesertim
497 3494 563 3554 sub
588 3491 688 3554 Caes.
713 3492 912 3555 Maiestatis
941 3492 1089 3573 imperio
1127 3491 1313 3555 ferendum
1337 3500 1392 3554 est
1415 3491 1451 3554 in

176 3599 352 3662 catholica
375 3598 443 3661 Dei
457 3599 617 3662 Ecclesia
641 3608 695 3662 tot
719 3598 828 3663 sacris
852 3599 1022 3679 conciliis,
1048 3610 1099 3662 tot
1124 3610 1263 3681 patrum
1287 3599 1451 3679 decretis,

176 3716 227 3768 tot
250 3705 496 3795 illustrissimis
526 3706 855 3787 probatissimorum
881 3707 1037 3770 virorum
1068 3706 1237 3789 ingeniis,
1270 3716 1322 3769 tot
1346 3706 1451 3769 etiam

176 3812 354 3876 miraculis
377 3813 446 3876 iam
471 3822 616 3896 recepta
644 3834 751 3877 unum
782 3815 978 3895 hominem,
1014 3836 1075 3877 seu
1108 3813 1227 3896 potius
1257 3813 1452 3895 iniquitatis

176 3923 352 3984 alumnum
376 3922 471 3982 nullo
496 3921 655 3998 consili0,
681 3923 777 3984 nulla
800 3941 946 4002 prorsus
963 3921 1111 4001 ratione,
1136 3922 1283 4004 propria
1303 3921 1452 3984 auctori·

176 4037 246 4090 tate
270 4028 339 4090 sibi
363 4037 498 4090 tantum
530 4038 654 4090 contra
683 4028 805 4091 divina
829 4038 1024 4111 praecepta
1052 4027 1289 4091 confidentem
1320 4028 1452 4110 passim

176 4145 211 4196 et
233 4134 377 4218 impune
401 4134 566 4215 insanire,
590 4144 696 4216 atque
721 4135 770 4197 ita
786 4135 941 4197 insanire
958 4145 996 4198 ut
1013 4155 1198 4217 synceram
1214 4145 1249 4197 et
1266 4135 1452 4199 candidam

176 4240 304 4304 Christi
326 4241 431 4304 fidem
454 4239 634 4304 Sathenae
655 4242 946 4324 suggestionibus
965 4243 1142 4305 maculare
1163 4252 1199 4304 et
1213 4241 1250 4305 S.
1271 4243 1452 4306 Ecclesiae

176 4345 401 4412 concordiam
434 4340 599 4430 malignis
631 4348 985 4430 interpretationibus
1014 4351 1227 4412 conturbare
1263 4370 1369 4413 ausus
1397 4349 1451 4412 sit.

176 4453 277 4534 Quod
303 4475 383 4518 cum
406 4456 451 4517 ad
476 4455 544 4517 Dei
569 4454 692 4537 optimi
716 4455 862 4518 maximi
885 4456 1023 4518 cultum‘
1035 4454 1262 4537 eiusdemque
1278 4455 1315 4520 S.
1333 4456 1451 4519 Eccle-

176 4561 247 4625 siae
271 4561 442 4624 unitatem
468 4578 502 4624 et
519 4562 680 4641 tutelam,
705 4563 750 4624 ad
765 4561 849 4624 fidei
873 4571 1017 4626 nostrae
1033 4562 1316 4645 christianaeque
1334 4564 1451 4644 religi·

176 4668 251 4731 onis
275 4668 584 4731 conservationem
609 4669 655 4730 ad
673 4668 870 4732 Caesareae
887 4668 1086 4732 Maiestatis
1104 4678 1139 4732 et
1154 4668 1308 4732 omnium
1333 4673 1450 4733 catho-

175 4775 322 4838 licorum
354 4774 553 4857 principum
584 4775 661 4838 iura
699 4783 735 4838 et
767 4775 1025 4839 sollicitudines
1059 4785 1216 4857 spectet,
1256 4777 1452 4840 certissima

177 4903 239 4965 spe
262 4881 473 4946 confidimus
496 4885 599 4964 (quae
623 4891 743 4946 vestra
773 4894 827 4947 est
856 4884 954 4967 apud
983 4883 1194 4946 Caesaream
1226 4883 1449 4947 Maiestatem
