3559 5734
705 555 952 620 ο<3229ῖ1>4

190 712 307 775 omnia
329 708 474 773 luerunt
497 712 688 773 observata
711 720 747 773 et
769 711 805 773 in
830 712 899 773 hoc
924 709 1041 773 edicto
1065 710 1245 789 adnotata,
1271 728 1317 770 ex
1341 701 1469 789 quibus

190 826 328 880 constat
352 815 498 880 Sacram
523 815 712 880 Cesaream
735 819 961 883 Maiestatem
996 818 1082 882 nihil
1107 816 1266 879 omisisse
1297 817 1393 897 quod
1423 816 1469 878 ad

190 924 414 1006 pacatissime
451 923 675 986 tractandum
706 927 797 988 hanc
833 947 976 989 causam
1009 922 1141 1006 requiri
1171 931 1309 1005 posset,
1343 930 1382 983 ut
1410 923 1469 984 vel

189 1030 299 1113 ipsius
324 1041 360 1093 et
384 1030 537 1093 omnium
561 1030 692 1094 iudicio
729 1033 835 1096 etiam
870 1033 974 1096 nimis
1004 1034 1195 1095 clementer
1218 1039 1336 1094 actum
1358 1028 1469 1092 fuisse

191 1158 292 1200 nemo
316 1157 386 1200 non
413 1137 518 1201 dicat.
565 1138 605 1200 In
629 1140 742 1203 altera
766 1162 853 1205 vero
882 1140 990 1203 edicti
1020 1148 1123 1222 parte
1154 1138 1189 1200 in
1221 1157 1291 1218 qua
1322 1137 1366 1198 de
1398 1156 1468 1199 mo·

190 1245 375 1307 deratione
399 1243 650 1327 impressorum
675 1257 711 1308 et
734 1246 976 1328 prohibitione
1005 1248 1177 1309 malorum
1208 1244 1377 1306 librorum
1401 1251 1468 1304 tra-

190 1362 321 1432 ctatur,
347 1352 412 1414 etsi
437 1351 482 1414 sit
506 1351 542 1414 id
566 1352 720 1416 maxime
744 1355 887 1416 salubre
912 1366 947 1416 et
970 1356 1106 1434 absque
1137 1353 1210 1414 ulla
1241 1349 1470 1413 contentione

190 1459 337 1522 concedi
362 1460 510 1539 debeat,
543 1469 662 1523 tamen
691 1469 728 1523 ut
759 1460 836 1523 illma
865 1461 909 1522 D.
935 1458 979 1523 V.
1007 1460 1121 1542 possit
1154 1458 1344 1521 ostendere
1375 1454 1469 1519 Suae

190 1565 369 1629 Maiestati
393 1586 464 1628 non
489 1565 598 1629 luisse
621 1578 754 1631 temere
779 1567 814 1629 in
845 1569 914 1630 hoc
947 1567 1081 1647 aliquid
1111 1574 1337 1644 attentatum,
1369 1563 1469 1627 mitto

190 1674 371 1736 decretum
397 1684 479 1754 post
495 1674 601 1736 toties
626 1672 755 1736 factam
771 1674 859 1737 alias
876 1673 1141 1753 discussionem,
1165 1672 1473 1751 consultationem.

191 1778 488 1842 examinationem
526 1790 597 1843 tam
635 1780 671 1842 in
707 1780 862 1844 Consilio
903 1779 1138 1843 Germanicae
1176 1778 1329 1841 nationis
1366 1797 1470 1860 quam

189 1886 349 1964 aliorum,
375 1907 479 1949 manu
503 1886 590 1949 Rmi
613 1887 684 1950 Dni
709 1887 879 1969 Episcopi
904 1885 1105 1969 Tergestini
1131 1886 1347 1967 descriptum
1364 1894 1471 1967 prout

192 1992 304 2056 visum
328 1992 395 2055 fuit
420 1992 568 2056 consilio
593 2014 672 2057 esse
698 1994 972 2076 expediendum.
1020 1993 1101 2056 Illma
1123 1994 1168 2055 D.
1183 1992 1228 2055 V.
1254 1993 1373 2055 omnia
1397 1992 1485 2054 dili--

191 2111 320 2180 genter
343 2100 499 2181 pensitet
524 2109 560 2163 et
583 2101 629 2163 ad
654 2100 843 2164 Caesarem
877 2110 914 2163 et
944 2099 1128 2163 consilium
1152 2098 1304 2180 referat,
1334 2100 1368 2161 in
1400 2119 1470 2180 quo

191 2206 279 2269 nihil
303 2207 458 2289 petimus
481 2206 548 2269 nisi
572 2207 669 2289 quod
692 2207 746 2270 ius
771 2216 806 2270 et
830 2207 990 2288 aequitas
1015 2207 1182 2288 postulat.
1229 2206 1328 2269 Bene
1351 2207 1472 2269 valeat

191 2314 240 2376 ill.
278 2314 318 2376 Ι).
344 2315 389 2377 V.
415 2325 450 2376 et
474 2335 617 2378 causam
640 2314 722 2378 fidei
753 2326 788 2377 et
816 2318 991 2378 bonorum
1023 2334 1156 2377 morum
1188 2314 1471 2376 commendatam

190 2423 332 2483 habeat.

806 2865 846 2928 91

273 2980 447 3060 Hauricus
474 2980 572 3061 VIII.
601 3002 664 3060 rex
692 2918 859 3084 Angliae·
876 2981 1146 3084 bohiepiscopo
1175 2982 1393 3085 Moguntiuo.

637 3128 720 3194 (Acta
738 3127 874 3187 Wormat.
892 3126 937 3186 lul
956 3128 1023 3200 tw.)

713 3246 768 3313 (20.
789 3248 843 3295 Mai
866 3245 953 3315 1521.)

284 3386 458 3450 Henricus
473 3387 541 3449 Dei
565 3387 682 3468 gratia
706 3389 791 3450 Rex
817 3390 972 3470 Angliae
998 3401 1033 3451 et
1048 3388 1221 3452 Franciae
1241 3410 1282 3451 ac
1298 3390 1472 3453 Dominus

196 3494 392 3557 Hiberniae
423 3494 739 3557 Reverendissimo
780 3494 815 3557 in
855 3495 995 3558 Christo
1031 3496 1130 3558 Patri
1166 3507 1202 3558 et
1234 3497 1473 3561 illustrissimo

194 3601 348 3663 Domino
373 3602 525 3663 Alberto
549 3600 641 3662 tituli
664 3601 778 3664 sancti
802 3601 1029 3684 Chrysogoni
1050 3604 1268 3686 Presbytero
1293 3603 1472 3667 Cardinali

194 3707 406 3789 Moguntino
431 3718 465 3770 et
491 3707 796 3789 Magdeburgensi
826 3708 1110 3791 Archiepiscopo
1136 3720 1171 3772 et
1194 3707 1294 3773 Sacri
1318 3711 1473 3774 Romani

197 3814 340 3894 Imperii
362 3835 428 3896 per
452 3813 679 3877 Germaniam
703 3815 1031 3879 Archicancellario
1063 3825 1098 3879 et
1129 3816 1286 3899 Principi
1317 3817 1473 3882 Electori

197 3921 311 3984 amico
343 3931 464 3984 nostro
499 3920 680 3984 carissimo
712 3923 871 3987 salutem.
925 3924 958 3986 A
991 3923 1147 3986 Luthero
1181 3923 1284 3985 isthic
1316 3925 1470 3988 excitum

197 4027 397 4090 incendium
429 4026 685 4109 diabolicisque
716 4026 896 4090 suffultum
932 4029 1022 4092 dolis
1057 4038 1128 4092 tam
1164 4030 1221 4091 diu
1258 4050 1324 4094 nec
1358 4033 1473 4096 adhuc

197 4134 392 4197 extinctum
423 4133 515 4197 inter
544 4154 610 4196 vos
642 4135 858 4197 debacchari
888 4144 962 4199 tum
995 4145 1116 4199 nostra
1145 4146 1218 4199 tum
1252 4137 1473 4203 Christianae

196 4242 415 4321 reipublicae
440 4261 546 4304 causa
569 4244 678 4322 longe
712 4243 857 4323 gravius
880 4242 1079 4307 indolemus
1110 4265 1212 4325 quam
1239 4246 1319 4308 ullis
1343 4246 1474 4310 licteris

197 4350 449 4429 comprehendi
481 4350 539 4411 vel
562 4350 716 4411 humana
744 4349 867 4430 lingua
889 4352 1005 4432 possit
1034 4352 1219 4432 explicari:
1253 4355 1350 4415 nulla
1381 4355 1473 4418 enim

196 4456 376 4518 hominum
400 4475 464 4517 seu
487 4454 665 4518 annalium
689 4454 859 4517 memoria
889 4465 973 4519 ante
1005 4459 1094 4521 haec
1122 4469 1283 4540 tempora
1306 4461 1475 4524 recolitur

198 4561 474 4625 strenuissimam
496 4561 599 4624 istam
624 4561 775 4644 patriam
800 4582 890 4643 quae
907 4563 1048 4627 afflictis
1066 4565 1342 4629 Christianorum
1367 4571 1473 4631 rebus

197 4667 430 4732 firmissimum
453 4668 735 4749 tutissimumque
759 4670 976 4750 praesidium
1001 4693 1080 4735 esse
1104 4674 1289 4736 consuevit
1312 4685 1373 4736 aut
1393 4678 1473 4738 hae-

199 4796 317 4839 reseos
341 4774 566 4839 seminarium
589 4776 699 4837 ullum
724 4774 917 4856 admisisse,
943 4786 1003 4840 aut
1026 4778 1168 4860 siquod
1188 4779 1308 4842 forsan
1334 4779 1474 4845 incaute

199 4884 375 4965 obrepsit,
399 4903 470 4945 non
494 4880 682 4944 confestim
705 4882 888 4947 recesisse.
939 4884 1032 4966 Quid
1057 4907 1209 4968 namque
1234 4887 1474 4953 nobilissimae
