3559 5734
690 547 936 613 ῡ-έὶθθῖἱὲνὸ

173 728 244 772 non
268 707 461 771 exambito.
508 705 665 788 Quorum
691 715 745 767 est
769 714 890 768 noster
915 704 1082 785 Carolus,
1115 714 1151 768 et
1178 704 1214 768 in
1245 696 1349 768 huius
1373 694 1454 769 aula

174 816 282 897 multi,
307 815 393 878 Rex
414 813 579 895 Angliae,
597 811 901 895 Archiepiscopus
926 810 1205 894 Cantuariensis,
1229 821 1267 875 ut
1292 833 1337 875 ne
1362 832 1453 877 com·

174 942 365 985 memorem
389 931 443 984 tot
466 919 661 1002 Principes,
685 927 739 981 tot
762 918 970 1000 EpiscopoS,
997 927 1050 982 tot
1073 918 1243 1000 eruditos,
1269 930 1304 982 et
1326 922 1453 984 hones·

174 1039 230 1092 tos
254 1029 351 1091 viros
375 1048 445 1091 non
470 1028 582 1090 solum
607 1025 642 1089 in
666 1025 811 1106 Anglia,
836 1025 998 1108 Fladria,
1024 1035 1058 1088 et
1082 1024 1219 1106 Gallia,
1249 1026 1453 1092 Germania-

175 1156 261 1218 que,
305 1154 429 1198 verum
472 1133 578 1197 etiam
614 1134 649 1195 in
689 1131 898 1214 Hungaria,
939 1140 974 1195 et
1013 1132 1182 1214 Polonia,
1220 1133 1280 1216 qui
1319 1136 1377 1199 vel
1415 1155 1454 1199 se

174 1251 301 1325 putant
325 1243 457 1305 debere
481 1243 627 1304 multum
652 1240 833 1302 laboribus
857 1238 961 1319 meis,
990 1241 1047 1302 vel
1072 1250 1168 1304 certe
1192 1262 1248 1304 me
1272 1242 1317 1304 de
1341 1242 1454 1325 publi·

174 1350 225 1413 cis
254 1349 380 1413 studiis
412 1346 669 1411 benemeritum
699 1366 788 1411 esse.
835 1346 972 1409 Horum
998 1345 1133 1410 animos
1157 1348 1401 1432 discruciaret,
1425 1350 1455 1413 si

174 1457 300 1520 liceret
323 1455 552 1538 quibusdam,
577 1453 636 1535 qul
660 1451 801 1535 privato
826 1454 1002 1515 ducuntur
1026 1453 1125 1534 odio,
1160 1454 1333 1536 perficere
1358 1459 1454 1539 quod

173 1562 385 1647 iampridem
415 1560 615 1625 moliuntur.
670 1559 716 1622 Et
746 1580 815 1641 ego
845 1560 985 1623 illorum
1010 1561 1134 1624 dolore
1157 1562 1272 1645 magis
1297 1566 1454 1629 dolerem

177 1691 283 1754 quam
308 1689 397 1733 meo.
442 1667 558 1731 Multa
582 1666 708 1749 scripsi
731 1668 795 1730 sed
819 1667 963 1730 saeculo
987 1667 1198 1750 tranquillo,
1223 1671 1318 1751 quod
1343 1670 1372 1734 si
1402 1692 1454 1735 su-

176 1777 336 1860 spicatus
347 1775 492 1839 fuissem
507 1775 574 1838 hoc
599 1769 780 1837 saeculum
804 1773 1033 1856 exoriturum,
1058 1777 1166 1857 longe
1183 1776 1286 1840 aliter
1298 1779 1455 1861 scripsis-

176 1906 250 1949 sem
274 1886 399 1965 multa,
424 1891 485 1946 aut
509 1902 578 1946 non
603 1880 834 1964 scripsissem.
882 1880 986 1944 Certe
1015 1881 1049 1945 in
1073 1883 1141 1945 hoc
1165 1902 1281 1946 rerum
1305 1888 1456 1950 tumultu

177 1991 396 2056 sanctissime
422 2010 477 2053 me
501 1988 608 2073 gessi,
633 1998 668 2052 et
691 1990 857 2071 gesturus
880 2010 957 2053 sum
979 1992 1151 2072 usquead
1176 2001 1335 2056 mortem.
1374 1994 1455 2058 Nul-

176 2101 230 2163 lus
253 2098 473 2178 haereticus,
497 2105 558 2160 aut
582 2086 825 2160 schismaticus
848 2096 935 2159 meis
959 2095 1088 2179 opibus
1111 2098 1346 2163 adiuvabitur.
1394 2103 1454 2166 Ad

178 2206 345 2271 Stunicae
369 2203 562 2269 calumnias
584 2205 702 2267 verius
722 2224 825 2285 quam
851 2204 1097 2268 conclusiones
1113 2206 1260 2269 strictim
1276 2210 1456 2291 respondi.

178 2313 276 2378 Talis
302 2314 448 2378 Rabula
470 2313 617 2377 multum
641 2309 714 2373 odii
738 2309 907 2374 conflabit
927 2309 1014 2373 Sedi
1038 2311 1226 2376 Romanae
1255 2315 1327 2377 suis
1356 2336 1457 2399 syco-

179 2420 355 2504 phanticis
383 2419 530 2497 libellis,
563 2417 691 2499 quibus
715 2417 802 2481 nulli
827 2418 940 2499 magis
963 2419 1198 2501 applaudunt,
1223 2440 1328 2502 quam
1351 2424 1457 2486 valde

179 2528 364 2591 lutherani.
414 2527 453 2589 Si
478 2525 561 2608 quid
585 2524 805 2589 inveniretur
828 2525 863 2588 in
888 2525 989 2589 libris
1013 2525 1112 2608 meis,
1137 2547 1226 2608 quos
1249 2529 1378 2592 multos
1402 2551 1456 2593 ae·

180 2636 270 2714 didi,
313 2634 484 2716 scriptum
520 2633 696 2697 incautius
704 2682 712 2713 ,
744 2643 904 2715 poteram
940 2633 1086 2696 secretis
1117 2633 1228 2698 literis
1263 2638 1456 2720 admoneri,

180 2742 332 2807 monitus
356 2741 509 2805 libenter
533 2749 715 2804 mutarem.
762 2740 864 2803 Nunc
898 2748 1045 2822 paratur
1079 2752 1206 2821 quarta
1238 2743 1323 2805 novi
1354 2754 1459 2809 testa·

180 2849 289 2914 menti
313 2848 465 2922 aeditio;
490 2851 596 2912 homo
620 2867 707 2928 sum,
733 2867 852 2910 errare
868 2866 1025 2928 possum,
1040 2848 1180 2911 tametsi
1197 2850 1321 2913 sedulo
1337 2872 1459 2936 caveo,

182 2957 334 3040 nequid
358 2955 463 3019 sitin
488 2955 588 3018 libris
620 2952 724 3033 meis,
755 2955 850 3035 quod
881 2955 939 3017 vel
970 2953 1180 3020 seditionem
1213 2969 1370 3042 moveat,
1401 2964 1458 3024 vel

181 3068 324 3128 aberret
356 3085 377 3127 a
409 3062 626 3146 synceritate
658 3060 841 3125 doctrinae
873 3061 1098 3128 christianae.
1145 3063 1343 3128 Excuditur
1366 3088 1458 3131 nunc

183 3170 417 3254 Paraphrasis
440 3169 475 3232 in
500 3178 581 3232 acta
595 3170 860 3250 Apostolorum,
886 3188 964 3231 eam
988 3169 1216 3233 dedicaturus
1241 3193 1337 3236 eram
1355 3173 1458 3238 Card.

183 3278 349 3360 Angliae,
375 3276 434 3360 qui
457 3296 571 3359 nuper
595 3276 639 3337 ad
665 3296 721 3338 me
745 3275 887 3358 scripsit
910 3276 1159 3357 amantissime,
1190 3277 1460 3360 subsignificans

182 3407 247 3469 per
271 3383 499 3447 secretarium
524 3384 657 3446 setalc
682 3382 850 3463 quiddam
874 3401 1023 3463 cupere,
1052 3384 1116 3445 sed
1148 3384 1262 3467 magis
1286 3385 1387 3448 libuit
1412 3388 1460 3450 di-

182 3513 264 3556 care
297 3489 471 3554 Clementi
502 3489 582 3551 VII.
644 3489 756 3569 Quem
796 3489 957 3551 Pacaeus
989 3488 1071 3553 mihi
1104 3490 1191 3554 mire
1227 3490 1390 3574 depinxit
1423 3495 1459 3558 in

182 3598 254 3663 suis
278 3598 324 3660 ad
348 3618 404 3661 me
428 3596 549 3677 literis,
574 3593 780 3679 significans
805 3595 911 3658 etiam
935 3595 1037 3679 illud,
1062 3616 1133 3678 quo
1156 3597 1281 3662 favore
1306 3609 1400 3664 esset
1423 3602 1459 3664 in

183 3727 249 3770 me.
299 3702 449 3767 Adnitar
472 3723 517 3766 ne
541 3702 705 3765 videatur
721 3701 863 3765 omnino
884 3702 1015 3766 favisse
1039 3702 1172 3766 homini
1199 3704 1352 3787 ingrato.
1400 3710 1460 3772 Ce-

184 3833 241 3876 sar
264 3832 322 3875 me
346 3821 492 3874 revocat
515 3810 550 3872 in
575 3809 825 3873 Brabantiam:
850 3809 937 3872 Rex
961 3808 1100 3873 Galliae
1124 3809 1160 3873 in
1184 3832 1283 3875 suam
1307 3813 1460 3879 Galliam

186 3918 324 4002 magnis
347 3916 529 4001 promissis
551 3915 688 3980 invitat.
735 3916 916 3979 Adrianus
954 3906 1010 3978 me
1040 3936 1149 3999 saepe
1179 3917 1356 3983 invitabat
1387 3922 1460 3986 Ro·

186 4048 287 4090 mam.
336 4023 409 4088 Sed
432 4043 560 4087 vereor
584 4044 628 4086 ne
643 4023 728 4087 Rex
745 4025 903 4087 calculus
919 4044 975 4087 me
992 4024 1207 4088 transmittat
1222 4028 1258 4089 in
1271 4030 1461 4093 coelestem

187 4133 348 4216 patriam.
408 4129 513 4211 Quod
546 4129 574 4193 si
606 4139 750 4214 praeter
780 4151 879 4212 spem
913 4130 1083 4194 acciderit
1116 4133 1283 4196 valetudo
1318 4134 1461 4218 firmior,

188 4260 359 4323 nusquam
384 4238 502 4301 malim
525 4236 714 4301 animulam
737 4257 890 4319 ponere,
922 4258 1027 4319 quam
1058 4238 1210 4303 Romae.
1261 4240 1352 4305 Nam
1377 4241 1462 4306 Ger-

188 4347 327 4411 maniae
351 4366 407 4409 me
434 4345 642 4426 iampridem
668 4345 800 4423 taedet,
823 4344 885 4407 ubi
910 4364 976 4406 nec
1000 4345 1085 4408 satis
1109 4354 1185 4409 tuto
1211 4347 1293 4410 vivo
1317 4359 1466 4432 propter

189 4457 405 4533 lutheranos,
429 4452 489 4534 qui
513 4452 688 4515 neminem
712 4451 814 4533 peius
830 4453 991 4530 oderunt,
1018 4436 1123 4534 quam
1137 4453 1331 4518 Erasmum.
1379 4456 1466 4519 Cum

190 4560 294 4625 Gallo
317 4560 429 4623 bellat
452 4558 601 4639 Caesar,
626 4558 683 4621 cui
706 4559 841 4621 iuratus
865 4578 939 4621 sum
966 4558 1213 4636 Consiliarius;
1238 4562 1273 4624 in
1297 4563 1467 4627 Flandria

190 4669 420 4732 tumultuatur
450 4666 564 4729 bellis.
602 4666 650 4727 R.
682 4666 726 4730 D.
759 4666 799 4729 T.
832 4664 1032 4728 incolumen
1065 4687 1107 4730 ac
1141 4670 1319 4732 valentem
1350 4683 1469 4734 servet

191 4773 350 4838 Christus
373 4771 457 4855 Opt.
481 4773 579 4836 Max.
1433 4774 1436 4775 ⁷

690 4867 721 4919 E.
743 4869 780 4915 R.
800 4868 833 4915 D.
854 4867 1049 4916 addictissimus
1069 4862 1204 4926 Brutuli!
1222 4863 1434 4929 Rultrttlmtu.

1257 4991 1312 5049 20*
