3559 5734
716 535 928 592 ⁰⁴38&

187 690 280 743 terno
304 679 435 743 affectu
459 681 494 744 in
507 682 660 744 Domino
685 684 877 762 hortantes,
904 694 942 746 ut
967 683 1337 747 christianissimorum
1361 703 1461 766 prae-

185 788 404 851 decessorum
422 809 564 852 suorum
581 789 757 870 virtutem,
782 811 888 872 quam
906 811 1047 872 semper
1070 790 1206 853 imitata
1230 800 1294 869 est,
1318 792 1462 855 nuncin

186 899 247 957 hoc
280 916 390 977 opere
422 897 575 959 maxime
599 896 801 961 Christiano
826 908 1111 981 repraesentans,
1136 897 1292 980 fideique
1318 918 1403 961 suae
1428 908 1464 960 et

184 1002 342 1082 promissi
367 1023 509 1081 memor,
531 1004 676 1084 rejicere
696 1024 718 1069 a
732 1024 811 1067 sese
837 1014 873 1067 et
893 1026 915 1067 a
930 1025 994 1067 sua
1018 1005 1134 1084 gratia
1158 1005 1240 1085 (nisi
1264 1005 1462 1086 resipiscat,

185 1120 216 1171 et
238 1111 283 1171 ad
300 1130 363 1171 cor
386 1110 511 1172 redeat
531 1110 752 1191 humilitatis)
777 1131 927 1193 pravum
950 1111 1138 1190 hominem,
1166 1122 1202 1174 et
1226 1112 1463 1194 perniciosum

183 1220 373 1281 membrum
398 1237 466 1280 non
487 1218 559 1298 jam
582 1217 712 1280 Christi
744 1218 807 1279 sed
832 1217 1013 1281 Sathanae
1047 1238 1118 1281 non
1149 1229 1359 1301 postponat,
1393 1219 1462 1283 dic·

181 1334 302 1405 tasque
327 1334 468 1386 nostras
492 1324 628 1386 litteras
652 1324 884 1407 promulgari,
909 1335 945 1387 et
969 1325 1087 1387 omnia
1110 1324 1146 1387 in
1171 1325 1222 1388 eis
1241 1326 1463 1410 praescripta

182 1432 302 1493 ordine
336 1430 456 1494 debito
490 1429 632 1512 perfici,
666 1440 704 1493 ut
733 1432 852 1494 oriens
885 1432 954 1493 hoc
987 1431 1188 1494 incendium
1222 1431 1462 1514 extinguatur,

181 1539 332 1601 adiuvet.
363 1537 464 1603 Haec
482 1538 575 1603 enim
598 1538 659 1600 illa
684 1549 738 1601 est
761 1538 912 1601 hominis
936 1540 1038 1620 hujus
1062 1549 1098 1601 et
1122 1538 1279 1620 ejusdem
1304 1559 1463 1602 errorum

180 1667 241 1727 per
265 1644 395 1708 Sedem
420 1644 665 1726 Apostolicam
689 1646 726 1707 in
746 1644 932 1707 Catholico
957 1644 1250 1727 peritissimorum
1273 1657 1462 1725 conventu,

179 1753 313 1834 Spiritu
330 1752 463 1815 Sancto
481 1763 677 1833 praeeunte
692 1752 751 1833 qui
776 1751 810 1814 in
835 1752 1036 1815 huiusmodi
1061 1752 1176 1816 causis
1201 1753 1282 1815 huic
1308 1752 1463 1816 Sanctae

179 1860 263 1923 Sedi
288 1880 467 1941 nunquam
492 1859 621 1939 abfuit,
646 1860 741 1922 facta
766 1860 983 1942 reprobatio,
1009 1880 1114 1941 quam
1139 1870 1173 1922 te
1198 1870 1393 1942 expectare
1414 1861 1463 1922 di-

179 1968 282 2039 xisti;
308 1987 401 2047 quae
425 1977 545 2028 tamen
570 1977 759 2047 antequam
784 1964 903 2046 lieret,
927 1966 1073 2047 potuisti
1098 1986 1164 2048 pro
1189 1976 1250 2030 tua
1274 1967 1464 2048 prudentia

178 2075 460 2136 animadvertere
491 2093 582 2154 quae
612 2083 706 2135 esset
731 2072 874 2135 Martini
899 2072 1045 2136 Lutheri
1070 2093 1185 2151 mens,
1220 2093 1325 2155 quam
1356 2073 1464 2155 impia

178 2181 362 2264 cogitatio:
400 2179 460 2261 qui
484 2180 635 2260 primum
659 2181 739 2241 dum
767 2181 952 2242 damnatas
976 2179 1107 2242 iamdiu
1132 2200 1196 2261 per
1225 2180 1462 2243 uniVersalem

179 2289 364 2351 ecclesiam
389 2287 647 2365 Waldensium,
673 2286 945 2349 Hussitanorum
973 2298 1008 2349 et
1033 2287 1271 2350 Bohemorum
1295 2290 1463 2350 haereses

177 2416 352 2459 renovare
377 2406 484 2475 atque
508 2394 708 2457 instaurare
732 2393 864 2473 nititur,
889 2415 928 2456 se
952 2393 1065 2476 ipsum
1092 2395 1247 2457 ostendit
1270 2395 1385 2476 qualis
1402 2395 1462 2467 sit:

177 2503 308 2566 deinde
330 2523 408 2564 cum
425 2501 550 2564 Turcis
567 2500 794 2583 suffragatur,
819 2521 898 2562 curn
921 2522 1056 2585 poenas
1081 2512 1117 2564 et
1140 2501 1315 2583 supplicia
1340 2505 1461 2564 haere-

177 2612 326 2672 ticorum
359 2611 539 2691 deplorat,
571 2607 678 2670 fidem
709 2610 928 2671 demonstrat
952 2628 991 2670 se
1016 2628 1147 2689 cupere
1172 2620 1208 2672 et
1232 2611 1278 2671 ab
1304 2609 1464 2672 externis

177 2726 213 2779 et
235 2719 282 2779 ab
307 2716 483 2778 intestinis
507 2715 669 2779 hostibus
694 2714 922 2778 exterminari
947 2715 1169 2779 catholicam.
1217 2716 1403 2780 Postremo
1428 2716 1463 2778 in

178 2836 247 2885 tam
274 2822 446 2886 effrenem
470 2823 673 2904 superbiam
698 2832 752 2886 est
777 2824 890 2885 elatus
916 2834 954 2885 ut
969 2843 1068 2886 suam
1086 2823 1189 2885 unius
1205 2824 1462 2903 auctoritatem,

178 2951 275 2993 suam
307 2929 536 3010 sententiam,
571 2926 671 2992 suum
702 2930 736 2992 in
771 2930 957 3013 scripturis
988 2930 1206 2994 intellectum
1238 2929 1401 2993 omnibus
1425 2950 1463 2991 se

178 3039 414 3100 antelaturum
438 3037 624 3119 praedicet
640 3048 675 3099 et
699 3037 968 3101 universitatum
994 3048 1030 3101 et
1053 3048 1255 3101 sanctorum
1280 3037 1465 3101 doctorum

178 3158 214 3207 et
244 3144 552 3208 oecumenicorum
581 3144 811 3207 conciliorum
841 3154 876 3207 et
901 3145 1144 3207 Romanorum
1170 3143 1381 3207 Pontificum
1405 3145 1463 3206 de·

178 3252 294 3330 cretis,
329 3261 454 3314 contra
485 3251 742 3334 professionem
771 3250 978 3314 humilitatis
1007 3272 1111 3333 quam
1137 3251 1251 3314 emisit
1275 3262 1311 3314 et
1340 3263 1465 3315 contra

179 3360 253 3422 eius
277 3359 472 3422 beatissimi
497 3359 563 3423 viri
587 3359 834 3422 auctoritatem
860 3359 959 3422 cuius
981 3380 1109 3422 nomen
1128 3358 1297 3440 praefert,
1322 3358 1464 3421 maximi

177 3467 212 3529 in
237 3467 306 3530 Dei
330 3466 491 3530 Ecclesia
516 3467 672 3529 doctoris
697 3465 900 3546 Augustini.
948 3465 1048 3546 Quae
1072 3486 1151 3528 cum
1176 3465 1302 3548 gravia
1325 3486 1390 3547 per
1414 3486 1464 3547 se,

178 3586 250 3636 tum
276 3594 362 3637 vero
388 3584 574 3655 postquam
599 3572 701 3636 huius
726 3583 872 3636 sanctae
897 3584 932 3635 et
956 3573 1175 3654 apostolicae
1200 3572 1295 3636 sedis
1314 3571 1464 3635 accessit

179 3681 383 3760 declarati0,
409 3692 505 3742 tuum
526 3681 597 3762 jam
622 3691 687 3754 est,
712 3681 841 3743 dilecte
864 3678 926 3760 fili,
951 3681 1080 3743 omissa
1102 3680 1282 3743 hominum
1298 3678 1464 3759 amicitia,

179 3809 255 3851 eam
287 3808 379 3870 quae
404 3788 472 3850 Dei
502 3800 556 3851 est
584 3788 735 3851 caeteris
759 3791 866 3851 rebus
890 3798 1130 3871 anteponere,
1164 3787 1337 3868 nobisque
1363 3806 1461 3867 prae·

179 3906 272 3957 stare
304 3894 411 3957 fidem
443 3906 478 3957 et
506 3895 776 3978 promissionem
807 3915 913 3975 quarn
942 3896 977 3957 in
1003 3895 1132 3977 pignus
1158 3906 1193 3957 et
1217 3893 1357 3975 signum
1382 3904 1463 3955 tuae

179 4000 499 4065 Christianissimae
530 4003 657 4066 mentis
682 4003 826 4075 dedisti;
851 4014 889 4064 ut
914 4002 1073 4064 extincto
1098 4022 1260 4064 sermone
1284 3999 1464 4063 hominum

180 4110 239 4191 qui
271 4120 332 4170 tua
363 4108 493 4171 fiducia
518 4110 610 4172 hunc
636 4130 744 4191 saepe
768 4109 836 4171 iam
862 4109 993 4172 dictum
1018 4108 1214 4189 iniquitatis
1237 4108 1348 4170 filium
1372 4107 1463 4169 Mar·

179 4216 288 4278 tinum
316 4216 506 4278 lutherum
539 4214 658 4279 furere
682 4215 878 4293 affirmant,
913 4227 973 4278 tua
998 4218 1179 4279 excellens
1205 4215 1314 4277 virtus
1338 4235 1380 4277 ac
1405 4235 1462 4278 no·

179 4323 299 4385 bilitas
323 4342 423 4384 suum
449 4322 605 4384 debitum
631 4324 858 4403 splendorem
883 4324 979 4405 apud
1007 4322 1118 4383 Deum
1146 4322 1377 4403 hominesque
1404 4323 1462 4383 ob·

179 4429 302 4492 tineat.
350 4428 454 4509 Quod
478 4438 517 4490 ut
547 4427 752 4514 faciaspion
777 4431 889 4492 solum
916 4430 1069 4510 petimus
1093 4439 1200 4511 atque
1225 4432 1463 4508 obsecramus,

180 4538 243 4599 sed
267 4536 467 4599 innomine
493 4535 598 4599 etiam
614 4537 682 4600 Dei
699 4537 952 4619 omnipotentis
970 4547 1005 4599 et
1020 4536 1055 4598 in
1073 4536 1204 4600 virtute
1220 4548 1365 4599 sanctae
1383 4538 1462 4597 obe-

181 4644 336 4707 dientiae
353 4642 573 4724 requirimus,
610 4644 739 4706 Datum
755 4644 896 4707 Romae
911 4645 1007 4725 apud
1025 4642 1061 4707 S.
1080 4643 1224 4706 Petrum
1242 4646 1307 4704 sub
1331 4643 1463 4704 annulo

183 4750 393 4830 PiscatoriS,
426 4750 483 4813 die
508 4750 606 4814 VIII.
630 4751 712 4830 Julii
737 4749 891 4813 MDXX
922 4751 1036 4812 Pont⁸.
1062 4751 1173 4813 nostri
1205 4770 1298 4812 anno
1323 4760 1461 4812 octavo

1268 4961 1299 5020 1*
