3559 5734
830 516 1077 574 &mih-⁰

315 662 397 725 insti
422 682 517 746 appo
541 662 575 724 la
600 663 754 726 Cesarea
776 663 916 727 Maesta
940 666 1006 727 che
1031 663 1115 727 doni
1140 664 1264 727 ordine
1288 686 1309 727 a
1333 667 1382 728 tal
1407 686 1505 728 error
1533 665 1593 748 piu

315 779 438 852 presto
467 770 497 832 si
524 779 608 851 pote
641 781 676 833 et
704 791 791 853 pare
823 771 887 834 che
922 771 944 834 ’l
975 771 1176 853 Argentino
1210 773 1376 854 predetto
1406 773 1503 836 habii
1533 773 1593 856 piu

316 898 428 960 paura
457 879 502 940 de
533 878 554 941 l'
582 879 794 960 apparentia
827 880 872 942 de
906 889 1030 960 questo
1061 879 1152 942 libro
1186 880 1252 943 che
1286 881 1331 943 de
1362 882 1459 944 nullo
1492 883 1596 961 altr0‚

316 1006 425 1048 ancor
449 987 515 1049 che
532 986 631 1048 detto
648 985 829 1067 Episcopo
847 1006 988 1067 sempre
1005 986 1040 1049 in
1056 988 1091 1049 la
1106 986 1236 1050 Diaeta
1252 986 1294 1049 sii
1318 997 1410 1050 stato
1434 987 1595 1051 animoso

316 1104 351 1157 et
374 1096 470 1156 bono
495 1113 559 1174 per
583 1095 618 1156 la
634 1091 746 1156 Santa
768 1094 906 1156 Chiesa.
954 1090 1001 1156 Se
1023 1094 1090 1156 Dio
1114 1115 1170 1158 me
1193 1096 1346 1157 havesse
1363 1095 1453 1159 satta
1476 1095 1597 1179 gratia

316 1202 361 1263 de
384 1202 567 1282 hybernar
591 1210 716 1282 questo
741 1222 834 1264 anno
858 1201 895 1263 in
919 1203 954 1263 la
978 1200 1195 1264 bibliotheca
1218 1201 1377 1283 palatina
1402 1224 1423 1265 a
1439 1224 1495 1266 me
1513 1222 1595 1266 con·

317 1328 435 1386 cessa,
469 1318 566 1369 certo
601 1307 788 1371 volentieri
828 1306 947 1370 harrei
981 1306 1103 1370 scritto
1138 1317 1262 1370 contra
1295 1320 1422 1389 questo
1455 1308 1597 1372 ribaldo

316 1414 427 1487 libr0;
461 1434 517 1476 ma
549 1414 681 1493 perche
716 1415 810 1476 vedo
844 1415 909 1477 che
941 1424 1044 1495 parte
1072 1434 1138 1496 per
1168 1415 1192 1477 li
1225 1415 1353 1477 camini
1383 1437 1405 1479 a
1434 1436 1490 1478 me
1524 1436 1598 1479 non

317 1521 444 1601 securi,
478 1529 581 1602 parte
611 1520 744 1602 perche
772 1541 838 1602 per
866 1522 1162 1584 comandamento
1187 1522 1232 1584 de
1255 1521 1298 1585 N.
1323 1520 1349 1584 S
1374 1543 1394 1585 e
1419 1523 1464 1585 de
1488 1523 1533 1587 V.
1560 1521 1598 1587 S.

317 1629 413 1691 Rma
436 1629 470 1690 io
494 1629 541 1691 ho
566 1649 587 1690 a
611 1637 725 1691 restar
749 1627 784 1689 in
815 1637 940 1709 queste
974 1629 1092 1691 bande
1124 1628 1177 1691 sin
1210 1631 1275 1692 che
1305 1630 1389 1692 vedi
1419 1630 1468 1693 dil
1503 1640 1598 1695 tutto

318 1735 498 1817 extirpata
521 1746 646 1816 questa
679 1744 780 1815 setta,
814 1755 835 1797 o
867 1737 1007 1798 almeno
1040 1744 1139 1797 tanto
1173 1736 1240 1798 che
1271 1755 1342 1798 non
1370 1756 1409 1799 se
1439 1736 1600 1801 reehiedi

316 1842 378 1925 piu
402 1845 437 1905 la
460 1842 642 1924 presentia
664 1841 743 1922 mia,
768 1843 814 1903 ho
839 1843 960 1904 voluto
985 1845 1132 1929 mandar
1156 1842 1255 1906 detto
1277 1842 1382 1925 libro,
1406 1844 1506 1907 accio
1530 1846 1599 1907 che

316 1949 456 2013 interim
481 1950 630 2030 qualche
654 1948 767 2030 gentil
791 1948 937 2029 ingenio
962 1950 1006 2011 de
1032 1948 1140 2030 quelli
1162 1949 1253 2012 recti
1284 1960 1320 2013 et
1352 1951 1546 2015 orthodoxi
1570 1950 1600 2015 si

318 2056 468 2121 exerciti
485 2075 564 2118 cum
580 2054 639 2137 piu
656 2054 735 2118 ocio
751 2066 786 2117 et
803 2055 907 2136 copia
922 2057 967 2118 de
984 2055 1065 2119 libri
1089 2055 1187 2119 costa
1211 2078 1232 2119 a
1255 2059 1453 2138 responder
1477 2060 1601 2123 avanti

317 2167 382 2228 che
399 2165 428 2227 si
443 2163 605 2246 imprima
620 2164 770 2244 qualche
786 2164 857 2225 mal
872 2171 1037 2225 concetto
1054 2162 1115 2224 alli
1138 2161 1229 2226 laici.
1277 2162 1382 2226 Certo
1407 2166 1473 2228 che
1497 2167 1607 2229 detto,

317 2272 408 2335 libro
432 2272 479 2334 mi
502 2272 550 2332 ha
572 2270 663 2332 fatto
692 2270 794 2351 quasi
818 2280 933 2333 restar
956 2291 1026 2351 qua
1050 2269 1111 2350 piu
1135 2270 1202 2332 che
1226 2271 1316 2332 altro
1341 2291 1406 2352 per
1430 2293 1601 2337 occorrer

317 2380 383 2442 che
408 2377 523 2460 questi
547 2376 671 2458 populi
692 2397 762 2438 non
787 2376 816 2439 si
840 2376 971 2440 lassino
996 2376 1082 2438 tirar
1106 2374 1142 2438 in
1166 2385 1293 2459 questa
1316 2377 1407 2441 falsa
1429 2379 1600 2460 opinione

319 2486 344 2549 il
368 2486 434 2548 che
458 2505 514 2547 me
548 2483 664 2546 sforzo
701 2482 757 2545 far
792 2503 859 2546 con
892 2482 966 2546 vivi
998 2483 1215 2566 argomenti,
1252 2493 1288 2547 et
1323 2494 1455 2566 quanto
1490 2506 1602 2569 posso

317 2594 429 2656 veder
454 2601 489 2654 et
513 2591 623 2654 'sentit
646 2610 718 2652 non
750 2610 856 2653 senza
889 2590 1111 2653 satisfatione
1142 2591 1187 2654 de
1221 2590 1278 2654 chi
1308 2611 1353 2654 ne
1387 2592 1530 2674 dubita,
1565 2604 1602 2657 et

317 2699 502 2763 confusion
527 2701 571 2760 de
596 2696 799 2761 Lutherani.
847 2696 936 2761 Esso
961 2696 1051 2760 libro
1080 2718 1191 2760 ancor
1225 2699 1291 2761 che
1326 2698 1347 2761 l'
1365 2698 1462 2762 habii
1494 2700 1600 2766 titulo

318 2808 363 2869 de
386 2826 434 2869 un
459 2805 613 2886 quidam,
639 2814 674 2867 et
697 2804 791 2867 intus
815 2805 947 2885 quellui
972 2825 1010 2867 se
1034 2804 1167 2867 nomini
1191 2805 1338 2886 Boemo,
1362 2809 1555 2870 tuttavolta
1580 2809 1601 2872 ὸ

319 2913 473 2995 openion
498 2913 543 2973 de
568 2912 669 2993 quasi
693 2910 774 2973 tutti
798 2912 864 2974 che
888 2910 931 2974 sii
955 2921 1139 2992 composto
1163 2911 1199 2973 in
1224 2922 1349 2992 queste
1379 2914 1517 2994 bande,
1553 2935 1601 2979 ne

317 3023 364 3084 ha
388 3020 408 3081 l'
427 3028 530 3082 autor
553 3028 653 3081 tanto
678 3027 804 3099 saputo
830 3017 1030 3081 dissimular
1054 3020 1087 3080 el
1111 3017 1192 3081 stilo
1216 3020 1281 3081 che
1306 3039 1374 3081 non
1400 3019 1428 3083 si
1448 3039 1601 3103 cognos-

318 3126 385 3208 chi,
410 3124 488 3188 anci
512 3125 643 3206 perche
668 3124 704 3187 in
730 3125 846 3187 alcuni
870 3124 965 3187 lochi
990 3144 1121 3208 sparge
1146 3124 1292 3189 dictioni
1315 3129 1470 3190 barbare
1495 3148 1601 3192 como

319 3234 373 3296 dir
397 3234 432 3296 in
456 3232 668 3314 linguaggio
692 3251 801 3314 greco
810 3280 819 3311 ‚
852 3240 888 3296 et
912 3234 1001 3296 altre
1026 3230 1156 3313 simile,
1188 3242 1288 3296 tanto
1322 3234 1382 3315 piu
1411 3234 1459 3297 mi
1483 3234 1501 3297 e
1526 3255 1601 3299 sos·

320 3348 419 3423 petto
426 3387 435 3420 ,
467 3340 600 3420 perche
630 3338 689 3401 nel
717 3348 813 3401 resto
847 3339 906 3401 del
938 3338 1019 3402 stilo
1044 3358 1115 3401 non
1140 3340 1344 3402 demonstra
1369 3360 1467 3403 esser
1489 3342 1600 3404 homo

320 3450 386 3510 che
410 3467 481 3510 non
506 3445 621 3529 sappii
647 3446 701 3508 dir
724 3448 815 3509 altro
840 3449 907 3509 che
929 3445 1158 3531 linguagr'um.

410 3553 537 3634 Quello
562 3554 675 3616 amico
690 3555 735 3616 de
752 3552 808 3615 chi
825 3574 864 3616 se
879 3553 1033 3635 suspica,
1058 3553 1209 3616 essendo
1234 3552 1413 3615 dominica
1436 3552 1602 3634 proxime

321 3670 466 3745 passata
504 3680 604 3723 meco
644 3680 665 3721 a
697 3680 828 3742 pranso
861 3660 1009 3722 insieme
1041 3680 1118 3723 cum
1150 3681 1196 3723 un
1227 3660 1366 3741 grande
1394 3661 1602 3725 Lutherano

321 3769 506 3833 accadette
531 3768 596 3829 che
621 3766 650 3829 si
674 3768 776 3848 parlo
806 3767 841 3830 di
866 3777 991 3849 questo
1016 3766 1107 3830 libro
1138 3768 1204 3830 che
1233 3767 1268 3829 io
1299 3767 1429 3829 mando
1442 3814 1451 3848 ,
1483 3777 1520 3830 et
1552 3769 1601 3830 di·

321 3878 434 3939 cendo
458 3875 493 3938 io
518 3877 583 3937 che
608 3886 783 3938 contenea
807 3877 915 3938 multe
939 3875 1075 3958 buggie
1107 3874 1429 3957 impudentissime,
1464 3875 1514 3937 lui
1550 3876 1601 3938 in-

322 3982 500 4046 flammato
535 4002 636 4044 como
669 4003 716 4044 un
748 3981 829 4045 foco
853 3981 901 4044 mi
926 3982 1020 4044 disse
1044 4002 1123 4044 cum
1146 3982 1298 4064 impeto,
1329 3983 1395 4045 che
1427 4003 1472 4045 ne
1505 4003 1602 4046 mon·

323 4099 455 4153 strasse
469 4108 538 4151 una
552 4090 618 4151 che
630 4088 654 4150 li
667 4088 894 4170 piacerebbe.
928 4088 966 4151 Io
983 4098 1080 4151 certo
1097 4097 1222 4170 aperto
1247 4089 1271 4150 il
1295 4089 1386 4151 libro
1411 4088 1530 4152 subito
1555 4110 1602 4153 ne

323 4195 492 4260 monstrai
517 4196 586 4258 doe
610 4194 875 4260 evidentissime
900 4205 935 4258 et
958 4196 1121 4278 probailo
1146 4216 1212 4278 per
1235 4195 1260 4258 li
1282 4196 1418 4277 proprii
1442 4196 1531 4259 detti
1556 4197 1603 4261 de

323 4302 397 4366 San
422 4304 534 4366 Paulo
558 4304 705 4384 allegati
728 4302 764 4366 in
789 4324 868 4366 esso
893 4303 984 4366 libro
1009 4305 1053 4366 de
1078 4312 1174 4368 sorte
1199 4305 1265 4366 che
1293 4303 1410 4366 subito
1446 4303 1603 4368 deventb

321 4412 463 4494 gialdo,
497 4412 563 4473 che
587 4430 697 4491 parea
720 4420 898 4474 venenato
923 4411 970 4473 da
993 4411 1130 4491 grande
1154 4409 1359 4485 confusion;
1388 4430 1446 4473 ma
1468 4412 1602 4492 perche

322 4539 394 4582 non
419 4538 480 4580 era
503 4526 623 4599 tempo
653 4517 698 4579 de
731 4516 790 4600 piu
815 4519 992 4598 proceder
1015 4517 1049 4579 io
1074 4516 1180 4581 messi
1203 4515 1250 4578 fin
1280 4538 1301 4579 a
1334 4517 1384 4579 tal
1420 4537 1503 4581 cosa
1536 4520 1603 4581 las·

324 4624 463 4688 sandoli
487 4625 553 4687 che
576 4623 693 4687 roder.

413 4732 490 4794 Hor
513 4732 645 4812 perche
670 4729 777 4794 incidi
799 4730 836 4792 in
860 4730 1074 4795 mentionem
1097 4730 1268 4812 hominis,
1304 4740 1339 4794 et
1371 4731 1503 4794 Vostra
1524 4729 1602 4813 sig-

325 4840 427 4904 noria
450 4838 766 4902 Reverendissima
790 4858 855 4919 per
879 4858 949 4900 una
972 4860 1035 4902 soa
1058 4839 1105 4902 ali
1122 4838 1157 4901 di
1172 4837 1307 4921 passati
1323 4838 1369 4899 mi
1393 4837 1604 4901 commanda
