3559 5734
12 17 442 222 -Τ

674 595 905 653 e-illlafiv

141 743 278 826 inclyta
302 743 514 808 Germaniae
547 753 631 806 tuae
662 744 805 807 natione
837 751 982 806 auctore
1008 743 1162 825 quodam
1186 741 1340 806 Martino
1365 742 1431 805 Lu·

142 853 247 915 thero
271 851 437 914 seminati
465 859 501 914 et
523 850 559 913 in
583 850 682 913 libris
706 851 888 932 impressis
910 848 1052 930 publice
1068 849 1243 931 divulgati
1271 849 1431 929 fuissent,

142 979 186 1022 ac
209 958 371 1022 nonnulli
396 958 454 1021 alii
479 960 525 1020 ab
543 957 670 1021 eodem
686 957 842 1021 Martino
860 956 1043 1020 seditionis
1060 957 1244 1019 materiam
1261 966 1433 1039 querente

141 1065 283 1129 seducti
314 1065 514 1147 hujusmodi
545 1064 725 1128 erroribus
758 1064 999 1144 adhesissem,
1033 1054 1141 1145 hique
1170 1062 1260 1126 alios
1288 1064 1434 1146 insuper

141 1171 212 1254 ipsi
238 1172 524 1254 excogitassent3
549 1171 635 1248 Nos,
660 1191 809 1253 quorum
833 1172 1017 1254 proprium
1041 1170 1196 1233 officium
1221 1180 1275 1235 est
1294 1171 1433 1234 vineam

141 1278 289 1343 Domini
321 1279 523 1362 hujusmodi
547 1278 718 1361 vepribus
741 1278 777 1341 in
802 1298 845 1340 ea
868 1277 1096 1340 nascentibus
1115 1297 1282 1361 purgare,
1306 1297 1349 1341 ac
1366 1278 1435 1342 Dei

141 1386 330 1450 Ecclesiae
362 1385 532 1450 unitatem
564 1395 733 1468 quantum
763 1385 797 1447 in
833 1385 937 1448 nobis
973 1394 1027 1447 est
1061 1396 1258 1467 praeeunte
1294 1405 1435 1468 semper

143 1494 300 1557 Domino
331 1513 547 1556 conservare
576 1512 619 1556 ac
642 1492 871 1574 periculiset
896 1491 1152 1555 offensionibus
1176 1492 1364 1574 presertim
1387 1494 1434 1555 la·

141 1600 213 1664 tius
239 1611 276 1663 et
299 1601 336 1663 in
360 1599 594 1682 complurium
619 1599 868 1662 detrimentum
893 1598 1120 1663 manantibus
1145 1599 1304 1681 obviare,
1328 1619 1367 1663 re
1385 1599 1434 1662 di-

142 1708 378 1790 ligentissime
402 1707 500 1790 prius
524 1727 603 1770 curn
628 1706 775 1770 consilio
801 1706 972 1785 discussa,
997 1706 1041 1769 de
1065 1705 1215 1769 fratrum
1236 1717 1436 1770 nostrorum

142 1814 329 1879 sententia
352 1835 493 1878 errores
515 1813 614 1896 ipsos
637 1814 766 1895 partim
783 1814 894 1877 falsos
911 1833 952 1875 ac
969 1813 1180 1894 haereticos,
1205 1813 1332 1897 partim
1350 1833 1436 1877 vero

141 1943 164 1985 a
193 1922 388 1985 christiana
411 1921 546 2003 pietate
570 1923 780 1985 aberrantes
808 1934 844 1984 et
868 1931 987 1983 rectas
1011 1921 1173 1984 ledentes
1198 1920 1436 1984 conscientias

140 2029 339 2091 iudicando
364 2028 620 2108 damnavimus,
645 2048 687 2090 ac
705 2029 861 2109 ejusdem
877 2028 1022 2090 Martini
1038 2026 1148 2090 libros
1164 2026 1278 2090 dictos
1295 2047 1437 2091 errores

151 2138 219 2199 sed
246 2136 393 2218 aliquod
418 2156 540 2199 eorum
564 2136 600 2198 in
625 2156 663 2199 se
687 2136 921 2199 continentes.
963 2135 1075 2218 Igitur
1099 2134 1276 2215 comburi,
1300 2134 1438 2217 ipsique

141 2245 303 2307 Martino
338 2254 377 2305 ut
407 2246 453 2307 ab
485 2244 580 2307 omni
610 2241 854 2325 predicatione
887 2253 923 2305 et
954 2241 1195 2325 disputatione
1228 2241 1436 2322 abstineret,

143 2372 191 2413 ac
214 2351 311 2413 infra
336 2358 470 2414 certum
495 2362 580 2413 tunc
605 2368 814 2431 expressum
831 2349 1018 2412 terminum
1035 2350 1147 2412 libros
1163 2351 1209 2412 ab
1226 2369 1306 2412 sese
1321 2350 1439 2413 editos

144 2460 396 2538 combureret,
428 2477 638 2539 erroresque
670 2457 705 2519 in
730 2456 833 2519 dictis
858 2456 958 2519 libris
983 2467 1170 2520 contentos
1192 2466 1381 2520 revocaret
1404 2465 1440 2520 et

145 2567 193 2626 de
217 2563 450 2627 revocatione
474 2565 553 2646 ipsa
577 2584 644 2627 nos
669 2564 839 2627 certiores
863 2563 1011 2643 faceret,
1035 2565 1092 2626 vel
1116 2564 1194 2644 ipse
1219 2565 1266 2626 ad
1291 2585 1356 2627 nos
1368 2565 1438 2651 ‚sub

145 2670 220 2733 fide
253 2680 377 2733 nostra
409 2672 453 2733 de
487 2672 589 2733 salvo
623 2670 803 2733 conductu
833 2671 866 2733 ei
897 2692 919 2733 a
949 2670 1052 2732 nobis
1084 2689 1256 2733 concesso
1289 2671 1439 2753 veniret,

145 2776 378 2860 precepimus
402 2786 509 2859 atque
533 2777 789 2841 mandavimus.
837 2778 975 2859 Quibus
1000 2777 1176 2840 mandatis
1198 2778 1328 2841 nostris
1361 2799 1440 2841 cum

146 2905 279 2967 parere
304 2883 333 2947 is
357 2885 628 2969 contempsisset
651 2904 693 2948 ac
717 2884 752 2947 in
777 2885 868 2948 falsa
888 2906 952 2948 sua
974 2884 1151 2948 sententia
1173 2885 1339 2967 pertinax
1362 2906 1441 2949 esse

148 3013 257 3073 quam
282 2991 414 3054 saniori
439 2992 587 3054 consilio
612 2994 862 3073 obtemperare
894 2990 1092 3072 maluisset,
1127 2990 1200 3055 Nos
1233 2991 1348 3075 ipsum
1381 3012 1440 3076 pa·

149 3099 277 3162 tientia
308 3108 431 3161 nostra
465 3101 671 3162 abutentem
707 3118 901 3179 omnesque
935 3097 986 3159 illi
1021 3099 1259 3161 adhaerentes
1295 3078 1441 3182 ejusque

150 3206 311 3269 fautores
346 3214 382 3267 et
414 3216 658 3289 receptatores
682 3216 851 3287 tanquam
875 3205 1034 3268 notorios
1059 3217 1094 3268 et
1118 3207 1323 3287 pertinaces
1342 3209 1441 3271 here·

152 3314 244 3376 ticos
273 3312 385 3375 fuisse
417 3322 453 3375 et
484 3333 562 3376 esse
585 3332 652 3396 per
675 3312 847 3396 quasdam
872 3312 1010 3375 litteras
1034 3313 1324 3394 deelaravimus,
1345 3325 1380 3377 et
1405 3324 1442 3377 ut

153 3420 330 3503 premissa
353 3420 399 3481 ad
422 3419 534 3501 ipsius
558 3419 702 3483 Martini
727 3430 762 3483 et
785 3420 934 3482 aliorum
959 3420 1127 3483 noticiam
1150 3419 1340 3501 pervenire
1363 3440 1442 3502 pos·

155 3537 234 3589 sent
259 3526 397 3589 litteras
422 3537 562 3590 nostras
585 3526 621 3589 in
646 3528 739 3589 alma
762 3530 851 3589 urbe
875 3537 998 3588 nostra
1023 3527 1130 3591 certis
1153 3527 1188 3589 in
1213 3528 1301 3590 locis
1330 3529 1442 3610 publi·

155 3632 229 3696 cari
252 3633 412 3713 fecimus,
438 3644 473 3696 et
497 3655 563 3716 per
587 3632 813 3697 Germaniam
839 3653 980 3715 quoque
998 3653 1067 3716 ope
1084 3643 1120 3696 et
1136 3633 1270 3696 auxilio
1287 3634 1442 3716 ejusdem

156 3740 377 3804 celsitudinis
410 3751 493 3803 tuae
523 3741 699 3823 publicari
729 3742 993 3822 mandavimus,
1027 3751 1215 3823 sperantes
1247 3743 1342 3822 quod
1367 3742 1443 3823 ipse

156 3847 331 3910 Martinus
354 3847 456 3927 hujus
481 3846 637 3912 Sanctae
663 3846 768 3913 Sedis
792 3848 968 3912 mandatis
992 3847 1139 3911 obedire
1163 3868 1205 3911 ac
1233 3849 1307 3930 ejus
1332 3850 1444 3912 deter-

158 3954 340 4017 minationi
366 3955 410 4015 de
428 3952 561 4018 Sacrae
577 3955 799 4038 Theologiae
822 3954 1073 4038 magistrorum
1098 3964 1133 4018 et
1153 3955 1240 4037 juris
1263 3956 1444 4037 utriusque

158 4060 400 4143 professorum
424 4061 685 4125 consultatione
710 4072 746 4124 et
770 4064 964 4125 eorundem
988 4062 1137 4125 fratrum
1162 4062 1313 4125 consilio
1338 4072 1373 4126 et
1393 4084 1444 4125 as·

159 4189 263 4232 sensu
298 4168 417 4231 factae
449 4168 719 4249 acquiescerent
741 4169 779 4231 in
803 4169 858 4232 his
883 4189 953 4250 que
976 4189 1048 4232 non
1073 4170 1185 4231 solum
1209 4189 1231 4231 a
1253 4170 1359 4232 nobis
1383 4171 1446 4233 sed

161 4286 195 4337 et
216 4288 324 4338 antea
349 4274 451 4337 nobis
476 4276 627 4338 necdum
652 4275 898 4358 opinantibus,
927 4277 972 4338 de
997 4276 1138 4356 majoris
1162 4276 1276 4357 partis
1301 4278 1446 4339 decreto

162 4404 181 4444 a
202 4381 384 4465 magistris
400 4382 668 4445 universitatum
686 4382 918 4446 Lovaniensis
943 4393 977 4445 et
993 4382 1215 4445 Coloniensis
1239 4402 1306 4466 pro
1329 4384 1445 4447 ortho-

163 4493 254 4553 doxe
277 4489 362 4553 fidei
387 4490 540 4553 veritate
565 4493 813 4554 conservanda
836 4492 1005 4554 damnata
1028 4490 1185 4571 fuerunt,
1211 4511 1282 4554 non
1298 4490 1366 4552 sibi
1381 4490 1447 4554 soli

164 4608 372 4679 arroganter
396 4598 459 4659 sed
483 4598 715 4679 plurimorum
740 4599 937 4661 sententiae
962 4599 1110 4661 credere
1136 4609 1172 4661 et
1192 4598 1290 4680 ipsos
1308 4617 1447 4660 errores

164 4724 330 4768 revocare
365 4715 401 4767 et
433 4707 479 4767 ad
509 4716 667 4768 nostrum
699 4716 735 4768 et
765 4704 876 4786 ipsius
908 4705 1092 4768 Ecclesiae
1123 4705 1296 4786 gremium
1329 4702 1447 4766 redire

166 4813 303 4874 tandem
328 4811 480 4874 animum
504 4810 703 4884 induceret;
736 4832 849 4894 nuper
872 4822 991 4875 autern
1016 4833 1061 4875 ex
1085 4811 1224 4874 Nuncio
1248 4821 1370 4874 nostro
1398 4809 1446 4872 in·

169 4918 364 4982 telleximus
389 4920 539 4981 eandem
564 4920 808 4982 celsitudinem
834 4928 929 4982 tuam
956 4917 1109 4981 officium
1138 4919 1305 4981 advocati
1328 4919 1447 4981 Eccle-

1254 5023 1287 5079 3*
