3559 5734
700 530 1010 589 ,od-3290&

246 678 328 741 libri
351 678 441 741 fatto
466 699 487 740 a
507 678 704 759 Maguntia,
730 688 765 740 et
789 679 835 741 de
849 678 910 760 poi
935 681 1043 741 multo
1066 678 1183 761 melio,
1203 690 1239 743 et
1253 678 1398 762 quando
1420 682 1526 743 have-

245 806 325 848 amo
349 786 458 848 molto
482 784 542 866 piu
566 786 612 846 de
636 786 789 866 bisogno
824 786 868 847 de
901 787 949 848 tal
974 784 1111 867 officio,
1145 787 1292 868 predico
1316 786 1527 851 similmente

246 914 267 954 a
291 892 442 954 Vormes
465 892 502 954 in
525 891 707 973 presentia
732 891 767 953 di
792 890 914 972 Cesar,
938 911 1009 954 non
1033 894 1146 955 solum
1170 893 1454 975 &perseguitato
1478 895 1526 957 da
1574 956 1581 968 ,

246 999 439 1062 Lutherani
455 1020 532 1061 cum
549 999 707 1080 periculo
729 1000 824 1062 dela
839 999 925 1079 vita,
950 1019 1007 1061 ma
1023 1019 1155 1062 ancora
1171 999 1191 1063 ὲ
1210 999 1366 1064 refutato
1381 1001 1427 1062 da
1450 1001 1528 1063 suoi

245 1106 382 1189 proprii
406 1106 487 1168 frati
511 1107 556 1168 de
568 1103 755 1188 Maguntia
779 1115 872 1168 sotto
896 1115 1073 1187 pretexto,
1098 1108 1164 1168 che
1188 1126 1226 1169 se
1250 1109 1285 1169 lo
1304 1107 1527 1171 retenisseno

247 1214 282 1276 in
307 1235 399 1293 casa,
425 1234 494 1275 non
520 1215 632 1276 solum
658 1215 945 1276 mancarebbeno
965 1215 1042 1276 loro
1058 1213 1091 1276 le
1109 1213 1311 1294 elemosine,
1335 1235 1393 1277 ma
1408 1217 1527 1277 sareb-

246 1323 340 1383 beno
366 1320 575 1402 oltraggiati
599 1320 645 1382 da
668 1320 693 1383 li
717 1323 762 1383 de
787 1320 922 1383 Hutten
947 1328 983 1382 et
1006 1320 1086 1382 altri
1098 1320 1311 1395 Lutherani;
1336 1322 1455 1384 donde
1478 1321 1528 1384 lui

247 1428 265 1490 ἐ
290 1437 382 1490 stato
407 1437 601 1490 constretto
626 1426 772 1508 refuger
796 1429 866 1488 alla
890 1428 1078 1490 clementia
1111 1429 1169 1490 del
1201 1425 1432 1492 Sanctissimo
1461 1448 1528 1510 per

247 1537 358 1598 haver
382 1536 534 1616 qualche
557 1534 686 1616 gratia,
711 1544 747 1597 et
770 1533 924 1597 maxime
948 1536 1049 1596 voler
1073 1554 1170 1598 esser
1193 1534 1356 1597 restituto
1380 1536 1416 1598 in
1440 1534 1527 1618 pris·

247 1642 357 1705 tinum
384 1643 441 1705 del
466 1652 642 1705 convento
667 1642 712 1704 de
736 1640 939 1723 Argentina
963 1641 1056 1704 dove
1079 1641 1128 1704 lui
1153 1642 1170 1704 ὲ
1194 1642 1377 1726 professo,
1403 1652 1439 1707 et
1461 1664 1529 1725 per

247 1748 374 1812 iniuria
397 1750 442 1812 de
467 1749 575 1830 quelli
591 1748 675 1811 frati
690 1748 750 1829 gia
767 1747 926 1829 alquanti
942 1747 1077 1810 annisu
1093 1758 1288 1812 constretto
1305 1770 1372 1813 con
1389 1753 1528 1833 grande

247 1857 364 1918 danno
396 1857 441 1917 de
472 1855 549 1917 suoi
582 1855 688 1917 studii
725 1865 760 1918 et
790 1855 909 1935 quiete
941 1855 1093 1936 partirsi.
1146 1855 1185 1919 Io
1220 1858 1471 1938 cognoscendo
1503 1857 1528 1919 li

247 1962 364 2026 meriti
389 1964 447 2024 del
471 1962 627 2042 preditto
652 1963 782 2043 padre,
808 1972 843 2024 et
866 1962 1065 2045 sperand0,
1090 1964 1156 2025 che
1180 1965 1237 2025 nel
1273 1965 1424 2026 advenir
1446 1962 1529 2027 sera

250 2090 390 2152 sempre
414 2070 449 2131 al
468 2068 653 2150 proposito
679 2079 802 2132 contra
826 2079 952 2150 questa
975 2079 1082 2150 secta,
1107 2090 1172 2132 son
1188 2079 1310 2133 tenuto
1327 2090 1523 2134 reccoman·

250 2178 351 2240 darlo
376 2176 611 2257 supplicando
636 2197 658 2238 a
681 2177 725 2238 V.
751 2173 787 2241 S.
813 2176 909 2238 Rma
943 2197 980 2237 se
1012 2176 1122 2256 degni
1152 2176 1354 2239 interceder
1381 2197 1447 2259 per
1479 2177 1529 2240 lui

248 2303 422 2366 appresso
454 2284 486 2345 el
518 2281 583 2344 S¹¹¹⁰
617 2282 645 2344 si
674 2283 804 2364 perche
836 2284 978 2364 quando
1002 2284 1212 2346 havessemo
1237 2285 1282 2347 de
1306 2285 1458 2367 bisogno
1483 2285 1528 2347 de

248 2389 298 2453 lui
321 2389 356 2451 in
393 2390 476 2471 quel
500 2398 619 2471 tempo
646 2392 689 2453 de
715 2389 962 2471 importantia,
996 2391 1278 2471 protestandomi
1308 2392 1356 2454 lui
1381 2394 1439 2456 del
1463 2410 1527 2456 suo

249 2496 418 2579 periculO,
443 2496 495 2559 fui
518 2507 713 2560 constretto
737 2496 959 2578 prometterli
983 2499 1059 2579 che,
1084 2497 1114 2559 si
1137 2498 1342 2580 predicasse
1366 2500 1528 2562 debono

249 2605 377 2685 anim0,
401 2624 473 2666 non
497 2624 536 2667 se
560 2605 584 2666 li
609 2607 847 2667 mancarebbe
870 2605 901 2667 a'
916 2603 992 2667 suoi
1015 2604 1174 2686 periculi,
1199 2609 1227 2667 sl
1253 2605 1359 2669 etiam
1383 2625 1447 2688 per
1463 2608 1529 2668 dar

250 2712 416 2792 exemplo
448 2712 494 2773 ad
527 2711 607 2773 altri
640 2713 696 2791 (de
724 2710 748 2773 li
777 2711 872 2792 quali
909 2732 953 2774 ne
984 2709 1003 2773 ὲ
1035 2730 1125 2792 gran
1159 2720 1304 2774 caterva
1332 2713 1377 2775 de
1412 2712 1529 2794 questi

251 2819 341 2881 dotti
365 2818 401 2880 in
426 2817 630 2899 Germania)
662 2818 792 2899 iquali
815 2839 882 2900 per
905 2819 1157 2900 desperatione
1191 2840 1229 2882 se
1259 2818 1368 2882 fanno
1398 2820 1527 2882 Luthe-

250 2925 347 3004 rani,
372 2924 470 2987 accio
496 2943 723 3005 cognoscano
748 2925 814 2987 che
838 2924 896 2986 chi
925 2945 972 2987 va
1001 2944 1067 3007 per
1090 2927 1125 2988 la
1150 2927 1266 2988 dretta
1290 2924 1358 3007 via,
1390 2925 1433 2987 nd
1457 2925 1528 2989 Dio

251 3034 294 3096 nd
319 3034 353 3094 lo
378 3052 442 3095 suo
455 3031 600 3093 Vicario
625 3032 659 3094 lo
684 3034 883 3095 abandona.
932 3032 974 3094 El
998 3033 1097 3094 detto
1121 3032 1214 3095 frate
1230 3033 1359 3112 Joanni
1382 3033 1528 3097 narrarit

251 3142 286 3203 la
309 3160 393 3202 cosa
417 3159 481 3201 sua
504 3140 540 3200 al
564 3135 604 3200 5Γ
627 3138 911 3220 Archiepiscopo
943 3149 979 3201 et
1009 3138 1180 3220 expedito
1214 3139 1258 3201 de
1282 3139 1327 3222 la,
1351 3150 1528 3221 promette

251 3247 354 3310 venir
376 3268 398 3309 a
420 3246 476 3309 far
499 3247 595 3308 bono
624 3243 742 3308 officio
767 3243 795 3307 si
819 3247 878 3308 nel
902 3245 1068 3326 predicar
1092 3265 1194 3308 como
1211 3249 1271 3309 nel
1287 3247 1468 3309 confessar
1491 3247 1526 3308 in

252 3355 377 3416 alcune
401 3362 503 3434 parte
528 3352 564 3414 di
588 3351 780 3416 Germania
805 3372 907 3414 meno
932 3373 953 3413 a
977 3352 1026 3413 lui
1049 3353 1260 3434 periculose.

342 3462 397 3523 De
412 3464 446 3523 la
462 3469 560 3523 secta
577 3480 678 3523 como
694 3462 741 3523 ho
760 3459 891 3540 scripto
910 3459 970 3540 piu
991 3463 1088 3523 volte
1113 3460 1148 3523 in
1173 3459 1365 3524 universali
1388 3469 1464 3523 tuto
1488 3481 1527 3523 se

251 3577 356 3652 porta
380 3570 425 3629 de
448 3571 519 3629 ben
543 3567 578 3630 in
603 3567 728 3647 meli0,
752 3565 826 3629 cosi
849 3566 883 3627 in
911 3577 1036 3647 queste
1058 3567 1194 3647 bande,
1223 3587 1325 3630 como
1350 3566 1455 3630 etiam
1478 3568 1526 3630 in·

252 3676 359 3737 tendo
397 3676 462 3736 che
493 3674 529 3735 in
560 3673 752 3737 Germania
789 3676 876 3753 alta,
918 3674 1055 3736 bench&
1095 3693 1236 3755 sempre
1267 3673 1301 3736 in
1334 3673 1528 3755 particular

253 3780 403 3864 qualche
428 3781 617 3862 desperato
643 3781 671 3843 si
695 3790 798 3843 trova
823 3782 889 3843 che
914 3802 959 3844 ne
975 3783 1077 3863 parla
1094 3790 1130 3843 et
1145 3780 1369 3862 favoreggia,
1395 3790 1430 3843 et
1448 3780 1528 3844 sarai

252 3889 380 3950 alcuno
408 3890 473 3950 che
499 3888 568 3951 mai
590 3889 672 3950 vide
696 3888 720 3950 li
745 3887 826 3949 libri
851 3888 896 3949 de
921 3888 1069 3967 Luther,
1099 3888 1134 3950 al
1158 3889 1222 3951 che
1246 3889 1359 3969 perho
1384 3886 1469 3970 ogni
1492 3888 1527 3950 dl

254 4003 290 4058 et
313 4014 378 4076 per
402 3994 488 4076 ogni
512 3996 591 4057 loco
615 4016 660 4057 vo
686 3996 804 4056 dando
829 3997 902 4057 bon
927 3995 1061 4073 ordine,
1086 3994 1202 4058 finchd
1218 3994 1333 4059 saccio
1349 4016 1420 4058 una
1444 4015 1529 4058 cosa

252 4104 318 4165 che
342 4101 375 4164 io
399 4103 445 4164 ho
470 4102 506 4165 in
530 4102 646 4165 animo
671 4123 737 4185 per
759 4104 908 4185 general
933 4102 1106 4176 remedi0;
1142 4104 1184 4166 ne
1219 4102 1301 4165 voio
1325 4103 1438 4185 perhd
1462 4104 1528 4166 che

252 4210 275 4272 il
300 4224 419 4289 tempo
445 4210 509 4272 che
534 4210 567 4271 io
591 4211 637 4271 ho
662 4231 683 4272 a
707 4219 781 4272 star
804 4208 864 4290 qui
887 4209 940 4272 sia
963 4209 1097 4289 inutile,
1122 4212 1212 4272 cossi
1237 4209 1306 4272 Dio
1339 4230 1395 4273 me
1418 4208 1530 4291 presti

252 4317 286 4377 la
310 4335 374 4377 sua
397 4316 517 4397 grazia
542 4317 611 4377 alla
634 4316 821 4379 defension
851 4317 896 4378 de
928 4337 992 4379 sua
1022 4326 1124 4378 santa
1154 4317 1237 4379 fede
1270 4318 1316 4379 ad
1346 4318 1460 4380 honor
1493 4326 1529 4380 et

252 4431 480 4485 contentezza
504 4423 562 4484 del
578 4420 643 4483 S¹¹¹⁰
668 4432 703 4485 et
719 4423 762 4484 V.
781 4420 817 4487 S.
842 4424 938 4484 Rma
961 4423 1031 4485 mei
1048 4423 1114 4486 soli
1130 4432 1165 4485 et
1187 4423 1352 4505 perpetui
1375 4424 1527 4504 patroni.

340 4529 383 4591 El
406 4529 502 4591 Rmo
527 4529 715 4592 Cardinale
740 4529 785 4590 de
810 4528 922 4610 Liege
939 4528 1016 4592 heri
1033 4529 1165 4592 matino
1182 4529 1334 4612 partisse
1359 4530 1406 4593 da
1430 4538 1528 4593 corte

251 4655 316 4716 per
340 4636 451 4716 Liege
476 4642 512 4697 et
534 4635 717 4698 retornara
741 4633 789 4697 fin
814 4645 888 4697 otto
913 4635 1047 4717 giorni;
1081 4636 1155 4699 holi
1188 4638 1275 4699 lette
1303 4638 1336 4698 le
1361 4636 1398 4698 di
1421 4635 1465 4699 V.
1489 4632 1527 4701 S.

250 4741 347 4802 Rma
370 4742 415 4802 de
439 4742 474 4802 la
497 4740 845 4804 recommendatione
869 4740 960 4804 satta
983 4744 1017 4804 al
1042 4740 1107 4805 S¹¹²⁰
1131 4763 1239 4825 sopra
1272 4744 1304 4806 el
1337 4741 1527 4824 privilegio

252 4847 297 4909 de
321 4846 504 4929 Mastrect,
529 4850 586 4912 del
603 4850 669 4911 che
686 4847 755 4913 n'e
780 4858 878 4912 tanto
899 4858 1067 4914 contento
1082 4859 1215 4932 quanto
1232 4851 1276 4913 de
1290 4850 1377 4932 ogni
1389 4851 1528 4933 grande
