3559 5734
853 494 1100 556 sp<3282&

336 644 418 726 gine
443 644 488 708 de
512 641 536 708 li
560 644 671 708 nostri
697 646 876 709 medesmi.
926 644 1114 729 Seguitate
1144 646 1165 708 l'
1185 643 1304 709 officio
1331 655 1454 708 vostro
1479 644 1544 708 che
1568 640 1615 707 fin

335 752 395 834 qui
419 754 549 816 havete
573 753 786 818 soddisfatto
811 773 919 835 sopra
943 755 1058 817 inodo.
1106 752 1152 815 Et
1174 754 1267 817 bene
1290 754 1420 816 valete.
1466 752 1522 815 Ex
1537 751 1617 815 Flo·

337 859 452 924 tentia
476 860 554 923 XX
581 861 734 943 Augusti
758 861 942 924 MDXXI.

940 1272 1012 1336 118.

613 1395 852 1476 11031101
887 1395 1330 1477 Vioooanoollario.

761 1543 905 1615 (11111131.
924 1544 1050 1603 German.
1068 1543 1185 1613 13198.)

826 1663 878 1729 (23-
900 1663 1016 1727 Augusti
1039 1669 1124 1726 1521.)

424 1787 482 1851 Ho
513 1795 683 1869 receputo
720 1785 779 1849 alli
811 1786 847 1850 di
877 1789 1011 1869 passati
1035 1788 1094 1870 piri
1120 1791 1247 1852 lettere
1271 1787 1307 1849 di
1331 1787 1375 1851 V.
1400 1785 1437 1850 S.
1462 1786 1557 1850 Rma
1582 1797 1636 1860 et,

334 1899 368 1960 le
394 1896 516 1959 ultime
547 1894 583 1957 di
606 1895 643 1956 X
678 1894 714 1956 di
746 1903 890 1976 quest0‚
922 1896 1014 1958 nelle
1040 1894 1135 1977 quali
1159 1897 1193 1958 13
1217 1895 1246 1958 si
1270 1896 1291 1957 ὲ
1315 1896 1471 1978 degnata
1504 1894 1618 1957 darmi

335 2025 452 2067 nuova
481 2012 516 2064 et
539 2000 747 2083 rallegrarsi
780 2021 848 2064 con
872 2022 973 2065 meco
998 2002 1047 2064 dil
1081 2001 1309 2065 Cardinalato
1342 2003 1377 2064 di
1408 2002 1494 2085 Mg‘.
1519 2000 1617 2064 Rmo

335 2110 371 2173 di
396 2109 525 2192 Liege‚
562 2108 621 2172 del
654 2109 719 2171 che
750 2119 849 2172 certo
875 2129 919 2171 ne
943 2110 990 2171 ho
1015 2109 1145 2172 sentito
1178 2108 1339 2192 singular
1373 2119 1555 2188 contento,
1588 2107 1618 2170 si

335 2237 400 2300 per
424 2237 521 2291 esser
538 2224 632 2279 stato
648 2216 736 2280 alias
751 2215 800 2279 lui
823 2214 893 2278 mio
917 2217 1066 2297 padron,
1091 2220 1118 2278 si
1143 2216 1275 2298 perche
1299 2215 1333 2278 io
1350 2236 1455 2299 spero
1481 2225 1516 2279 et
1538 2236 1617 2278 ren·

335 2323 429 2386 domi
464 2333 561 2386 certo
597 2324 664 2386 che
687 2323 732 2387 V.
764 2321 800 2386 S.
832 2324 928 2386 Rma
960 2321 1066 2386 harri
1106 2322 1264 2386 adiutato
1297 2345 1317 2385 a
1346 2342 1538 2404 promovet
1569 2342 1617 2383 un

335 2433 442 2493 homo
455 2432 500 2493 de
516 2430 573 2492 ehi
589 2450 729 2510 sempre
753 2451 797 2493 ne
816 2430 920 2512 potra
942 2430 1132 2512 disponere
1149 2451 1214 2514 per
1237 2450 1276 2492 se
1301 2439 1336 2492 et
1359 2448 1426 2510 per
1448 2450 1512 2492 sua
1535 2428 1618 2491 lum·

335 2536 426 2600 Casa
443 2558 464 2599 a
481 2537 561 2599 tutti
574 2538 650 2599 suoi
667 2537 810 2620 piaceri,
828 2538 887 2601 del
911 2540 977 2601 che
1001 2538 1035 2601 io
1059 2538 1120 2620 poi
1143 2537 1261 2601 fattali
1285 2538 1320 2599 13
1345 2536 1532 2600 rellatione
1549 2536 1616 2598 che

334 2644 379 2708 V.
405 2641 441 2707 S.
466 2644 561 2707 Rma
590 2643 639 2708 mi
670 2645 861 2724 comanda,
885 2664 986 2708 come
1009 2645 1094 2708 fidel
1117 2643 1290 2708 servitore
1314 2664 1359 2706 ne
1375 2645 1422 2706 ho
1446 2643 1615 2725 stipulato

334 2771 517 2833 promessa
549 2752 608 2814 dal
641 2753 740 2815 detto
765 2751 861 2815 Rmo
890 2748 1024 2833 Signor
1060 2770 1168 2814 ancor
1201 2751 1267 2813 che
1299 2771 1368 2813 non
1394 2749 1615 2832 bisognasse,

336 2859 467 2940 perche
499 2857 605 2921 etiam
637 2869 764 2941 sponte
796 2878 859 2921 sua
890 2878 958 2921 con
993 2858 1118 2940 parole
1142 2856 1359 2920 vividissime
1387 2866 1422 2920 et
1455 2859 1549 2941 gesti
1579 2857 1615 2918 di

335 2968 433 3029 volto
467 2974 503 3028 et
534 2975 625 3027 tutto
650 2965 673 3027 '1
697 2985 780 3028 core
803 2965 972 3047 pubblice
995 2975 1172 3046 promette
1196 2975 1232 3028 et
1254 2964 1398 3046 predica
1423 2984 1494 3027 non
1518 2983 1616 3027 esser

335 3073 404 3135 mai
435 3092 500 3154 per
530 3070 750 3135 smentiearsi
786 3075 860 3135 cosi
893 3071 1052 3154 singular
1080 3070 1254 3135 beneficio
1284 3080 1320 3135 et
1350 3091 1437 3153 pare
1462 3091 1532 3134 non
1558 3071 1614 3133 de-

334 3179 442 3242 sideri
479 3180 569 3242 31110
607 3180 673 3242 che
706 3199 773 3241 con
805 3187 895 3241 tutte
928 3199 989 3241 soe
1020 3177 1116 3241 forze
1147 3178 1281 3241 servire
1313 3200 1332 3241 a
1367 3177 1410 3243 V.
1443 3175 1481 3242 S.
1508 3177 1614 3257 ana,

336 3287 405 3350 3113
429 3288 512 3367 qual
535 3285 593 3348 del
618 3295 709 3348 tutto
734 3306 772 3348 se
806 3287 900 3348 dona
925 3285 959 3348 in
983 3305 1107 3360 mano;
1139 3288 1247 3349 eredo
1279 3305 1409 3348 ancora
1439 3284 1506 3348 che
1536 3284 1614 3347 sara

334 3394 420 3457 utile
445 3395 603 3456 membro
628 3402 663 3456 et
688 3393 822 3476 optimo
856 3392 1030 3455 mediator
1054 3391 1090 3454 di
1114 3412 1307 3455 conservat
1329 3393 1364 3454 13
1388 3390 1614 3454 coniuntione

333 3500 369 3563 di
394 3500 503 3563 Cesar
526 3520 594 3563 con
618 3501 652 3562 la
677 3498 789 3563 Santa
814 3498 910 3562 Sede
934 3499 1146 3582 Apostolica
1175 3508 1211 3562 et
1240 3520 1310 3562 non
1346 3498 1466 3561 debile
1496 3497 1614 3561 Cardi-

333 3609 414 3671 nale
439 3615 563 3669 contro
586 3606 597 3668 i
621 3606 748 3669 nemici
772 3606 808 3668 di
832 3607 960 3688 quella.

424 3731 548 3813 Questi
572 3732 632 3794 doi
656 3730 772 3812 giorni
796 3731 842 3792 ho
867 3730 956 3793 letto
980 3730 1014 3792 el
1037 3730 1129 3793 libro
1154 3739 1247 3794 sotto
1264 3732 1297 3793 el
1314 3729 1415 3793 titulo
1440 3730 1499 3792 del
1523 3749 1616 3793 sere·
1733 3715 1735 3718 ’

334 3839 478 3903 nissimo
503 3838 562 3900 Re
587 3838 622 3901 di
648 3837 783 3919 Anglia
806 3846 930 3900 eontra
955 3837 1108 3919 Luther,
1134 3840 1167 3901 el
1192 3839 1275 3920 qual
1298 3858 1364 3920 per
1387 3837 1531 3920 meggio
1557 3838 1617 3901 del

334 3944 475 4007 auditor
498 3946 543 4007 de
568 3946 602 4008 la
626 3944 775 4009 Camera
799 3965 854 4007 rne
879 3944 898 4006 ὲ
923 3954 1015 4007 stato
1041 3945 1299 4008 communicato
1324 3946 1383 4008 dal
1407 3945 1503 4007 Rmo
1522 3944 1616 4008 Ebo-

334 4072 492 4132 racense,
517 4051 694 4115 ancorche
724 4052 766 4114 sii
800 4050 964 4114 ordinato
998 4053 1064 4114 che
1088 4074 1126 4115 se
1151 4052 1274 4134 tenghi
1300 4053 1438 4115 occulto
1468 4051 1516 4115 fin
1548 4053 1616 4114 che

334 4159 386 4221 sia
411 4168 503 4221 stato
528 4160 696 4222 mandato
722 4159 742 4220 l’
761 4158 916 4241 original
941 4161 975 4222 al
998 4158 1230 4223 Sanctissimo
1259 4158 1360 4223 achi
1385 4161 1403 4223 ὲ
1429 4159 1616 4232 dedicato;

334 4274 370 4327 et
394 4275 503 4345 cerm,
527 4285 593 4347 per
617 4267 735 4347 quello
759 4286 872 4347 pocco
898 4258 1029 4329 iudicio
1050 4268 1114 4331 che
1138 4266 1172 4329 io
1196 4268 1253 4346 hu,
1279 4266 1506 4329 &bellissima
1530 4286 1617 4329 cosa

333 4372 542 4454 praesertim
567 4372 602 4434 in
627 4374 694 4435 hoc
720 4392 855 4454 genere
879 4372 1060 4435 scribendi
1093 4383 1216 4437 contra
1250 4374 1458 4454 Lutherum,
1487 4374 1554 4437 che
1578 4373 1616 4436 in

333 4500 420 4543 vero
445 4481 478 4542 in
511 4478 702 4542 assaissimi
734 4479 857 4562 luoghi
887 4482 990 4562 parla
1023 4489 1122 4543 tanto
1154 4482 1246 4544 bene
1277 4481 1344 4544 che
1377 4473 1512 4562 pareno
1543 4500 1616 4544 non

333 4589 458 4669 parole
487 4607 545 4649 ma
576 4606 716 4668 gemme
745 4586 1016 4668 preciosissime.
1073 4584 1122 4650 Se
1153 4586 1177 4649 li
1210 4587 1269 4650 Re
1299 4606 1387 4649 sono
1420 4585 1457 4648 di
1487 4596 1617 4669 questa

333 4703 434 4756 sorte
457 4693 540 4755 adio
564 4692 622 4754 noi
647 4691 725 4756 altri
750 4693 1049 4776 philosophastri3
1074 4692 1205 4774 perche
1220 4714 1259 4756 se
1274 4713 1339 4775 per
1354 4693 1472 4757 avanti
1488 4713 1617 4776 puceu,

334 4801 379 4865 de
404 4800 461 4882 qui
488 4799 624 4862 adietro
648 4802 841 4863 haveremo
865 4804 975 4863 molto
999 4821 1079 4862 men
1104 4799 1250 4863 creditu.
