3559 5734
771 513 1018 570 ΜΗΒΗΉ

256 680 340 760 quin
364 700 420 742 me
444 680 540 760 apud
565 679 648 741 Β116111
667 678 710 742 V.
735 677 921 760 superbis
946 698 1166 758 excusarem,
1192 697 1236 740 ne
1268 677 1361 741 forte
1382 677 1535 739 tacendo

256 786 536 867 indignationem
559 788 633 865 vel,
668 787 762 868 quod
787 783 898 864 absit,
932 787 1055 847 harum
1079 804 1196 847 rerum
1220 783 1453 865 suspitionem
1476 784 1535 845 ali-

257 914 362 974 quam
386 893 612 958 incurrerem.
666 891 785 973 Quare
812 891 1016 954 beatissime
1047 901 1151 973 pater
1173 890 1366 953 humillime
1391 890 1536 953 obnixe·

259 1021 328 1081 que
352 1019 416 1063 oro
440 999 469 1061 si
494 999 577 1080 quid
603 999 724 1062 talium
749 1018 924 1081 nugarum
949 1000 993 1061 de
1018 1020 1073 1061 me
1098 999 1144 1060 ad
1169 998 1213 1060 V.
1239 998 1322 1060 ΒΜ111
1355 998 1390 1060 in
1421 1018 1537 1059 meum

257 1108 388 1170 forsam
413 1107 531 1169 odium
556 1128 577 1168 a
601 1106 812 1188 quibusdam
836 1106 924 1168 meis
949 1105 1072 1168 emulis
1101 1106 1257 1168 delatum
1288 1113 1384 1168 esset
1415 1105 1472 1166 vel
1502 1104 1538 1165 in

257 1216 412 1277 futurum
437 1213 638 1290 deferetur,
671 1213 756 1276 nihil
786 1212 870 1275 fidei
900 1213 970 1275 illis
993 1215 1146 1294 prebere
1170 1232 1237 1274 nec
1261 1212 1365 1274 facile
1390 1214 1537 1274 credere

257 1323 349 1384 velle
373 1342 429 1384 me
453 1324 500 1383 ab
524 1322 674 1383 honesto
699 1320 862 1401 iustoque
877 1321 1089 1392 concedere;
1114 1321 1300 1400 perpalam
1315 1319 1408 1382 enim
1425 1327 1479 1380 est
1503 1329 1539 1380 et

256 1429 322 1491 toti
346 1428 422 1491 fere
446 1426 659 1491 Germaniae
683 1427 864 1508 cognitum
889 1437 1057 1509 quantum
1082 1446 1152 1509 ego
1176 1446 1241 1507 pro
1267 1425 1435 1488 sedandis
1467 1425 1539 1487 illis

257 1536 466 1598 rusticorum
490 1534 607 1615 impiis
639 1534 845 1597 tumultibus
870 1533 1016 1614 egerim,
1049 1533 1225 1614 hodieque
1256 1534 1449 1607 contendo,
1479 1532 1539 1612 qui

258 1662 328 1704 non
354 1645 466 1704 solum
491 1642 586 1723 apud
610 1641 790 1722 principes
806 1640 1129 1703 confoederationis
1153 1640 1318 1702 suevicae
1343 1642 1406 1720 sed
1431 1639 1538 1702 etiam

258 1768 323 1831 per
346 1749 697 1831 Magdeburgensem
722 1759 757 1810 et
782 1749 1098 1810 Alberstadensem
1124 1746 1286 1809 dioceses
1317 1765 1389 1809 non
1420 1765 1537 1826 asper-

258 1857 412 1918 nandam
437 1855 577 1937 copiam
601 1854 770 1918 nobilium
795 1855 951 1935 equitum
977 1863 1012 1916 et
1035 1854 1182 1916 militum
1200 1856 1372 1917 adversus
1388 1852 1540 1914 rusticos

258 1983 324 2044 pro
349 1965 485 2025 honore
509 1961 691 2024 Ecclesiae
716 1962 902 2024 Romanae
927 1962 1060 2023 tuendo
1085 1972 1120 2022 et
1148 1960 1313 2042 publicae
1346 1958 1538 2040 tranquilli-

258 2069 342 2132 tatis
366 2068 637 2132 conservatione
662 2065 830 2149 impensis
854 2066 1010 2148 propriis
1033 2066 1233 2144 habuerim,
1257 2066 1293 2128 in
1318 2086 1407 2147 quas
1429 2068 1540 2128 multa

259 2174 356 2238 milia
377 2173 592 2239 florenorum
618 2186 653 2236 et
677 2174 858 2255 ingentem
883 2194 999 2236 rerum
1025 2174 1164 2254 copiam
1195 2173 1448 2254 impenderim,
1478 2174 1538 2235 ho·

261 2281 389 2362 dieque
415 2281 449 2342 in
474 2282 696 2363 corrigendis
720 2281 789 2343 illis
813 2281 962 2348 subditis
986 2281 1073 2343 meis
1101 2281 1161 2362 qui
1192 2281 1227 2342 in
1252 2292 1373 2361 partes
1402 2280 1539 2342 illorum

260 2391 435 2451 latronum
466 2389 676 2451 rusticorum
713 2397 985 2468 concesserunt,
1023 2389 1147 2450 sedulo
1188 2408 1394 2469 summoque
1423 2386 1540 2448 studio

261 2516 352 2576 ag0;
378 2505 513 2558 tantum
537 2497 649 2575 abest,
675 2495 884 2557 Beatissime
909 2495 1027 2573 Pater,
1052 2504 1090 2556 ut
1113 2496 1172 2558 vel
1195 2495 1229 2556 in
1247 2494 1458 2557 rusticorum
1483 2494 1540 2555 vel

260 2604 524 2665 lutheranorum
541 2611 661 2682 partes
685 2622 840 2684 unquam
864 2604 1062 2664 concedere
1084 2603 1141 2664 vel
1159 2602 1400 2684 cogitaverim.
1440 2601 1539 2663 Ideo-

263 2729 332 2789 que
356 2709 496 2772 interim
521 2728 584 2771 oro
608 2729 653 2772 ne
677 2708 872 2772 istiusmodi
898 2709 997 2770 vanis
1022 2709 1191 2790 falsisque
1215 2709 1335 2791 nugis,
1367 2707 1396 2770 si
1420 2707 1541 2770 forsan

264 2817 308 2878 de
331 2836 388 2878 me
414 2817 457 2878 ad
475 2816 519 2879 V.
544 2816 584 2877 B.
611 2817 751 2878 delatae
777 2825 896 2879 essent
919 2817 1078 2898 credere,
1103 2817 1189 2897 quin
1213 2816 1317 2878 immo
1342 2815 1410 2878 sibi
1425 2817 1541 2877 deme

261 2925 477 3004 persuadere
501 2923 589 2987 velit
613 2925 708 3004 quod
733 2922 793 2985 illa
817 2924 941 2985 sedulo
967 2922 1031 2985 sim
1060 2922 1218 2986 facturus
1250 2942 1341 3004 quae
1374 2921 1540 2984 obedien·

261 3029 431 3091 tissimum
456 3049 631 3112 quemque
655 3032 784 3091 decent
808 3027 916 3091 filium
941 3042 976 3092 et
1001 3050 1092 3110 quae
1117 3030 1162 3092 ad
1186 3031 1355 3092 tuendum
1370 3030 1542 3091 honorem

262 3135 514 3217 omnipotentis
538 3136 607 3199 Dei
631 3146 843 3216 vestraeque
868 3135 1105 3199 Beatitudinis
1129 3157 1170 3199 ac
1195 3133 1231 3198 S.
1247 3136 1294 3199 R.
1312 3136 1407 3198 Eccl.
1432 3137 1540 3198 hono-

262 3263 336 3305 rem
359 3241 697 3324 amplitudinemque
722 3243 923 3324 augendam
948 3243 1196 3325 publicamque
1230 3263 1354 3325 pacem
1386 3254 1421 3305 et
1451 3253 1543 3303 tran·

263 3349 473 3430 quillitatem
498 3350 779 3413 conservandam
793 3348 974 3431 pertinere
991 3349 1216 3412 videbuntur.
1233 3397 1240 3413 .
1258 3398 1265 3412 .
1285 3401 1291 3415 .
1320 3350 1401 3414 Dat.
1427 3348 1544 3411 Hallis

264 3478 310 3518 ex
336 3476 418 3519 arce
443 3456 515 3518 divi
539 3455 692 3519 Maurini
725 3455 782 3518 die
807 3453 957 3518 Sabathi
989 3456 1156 3519 vicesima
1190 3476 1284 3519 nona
1314 3456 1448 3519 Mensis
1472 3455 1544 3517 Au·

262 3563 368 3646 gusti,
392 3566 499 3626 Anno
524 3563 666 3626 Domini
690 3562 890 3628 MDXXV.

1125 3725 1283 3774 Humillima
1301 3731 1420 3773 creatura

1080 3812 1213 3876 rilem·
1232 3812 1312 3873 tart.
1331 3812 1454 3886 iuml.

353 4082 546 4143 Praeterea
570 4078 780 4142 Beatissime
806 4079 914 4142 Pater
938 4101 983 4142 ex
1009 4080 1129 4144 debito
1155 4080 1381 4144 obedientiae
1405 4092 1440 4143 et
1459 4079 1543 4143 filia-

265 4190 306 4250 lis
330 4185 559 4251 subiectionis
584 4205 702 4266 meae,
739 4186 782 4250 V.
808 4186 892 4248 ΒΜ1ιὶ
924 4188 1036 4249 latere
1065 4186 1171 4249 nolim
1203 4188 1332 4250 multos
1365 4188 1546 4270 principes

264 4297 359 4357 haud
384 4295 628 4375 aspernandae
654 4292 873 4355 auctoritatis
897 4314 963 4375 per
987 4291 1213 4356 Germaniam
1238 4313 1317 4356 cum
1332 4294 1545 4375 quibusdam

265 4400 468 4464 civitatibus
492 4399 634 4482 Imperii
659 4414 695 4462 et
719 4399 860 4480 quidem
887 4399 1025 4462 eximiis
1049 4399 1289 4481 conspirasse,
1321 4409 1453 4463 sectam
1478 4401 1544 4462 Lu·

266 4512 492 4571 theranorum
527 4507 561 4568 vi
597 4507 748 4589 quadarn
785 4518 820 4568 et
853 4507 959 4569 armis
997 4506 1192 4570 defendere
1227 4528 1269 4569 ac
1303 4519 1545 4587 manutenere,

266 4617 360 4697 quod
385 4613 530 4678 indubie
555 4635 633 4677 cum
657 4614 811 4677 maximo
835 4614 1019 4695 religionis
1043 4626 1185 4677 nostrae
1209 4615 1368 4696 periculo
1402 4625 1438 4678 et
1467 4635 1543 4677 san·

267 4722 383 4802 guinis
407 4721 589 4785 christiani
613 4721 814 4803 perditione
840 4723 1072 4803 conabuntur,
1104 4721 1171 4784 nisi
1196 4722 1239 4784 V.
1274 4721 1335 4783 Β(10
1361 4722 1545 4803 oportunis

266 4827 431 4892 remediis
455 4829 649 4891 eorundam
674 4828 750 4910 (sic)
775 4828 961 4891 conatibus
985 4828 1131 4890 obviare
1156 4827 1392 4891 meditabitur.
1445 4828 1544 4892 Haec
