<?xml version="1.0" encoding="UTF-8"?>
<!DOCTYPE html PUBLIC "-//W3C//DTD XHTML 1.0 Transitional//EN"
    "http://www.w3.org/TR/xhtml1/DTD/xhtml1-transitional.dtd">
<html xmlns="http://www.w3.org/1999/xhtml" xml:lang="en" lang="en">
 <head>
  <title>
</title>
<meta http-equiv="Content-Type" content="text/html;charset=utf-8" />
  <meta name='ocr-system' content='tesseract 3.04.00' />
  <meta name='ocr-capabilities' content='ocr_page ocr_carea ocr_par ocr_line ocrx_word'/>
</head>
<body>
  <div class='ocr_page' id='page_1' title='image "./monumentareform01vatigoog_0146.png"; bbox 0 0 3559 5734; ppageno 0'>
   <div class='ocr_carea' id='block_1_1' title="bbox 813 521 1060 580">
    <p class='ocr_par' dir='ltr' id='par_1_1' title="bbox 813 521 1060 580">
     <span class='ocr_line' id='line_1_1' title="bbox 813 521 1060 580; baseline -0.004 0"><span class='ocrx_word' id='word_1_1' title='bbox 813 521 871 580; x_wconf 51' lang='grc' dir='ltr'>ΜΒ</span> <span class='ocrx_word' id='word_1_2' title='bbox 911 522 963 580; x_wconf 85' lang='grc'>118</span> <span class='ocrx_word' id='word_1_3' title='bbox 1001 525 1060 579; x_wconf 52' lang='grc' dir='ltr'>ΕΜ</span> 
     </span>
    </p>
   </div>
   <div class='ocr_carea' id='block_1_2' title="bbox 292 670 1578 3540">
    <p class='ocr_par' dir='ltr' id='par_1_2' title="bbox 294 670 1578 1398">
     <span class='ocr_line' id='line_1_2' title="bbox 296 670 1574 754; baseline -0.002 -18"><span class='ocrx_word' id='word_1_4' title='bbox 296 684 390 737; x_wconf 86' lang='lat' dir='ltr'>esset</span> <span class='ocrx_word' id='word_1_5' title='bbox 413 670 580 751; x_wconf 84' lang='lat' dir='ltr'>facturus,</span> <span class='ocrx_word' id='word_1_6' title='bbox 606 671 701 753; x_wconf 88' lang='lat' dir='ltr'>quod</span> <span class='ocrx_word' id='word_1_7' title='bbox 725 692 772 733; x_wconf 84' lang='lat' dir='ltr'>ex</span> <span class='ocrx_word' id='word_1_8' title='bbox 797 680 879 734; x_wconf 92' lang='lat' dir='ltr'>tunc</span> <span class='ocrx_word' id='word_1_9' title='bbox 903 672 1004 735; x_wconf 84' lang='lat' dir='ltr'>iuxta</span> <span class='ocrx_word' id='word_1_10' title='bbox 1020 681 1055 734; x_wconf 93' lang='lat' dir='ltr'>et</span> <span class='ocrx_word' id='word_1_11' title='bbox 1070 674 1164 754; x_wconf 91' lang='lat' dir='ltr'>apud</span> <span class='ocrx_word' id='word_1_12' title='bbox 1183 671 1393 735; x_wconf 80' lang='lat' dir='ltr'>Caesaream</span> <span class='ocrx_word' id='word_1_13' title='bbox 1411 670 1574 734; x_wconf 91' lang='lat' dir='ltr'>Maiesta-</span> 
     </span>
     <span class='ocr_line' id='line_1_3' title="bbox 296 777 1576 862; baseline -0.004 -18"><span class='ocrx_word' id='word_1_14' title='bbox 296 793 365 844; x_wconf 86' lang='lat' dir='ltr'>tem</span> <span class='ocrx_word' id='word_1_15' title='bbox 398 801 516 862; x_wconf 82' lang='lat' dir='ltr'>supra=</span> <span class='ocrx_word' id='word_1_16' title='bbox 535 789 722 860; x_wconf 88' lang='lat' dir='ltr'>parentum</span> <span class='ocrx_word' id='word_1_17' title='bbox 754 799 896 841; x_wconf 89' lang='lat' dir='ltr'>suorum</span> <span class='ocrx_word' id='word_1_18' title='bbox 927 788 963 841; x_wconf 92' lang='lat' dir='ltr'>et</span> <span class='ocrx_word' id='word_1_19' title='bbox 987 779 1256 860; x_wconf 87' lang='lat' dir='ltr'>progenitorum</span> <span class='ocrx_word' id='word_1_20' title='bbox 1280 777 1402 855; x_wconf 89' lang='lat' dir='ltr'>fidem,</span> <span class='ocrx_word' id='word_1_21' title='bbox 1438 790 1473 841; x_wconf 90' lang='lat' dir='ltr'>et</span> <span class='ocrx_word' id='word_1_22' title='bbox 1496 778 1576 840; x_wconf 89' lang='lat' dir='ltr'>arti-</span> 
     </span>
     <span class='ocr_line' id='line_1_4' title="bbox 296 884 1578 966; baseline -0.003 -16"><span class='ocrx_word' id='word_1_23' title='bbox 296 892 394 950; x_wconf 89' lang='lat' dir='ltr'><strong>culos</strong></span> <span class='ocrx_word' id='word_1_24' title='bbox 411 885 633 949; x_wconf 78' lang='lat' dir='ltr'>Christianae</span> <span class='ocrx_word' id='word_1_25' title='bbox 656 884 739 948; x_wconf 91' lang='lat' dir='ltr'>fidei</span> <span class='ocrx_word' id='word_1_26' title='bbox 763 888 901 966; x_wconf 86' lang='lat' dir='ltr'>absque</span> <span class='ocrx_word' id='word_1_27' title='bbox 925 885 1083 948; x_wconf 90' lang='lat' dir='ltr'>ulteriori</span> <span class='ocrx_word' id='word_1_28' title='bbox 1108 886 1346 966; x_wconf 87' lang='lat' dir='ltr'>disputatione</span> <span class='ocrx_word' id='word_1_29' title='bbox 1368 905 1578 966; x_wconf 88' lang='lat' dir='ltr'>permanere</span> 
     </span>
     <span class='ocr_line' id='line_1_5' title="bbox 296 991 1576 1073; baseline -0.004 -15"><span class='ocrx_word' id='word_1_30' title='bbox 296 1006 332 1058; x_wconf 90' lang='lat' dir='ltr'>et</span> <span class='ocrx_word' id='word_1_31' title='bbox 361 995 552 1073; x_wconf 86' lang='lat' dir='ltr'>adherere,</span> <span class='ocrx_word' id='word_1_32' title='bbox 594 1003 636 1056; x_wconf 88' lang='lat' dir='ltr'>et·</span> <span class='ocrx_word' id='word_1_33' title='bbox 659 992 859 1054; x_wconf 91' lang='lat' dir='ltr'>huiusmodi</span> <span class='ocrx_word' id='word_1_34' title='bbox 890 991 995 1055; x_wconf 87' lang='lat' dir='ltr'>fidem</span> <span class='ocrx_word' id='word_1_35' title='bbox 1031 994 1124 1055; x_wconf 92' lang='lat' dir='ltr'>velle</span> <span class='ocrx_word' id='word_1_36' title='bbox 1161 993 1457 1055; x_wconf 87' lang='lat' dir='ltr'>manutenendam</span> <span class='ocrx_word' id='word_1_37' title='bbox 1482 992 1576 1054; x_wconf 92' lang='lat' dir='ltr'>adiu-</span> 
     </span>
     <span class='ocr_line' id='line_1_6' title="bbox 295 1099 1574 1182; baseline 0 -20"><span class='ocrx_word' id='word_1_38' title='bbox 295 1122 380 1164; x_wconf 87' lang='lat' dir='ltr'>vare</span> <span class='ocrx_word' id='word_1_39' title='bbox 414 1110 481 1163; x_wconf 90' lang='lat' dir='ltr'>etc.</span> <span class='ocrx_word' id='word_1_40' title='bbox 513 1109 548 1162; x_wconf 92' lang='lat' dir='ltr'>et</span> <span class='ocrx_word' id='word_1_41' title='bbox 578 1100 722 1162; x_wconf 91' lang='lat' dir='ltr'>tandem</span> <span class='ocrx_word' id='word_1_42' title='bbox 753 1110 935 1180; x_wconf 90' lang='lat' dir='ltr'>postremo</span> <span class='ocrx_word' id='word_1_43' title='bbox 968 1120 1041 1162; x_wconf 91' lang='lat' dir='ltr'>rem</span> <span class='ocrx_word' id='word_1_44' title='bbox 1075 1099 1189 1181; x_wconf 88' lang='lat' dir='ltr'>ipsam</span> <span class='ocrx_word' id='word_1_45' title='bbox 1221 1100 1383 1182; x_wconf 85' lang='lat' dir='ltr'>posuisse</span> <span class='ocrx_word' id='word_1_46' title='bbox 1414 1102 1459 1162; x_wconf 90' lang='lat' dir='ltr'>ad</span> <span class='ocrx_word' id='word_1_47' title='bbox 1492 1101 1574 1162; x_wconf 92' lang='lat' dir='ltr'>ulte·</span> 
     </span>
     <span class='ocr_line' id='line_1_7' title="bbox 294 1206 1577 1289; baseline -0.003 -18"><span class='ocrx_word' id='word_1_48' title='bbox 294 1209 424 1271; x_wconf 89' lang='lat' dir='ltr'>riorem</span> <span class='ocrx_word' id='word_1_49' title='bbox 452 1206 651 1270; x_wconf 88' lang='lat' dir='ltr'>Maiestatis</span> <span class='ocrx_word' id='word_1_50' title='bbox 676 1208 874 1268; x_wconf 83' lang='lat' dir='ltr'>Caesareae</span> <span class='ocrx_word' id='word_1_51' title='bbox 911 1206 1204 1269; x_wconf 83' lang='lat' dir='ltr'>deliberationem</span> <span class='ocrx_word' id='word_1_52' title='bbox 1238 1217 1272 1270; x_wconf 92' lang='lat' dir='ltr'>et</span> <span class='ocrx_word' id='word_1_53' title='bbox 1304 1206 1577 1289; x_wconf 85' lang='lat' dir='ltr'>beneplacitum,</span> 
     </span>
     <span class='ocr_line' id='line_1_8' title="bbox 295 1311 1495 1398; baseline -0.003 -20"><span class='ocrx_word' id='word_1_54' title='bbox 295 1317 389 1398; x_wconf 90' lang='lat' dir='ltr'>quod</span> <span class='ocrx_word' id='word_1_55' title='bbox 413 1315 548 1396; x_wconf 90' lang='lat' dir='ltr'>pariter</span> <span class='ocrx_word' id='word_1_56' title='bbox 572 1313 649 1394; x_wconf 88' lang='lat' dir='ltr'>ipsa</span> <span class='ocrx_word' id='word_1_57' title='bbox 674 1311 850 1375; x_wconf 87' lang='lat' dir='ltr'>Caesarea</span> <span class='ocrx_word' id='word_1_58' title='bbox 873 1312 1043 1376; x_wconf 85' lang='lat' dir='ltr'>Maiestas</span> <span class='ocrx_word' id='word_1_59' title='bbox 1068 1315 1261 1376; x_wconf 91' lang='lat' dir='ltr'>clementer</span> <span class='ocrx_word' id='word_1_60' title='bbox 1284 1312 1495 1394; x_wconf 87' lang='lat' dir='ltr'>acceptavit.</span> 
     </span>
    </p>

    <p class='ocr_par' dir='ltr' id='par_1_3' title="bbox 294 1418 1578 2361">
     <span class='ocr_line' id='line_1_9' title="bbox 383 1418 1578 1503; baseline -0.003 -19"><span class='ocrx_word' id='word_1_61' title='bbox 383 1422 523 1484; x_wconf 90' lang='lat' dir='ltr'>Deinde</span> <span class='ocrx_word' id='word_1_62' title='bbox 548 1440 654 1501; x_wconf 89' lang='lat' dir='ltr'>super</span> <span class='ocrx_word' id='word_1_63' title='bbox 677 1418 876 1482; x_wconf 88' lang='lat' dir='ltr'>huiusmodi</span> <span class='ocrx_word' id='word_1_64' title='bbox 902 1419 1142 1503; x_wconf 89' lang='lat' dir='ltr'>disputatione</span> <span class='ocrx_word' id='word_1_65' title='bbox 1166 1421 1435 1483; x_wconf 89' lang='lat' dir='ltr'>consultationis</span> <span class='ocrx_word' id='word_1_66' title='bbox 1456 1440 1578 1482; x_wconf 89' lang='lat' dir='ltr'>eorum</span> 
     </span>
     <span class='ocr_line' id='line_1_10' title="bbox 295 1528 1577 1612; baseline -0.005 -18"><span class='ocrx_word' id='word_1_67' title='bbox 295 1541 331 1594; x_wconf 91' lang='lat' dir='ltr'>et</span> <span class='ocrx_word' id='word_1_68' title='bbox 363 1530 497 1612; x_wconf 89' lang='lat' dir='ltr'>pariter</span> <span class='ocrx_word' id='word_1_69' title='bbox 522 1528 753 1607; x_wconf 85' lang='lat' dir='ltr'>exhibitione,</span> <span class='ocrx_word' id='word_1_70' title='bbox 785 1529 880 1609; x_wconf 91' lang='lat' dir='ltr'>apud</span> <span class='ocrx_word' id='word_1_71' title='bbox 905 1548 943 1590; x_wconf 89' lang='lat' dir='ltr'>se</span> <span class='ocrx_word' id='word_1_72' title='bbox 968 1528 1145 1591; x_wconf 89' lang='lat' dir='ltr'>Caesarea</span> <span class='ocrx_word' id='word_1_73' title='bbox 1167 1528 1337 1590; x_wconf 89' lang='lat' dir='ltr'>Maiestas</span> <span class='ocrx_word' id='word_1_74' title='bbox 1360 1538 1497 1590; x_wconf 88' lang='lat' dir='ltr'>mature</span> <span class='ocrx_word' id='word_1_75' title='bbox 1521 1528 1577 1589; x_wconf 91' lang='lat' dir='ltr'>de·</span> 
     </span>
     <span class='ocr_line' id='line_1_11' title="bbox 295 1633 1576 1699; baseline -0.003 0"><span class='ocrx_word' id='word_1_76' title='bbox 295 1636 459 1699; x_wconf 90' lang='lat' dir='ltr'>liberavit</span> <span class='ocrx_word' id='word_1_77' title='bbox 495 1647 531 1699; x_wconf 92' lang='lat' dir='ltr'>et</span> <span class='ocrx_word' id='word_1_78' title='bbox 565 1633 739 1697; x_wconf 85' lang='lat' dir='ltr'>conclusit</span> <span class='ocrx_word' id='word_1_79' title='bbox 772 1634 816 1695; x_wconf 91' lang='lat' dir='ltr'>ad</span> <span class='ocrx_word' id='word_1_80' title='bbox 848 1635 1049 1697; x_wconf 88' lang='lat' dir='ltr'>vocandum</span> <span class='ocrx_word' id='word_1_81' title='bbox 1080 1634 1272 1697; x_wconf 89' lang='lat' dir='ltr'>Martinum</span> <span class='ocrx_word' id='word_1_82' title='bbox 1304 1635 1498 1696; x_wconf 90' lang='lat' dir='ltr'>Lutherum</span> <span class='ocrx_word' id='word_1_83' title='bbox 1532 1635 1576 1695; x_wconf 90' lang='lat' dir='ltr'>ad</span> 
     </span>
     <span class='ocr_line' id='line_1_12' title="bbox 295 1739 1577 1824; baseline -0.003 -19"><span class='ocrx_word' id='word_1_84' title='bbox 295 1745 387 1806; x_wconf 90' lang='lat' dir='ltr'>hunc</span> <span class='ocrx_word' id='word_1_85' title='bbox 413 1746 539 1824; x_wconf 81' lang='lat' dir='ltr'>locum,</span> <span class='ocrx_word' id='word_1_86' title='bbox 563 1752 600 1805; x_wconf 93' lang='lat' dir='ltr'>et</span> <span class='ocrx_word' id='word_1_87' title='bbox 623 1739 840 1804; x_wconf 86' lang='lat' dir='ltr'>sufficienter</span> <span class='ocrx_word' id='word_1_88' title='bbox 865 1742 1124 1823; x_wconf 86' lang='lat' dir='ltr'>providendum</span> <span class='ocrx_word' id='word_1_89' title='bbox 1149 1742 1182 1804; x_wconf 91' lang='lat' dir='ltr'>ei</span> <span class='ocrx_word' id='word_1_90' title='bbox 1205 1743 1251 1804; x_wconf 93' lang='lat' dir='ltr'>de</span> <span class='ocrx_word' id='word_1_91' title='bbox 1275 1743 1375 1804; x_wconf 92' lang='lat' dir='ltr'>salvo</span> <span class='ocrx_word' id='word_1_92' title='bbox 1400 1742 1577 1803; x_wconf 86' lang='lat' dir='ltr'>conductu</span> 
     </span>
     <span class='ocr_line' id='line_1_13' title="bbox 296 1848 1576 1913; baseline -0.001 -1"><span class='ocrx_word' id='word_1_93' title='bbox 296 1849 462 1913; x_wconf 89' lang='lat' dir='ltr'>veniendi</span> <span class='ocrx_word' id='word_1_94' title='bbox 497 1859 533 1912; x_wconf 89' lang='lat' dir='ltr'>et</span> <span class='ocrx_word' id='word_1_95' title='bbox 565 1849 757 1912; x_wconf 89' lang='lat' dir='ltr'>recedendi</span> <span class='ocrx_word' id='word_1_96' title='bbox 789 1870 831 1910; x_wconf 91' lang='lat' dir='ltr'>ac</span> <span class='ocrx_word' id='word_1_97' title='bbox 862 1848 1036 1912; x_wconf 90' lang='lat' dir='ltr'>redeundi</span> <span class='ocrx_word' id='word_1_98' title='bbox 1067 1850 1113 1911; x_wconf 93' lang='lat' dir='ltr'>ad</span> <span class='ocrx_word' id='word_1_99' title='bbox 1144 1848 1369 1911; x_wconf 77' lang='lat' dir='ltr'>securitatem</span> <span class='ocrx_word' id='word_1_100' title='bbox 1400 1869 1497 1910; x_wconf 88' lang='lat' dir='ltr'>suam</span> <span class='ocrx_word' id='word_1_101' title='bbox 1532 1849 1576 1911; x_wconf 88' lang='lat' dir='ltr'>ad</span> 
     </span>
     <span class='ocr_line' id='line_1_14' title="bbox 295 1955 1575 2038; baseline -0.002 -20"><span class='ocrx_word' id='word_1_102' title='bbox 295 1957 586 2038; x_wconf 89' lang='lat' dir='ltr'>interrogandum</span> <span class='ocrx_word' id='word_1_103' title='bbox 620 1965 655 2019; x_wconf 89' lang='lat' dir='ltr'>et</span> <span class='ocrx_word' id='word_1_104' title='bbox 687 1955 902 2020; x_wconf 89' lang='lat' dir='ltr'>audiendum</span> <span class='ocrx_word' id='word_1_105' title='bbox 932 1977 1027 2034; x_wconf 89' lang='lat' dir='ltr'>eum,</span> <span class='ocrx_word' id='word_1_106' title='bbox 1061 1966 1099 2018; x_wconf 92' lang='lat' dir='ltr'>ut</span> <span class='ocrx_word' id='word_1_107' title='bbox 1124 1955 1354 2037; x_wconf 90' lang='lat' dir='ltr'>praemissum</span> <span class='ocrx_word' id='word_1_108' title='bbox 1379 1966 1451 2035; x_wconf 88' lang='lat' dir='ltr'>est,</span> <span class='ocrx_word' id='word_1_109' title='bbox 1482 1955 1575 2036; x_wconf 91' lang='lat' dir='ltr'>quod</span> 
     </span>
     <span class='ocr_line' id='line_1_15' title="bbox 295 2062 1577 2146; baseline -0.001 -21"><span class='ocrx_word' id='word_1_110' title='bbox 295 2064 399 2127; x_wconf 89' lang='lat' dir='ltr'>etiam</span> <span class='ocrx_word' id='word_1_111' title='bbox 424 2064 493 2126; x_wconf 89' lang='lat' dir='ltr'>iam</span> <span class='ocrx_word' id='word_1_112' title='bbox 517 2084 582 2146; x_wconf 89' lang='lat' dir='ltr'>per</span> <span class='ocrx_word' id='word_1_113' title='bbox 606 2073 771 2145; x_wconf 89' lang='lat' dir='ltr'>patentes</span> <span class='ocrx_word' id='word_1_114' title='bbox 794 2063 916 2125; x_wconf 90' lang='lat' dir='ltr'>literas</span> <span class='ocrx_word' id='word_1_115' title='bbox 940 2062 1113 2125; x_wconf 88' lang='lat' dir='ltr'>universis</span> <span class='ocrx_word' id='word_1_116' title='bbox 1130 2063 1305 2125; x_wconf 87' lang='lat' dir='ltr'>intimavit</span> <span class='ocrx_word' id='word_1_117' title='bbox 1321 2082 1399 2124; x_wconf 92' lang='lat' dir='ltr'>cum</span> <span class='ocrx_word' id='word_1_118' title='bbox 1416 2081 1577 2144; x_wconf 89' lang='lat' dir='ltr'>appenso</span> 
     </span>
     <span class='ocr_line' id='line_1_16' title="bbox 294 2169 1577 2253; baseline -0.002 -20"><span class='ocrx_word' id='word_1_119' title='bbox 294 2173 479 2251; x_wconf 87' lang='lat' dir='ltr'>mandato,</span> <span class='ocrx_word' id='word_1_120' title='bbox 517 2172 613 2253; x_wconf 87' lang='lat' dir='ltr'>quod</span> <span class='ocrx_word' id='word_1_121' title='bbox 643 2172 827 2234; x_wconf 88' lang='lat' dir='ltr'>Electores</span> <span class='ocrx_word' id='word_1_122' title='bbox 858 2169 1115 2252; x_wconf 89' lang='lat' dir='ltr'>Principesque</span> <span class='ocrx_word' id='word_1_123' title='bbox 1147 2181 1181 2232; x_wconf 92' lang='lat' dir='ltr'>et</span> <span class='ocrx_word' id='word_1_124' title='bbox 1214 2179 1327 2233; x_wconf 89' lang='lat' dir='ltr'>status</span> <span class='ocrx_word' id='word_1_125' title='bbox 1357 2169 1500 2251; x_wconf 91' lang='lat' dir='ltr'>Imperii</span> <span class='ocrx_word' id='word_1_126' title='bbox 1532 2189 1577 2231; x_wconf 84' lang='lat' dir='ltr'>ex</span> 
     </span>
     <span class='ocr_line' id='line_1_17' title="bbox 294 2278 1013 2361; baseline -0.001 -21"><span class='ocrx_word' id='word_1_127' title='bbox 294 2289 418 2341; x_wconf 91' lang='lat' dir='ltr'>tenore</span> <span class='ocrx_word' id='word_1_128' title='bbox 443 2280 629 2360; x_wconf 89' lang='lat' dir='ltr'>appositae</span> <span class='ocrx_word' id='word_1_129' title='bbox 654 2279 780 2361; x_wconf 89' lang='lat' dir='ltr'>copiae</span> <span class='ocrx_word' id='word_1_130' title='bbox 805 2278 1013 2360; x_wconf 91' lang='lat' dir='ltr'>percipient.</span> 
     </span>
    </p>

    <p class='ocr_par' dir='ltr' id='par_1_4' title="bbox 292 2381 1577 3540">
     <span class='ocr_line' id='line_1_18' title="bbox 383 2381 1577 2468; baseline -0.003 -20"><span class='ocrx_word' id='word_1_131' title='bbox 383 2386 517 2449; x_wconf 90' lang='lat' dir='ltr'>Verum</span> <span class='ocrx_word' id='word_1_132' title='bbox 533 2387 628 2468; x_wconf 88' lang='lat' dir='ltr'>quod</span> <span class='ocrx_word' id='word_1_133' title='bbox 644 2385 835 2449; x_wconf 88' lang='lat' dir='ltr'>novissime</span> <span class='ocrx_word' id='word_1_134' title='bbox 850 2384 919 2467; x_wconf 86' lang='lat' dir='ltr'>ipsi</span> <span class='ocrx_word' id='word_1_135' title='bbox 933 2385 1115 2448; x_wconf 89' lang='lat' dir='ltr'>Electores</span> <span class='ocrx_word' id='word_1_136' title='bbox 1129 2384 1385 2465; x_wconf 90' lang='lat' dir='ltr'>Principesque</span> <span class='ocrx_word' id='word_1_137' title='bbox 1401 2404 1441 2445; x_wconf 87' lang='lat' dir='ltr'>ac</span> <span class='ocrx_word' id='word_1_138' title='bbox 1456 2381 1577 2445; x_wconf 89' lang='lat' dir='ltr'>Status</span> 
     </span>
     <span class='ocr_line' id='line_1_19' title="bbox 294 2491 1576 2575; baseline 0 -22"><span class='ocrx_word' id='word_1_139' title='bbox 294 2492 437 2573; x_wconf 87' lang='lat' dir='ltr'>Imperii</span> <span class='ocrx_word' id='word_1_140' title='bbox 462 2494 655 2574; x_wconf 88' lang='lat' dir='ltr'>requirunt,</span> <span class='ocrx_word' id='word_1_141' title='bbox 680 2494 775 2575; x_wconf 92' lang='lat' dir='ltr'>quod</span> <span class='ocrx_word' id='word_1_142' title='bbox 798 2492 971 2555; x_wconf 89' lang='lat' dir='ltr'>Maiestas</span> <span class='ocrx_word' id='word_1_143' title='bbox 994 2491 1172 2555; x_wconf 88' lang='lat' dir='ltr'>Caesarea</span> <span class='ocrx_word' id='word_1_144' title='bbox 1195 2491 1382 2573; x_wconf 89' lang='lat' dir='ltr'>provideat</span> <span class='ocrx_word' id='word_1_145' title='bbox 1406 2502 1441 2553; x_wconf 90' lang='lat' dir='ltr'>et</span> <span class='ocrx_word' id='word_1_146' title='bbox 1466 2491 1576 2553; x_wconf 86' lang='lat' dir='ltr'>inten-</span> 
     </span>
     <span class='ocr_line' id='line_1_20' title="bbox 295 2597 1576 2683; baseline -0.003 -21"><span class='ocrx_word' id='word_1_147' title='bbox 295 2602 356 2663; x_wconf 91' lang='lat' dir='ltr'>dat</span> <span class='ocrx_word' id='word_1_148' title='bbox 385 2600 545 2683; x_wconf 84' lang='lat' dir='ltr'>gratiose</span> <span class='ocrx_word' id='word_1_149' title='bbox 578 2603 673 2683; x_wconf 93' lang='lat' dir='ltr'>quod</span> <span class='ocrx_word' id='word_1_150' title='bbox 707 2600 916 2682; x_wconf 85' lang='lat' dir='ltr'>gravamina</span> <span class='ocrx_word' id='word_1_151' title='bbox 947 2611 982 2662; x_wconf 90' lang='lat' dir='ltr'>et</span> <span class='ocrx_word' id='word_1_152' title='bbox 1012 2602 1143 2662; x_wconf 89' lang='lat' dir='ltr'>abusus</span> <span class='ocrx_word' id='word_1_153' title='bbox 1167 2599 1226 2679; x_wconf 92' lang='lat' dir='ltr'>qui</span> <span class='ocrx_word' id='word_1_154' title='bbox 1251 2617 1353 2659; x_wconf 91' lang='lat' dir='ltr'>sacro</span> <span class='ocrx_word' id='word_1_155' title='bbox 1378 2597 1531 2678; x_wconf 89' lang='lat' dir='ltr'>Imperio</span> <span class='ocrx_word' id='word_1_156' title='bbox 1556 2618 1576 2658; x_wconf 83' lang='lat' dir='ltr'>a</span> 
     </span>
     <span class='ocr_line' id='line_1_21' title="bbox 294 2705 1576 2789; baseline -0.004 -20"><span class='ocrx_word' id='word_1_157' title='bbox 294 2705 389 2769; x_wconf 88' lang='lat' dir='ltr'>Sede</span> <span class='ocrx_word' id='word_1_158' title='bbox 421 2707 631 2789; x_wconf 89' lang='lat' dir='ltr'>Apostolica</span> <span class='ocrx_word' id='word_1_159' title='bbox 664 2707 781 2771; x_wconf 89' lang='lat' dir='ltr'>multis</span> <span class='ocrx_word' id='word_1_160' title='bbox 814 2708 928 2770; x_wconf 92' lang='lat' dir='ltr'>modis</span> <span class='ocrx_word' id='word_1_161' title='bbox 962 2707 1178 2785; x_wconf 82' lang='lat' dir='ltr'>inferuntur,</span> <span class='ocrx_word' id='word_1_162' title='bbox 1211 2706 1257 2767; x_wconf 91' lang='lat' dir='ltr'>ad</span> <span class='ocrx_word' id='word_1_163' title='bbox 1290 2706 1509 2767; x_wconf 87' lang='lat' dir='ltr'>tollerabiles</span> <span class='ocrx_word' id='word_1_164' title='bbox 1542 2718 1576 2765; x_wconf 86' lang='lat' dir='ltr'>et</span> 
     </span>
     <span class='ocr_line' id='line_1_22' title="bbox 294 2813 1577 2896; baseline -0.003 -20"><span class='ocrx_word' id='word_1_165' title='bbox 294 2815 491 2896; x_wconf 86' lang='lat' dir='ltr'>portabiles</span> <span class='ocrx_word' id='word_1_166' title='bbox 522 2817 647 2878; x_wconf 92' lang='lat' dir='ltr'>modos</span> <span class='ocrx_word' id='word_1_167' title='bbox 679 2816 913 2894; x_wconf 85' lang='lat' dir='ltr'>reducantur,</span> <span class='ocrx_word' id='word_1_168' title='bbox 945 2814 1122 2878; x_wconf 89' lang='lat' dir='ltr'>Caesarea</span> <span class='ocrx_word' id='word_1_169' title='bbox 1146 2814 1313 2895; x_wconf 85' lang='lat' dir='ltr'>Majestas</span> <span class='ocrx_word' id='word_1_170' title='bbox 1338 2821 1392 2873; x_wconf 90' lang='lat' dir='ltr'>est</span> <span class='ocrx_word' id='word_1_171' title='bbox 1415 2814 1507 2873; x_wconf 91' lang='lat' dir='ltr'>bene</span> <span class='ocrx_word' id='word_1_172' title='bbox 1532 2813 1577 2873; x_wconf 89' lang='lat' dir='ltr'>ad</span> 
     </span>
     <span class='ocr_line' id='line_1_23' title="bbox 293 2919 1577 3004; baseline -0.001 -20"><span class='ocrx_word' id='word_1_173' title='bbox 293 2924 383 2984; x_wconf 89' lang='lat' dir='ltr'>haec</span> <span class='ocrx_word' id='word_1_174' title='bbox 407 2942 597 3004; x_wconf 88' lang='lat' dir='ltr'>propensa.</span> <span class='ocrx_word' id='word_1_175' title='bbox 644 2923 689 2984; x_wconf 91' lang='lat' dir='ltr'>Et</span> <span class='ocrx_word' id='word_1_176' title='bbox 713 2926 759 2985; x_wconf 94' lang='lat' dir='ltr'>ob</span> <span class='ocrx_word' id='word_1_177' title='bbox 783 2922 818 2984; x_wconf 89' lang='lat' dir='ltr'>id</span> <span class='ocrx_word' id='word_1_178' title='bbox 843 2922 1043 2984; x_wconf 90' lang='lat' dir='ltr'>huiusmodi</span> <span class='ocrx_word' id='word_1_179' title='bbox 1068 2919 1277 3003; x_wconf 83' lang='lat' dir='ltr'>gravamina</span> <span class='ocrx_word' id='word_1_180' title='bbox 1301 2933 1336 2981; x_wconf 92' lang='lat' dir='ltr'>et</span> <span class='ocrx_word' id='word_1_181' title='bbox 1360 2922 1491 2983; x_wconf 88' lang='lat' dir='ltr'>abusus</span> <span class='ocrx_word' id='word_1_182' title='bbox 1506 2941 1577 2983; x_wconf 87' lang='lat' dir='ltr'>una</span> 
     </span>
     <span class='ocr_line' id='line_1_24' title="bbox 295 3026 1576 3110; baseline -0.001 -20"><span class='ocrx_word' id='word_1_183' title='bbox 295 3049 372 3091; x_wconf 90' lang='lat' dir='ltr'>curn</span> <span class='ocrx_word' id='word_1_184' title='bbox 398 3050 518 3092; x_wconf 90' lang='lat' dir='ltr'>eorum</span> <span class='ocrx_word' id='word_1_185' title='bbox 544 3028 803 3092; x_wconf 87' lang='lat' dir='ltr'>consultatione</span> <span class='ocrx_word' id='word_1_186' title='bbox 829 3041 864 3091; x_wconf 91' lang='lat' dir='ltr'>et</span> <span class='ocrx_word' id='word_1_187' title='bbox 888 3028 1056 3110; x_wconf 91' lang='lat' dir='ltr'>opinione</span> <span class='ocrx_word' id='word_1_188' title='bbox 1080 3028 1115 3090; x_wconf 93' lang='lat' dir='ltr'>in</span> <span class='ocrx_word' id='word_1_189' title='bbox 1139 3026 1280 3107; x_wconf 89' lang='lat' dir='ltr'>scriptis</span> <span class='ocrx_word' id='word_1_190' title='bbox 1297 3026 1483 3108; x_wconf 84' lang='lat' dir='ltr'>porrigere</span> <span class='ocrx_word' id='word_1_191' title='bbox 1497 3047 1576 3108; x_wconf 89' lang='lat' dir='ltr'>pos·</span> 
     </span>
     <span class='ocr_line' id='line_1_25' title="bbox 294 3135 1577 3218; baseline 0 -21"><span class='ocrx_word' id='word_1_192' title='bbox 294 3145 375 3198; x_wconf 90' lang='lat' dir='ltr'>sunt</span> <span class='ocrx_word' id='word_1_193' title='bbox 389 3135 586 3199; x_wconf 88' lang='lat' dir='ltr'>Caesareae</span> <span class='ocrx_word' id='word_1_194' title='bbox 599 3136 777 3218; x_wconf 83' lang='lat' dir='ltr'>Majestati</span> <span class='ocrx_word' id='word_1_195' title='bbox 792 3156 883 3217; x_wconf 89' lang='lat' dir='ltr'>quae</span> <span class='ocrx_word' id='word_1_196' title='bbox 899 3145 1025 3217; x_wconf 91' lang='lat' dir='ltr'>postea</span> <span class='ocrx_word' id='word_1_197' title='bbox 1042 3155 1149 3217; x_wconf 91' lang='lat' dir='ltr'>super</span> <span class='ocrx_word' id='word_1_198' title='bbox 1165 3135 1301 3196; x_wconf 89' lang='lat' dir='ltr'>illorum</span> <span class='ocrx_word' id='word_1_199' title='bbox 1316 3136 1577 3197; x_wconf 90' lang='lat' dir='ltr'>consultatione</span> 
     </span>
     <span class='ocr_line' id='line_1_26' title="bbox 292 3239 1575 3324; baseline -0.002 -19"><span class='ocrx_word' id='word_1_200' title='bbox 292 3253 329 3305; x_wconf 92' lang='lat' dir='ltr'>et</span> <span class='ocrx_word' id='word_1_201' title='bbox 352 3244 520 3324; x_wconf 91' lang='lat' dir='ltr'>opinione</span> <span class='ocrx_word' id='word_1_202' title='bbox 544 3243 757 3308; x_wconf 88' lang='lat' dir='ltr'>deliberabit</span> <span class='ocrx_word' id='word_1_203' title='bbox 781 3252 816 3305; x_wconf 90' lang='lat' dir='ltr'>et</span> <span class='ocrx_word' id='word_1_204' title='bbox 840 3242 1055 3305; x_wconf 86' lang='lat' dir='ltr'>consultabit</span> <span class='ocrx_word' id='word_1_205' title='bbox 1079 3242 1195 3304; x_wconf 89' lang='lat' dir='ltr'>etiam.</span> <span class='ocrx_word' id='word_1_206' title='bbox 1221 3240 1265 3302; x_wconf 90' lang='lat' dir='ltr'>Et</span> <span class='ocrx_word' id='word_1_207' title='bbox 1280 3239 1310 3301; x_wconf 86' lang='lat' dir='ltr'>si</span> <span class='ocrx_word' id='word_1_208' title='bbox 1326 3242 1411 3321; x_wconf 90' lang='lat' dir='ltr'>quid</span> <span class='ocrx_word' id='word_1_209' title='bbox 1427 3245 1575 3304; x_wconf 88' lang='lat' dir='ltr'>ulterius</span> 
     </span>
     <span class='ocr_line' id='line_1_27' title="bbox 294 3347 1575 3432; baseline -0.002 -19"><span class='ocrx_word' id='word_1_210' title='bbox 294 3352 553 3432; x_wconf 89' lang='lat' dir='ltr'>providendum</span> <span class='ocrx_word' id='word_1_211' title='bbox 578 3360 613 3413; x_wconf 89' lang='lat' dir='ltr'>et</span> <span class='ocrx_word' id='word_1_212' title='bbox 637 3353 816 3431; x_wconf 87' lang='lat' dir='ltr'>agendum</span> <span class='ocrx_word' id='word_1_213' title='bbox 840 3350 917 3429; x_wconf 86' lang='lat' dir='ltr'>erit,</span> <span class='ocrx_word' id='word_1_214' title='bbox 942 3369 1021 3412; x_wconf 90' lang='lat' dir='ltr'>curn</span> <span class='ocrx_word' id='word_1_215' title='bbox 1046 3349 1179 3412; x_wconf 87' lang='lat' dir='ltr'>eisdem</span> <span class='ocrx_word' id='word_1_216' title='bbox 1203 3347 1425 3409; x_wconf 86' lang='lat' dir='ltr'>Electoribus</span> <span class='ocrx_word' id='word_1_217' title='bbox 1450 3359 1485 3409; x_wconf 81' lang='lat' dir='ltr'>et</span> <span class='ocrx_word' id='word_1_218' title='bbox 1509 3360 1575 3411; x_wconf 88' lang='lat' dir='ltr'>sta·</span> 
     </span>
     <span class='ocr_line' id='line_1_28' title="bbox 294 3456 1179 3540; baseline -0.003 -20"><span class='ocrx_word' id='word_1_219' title='bbox 294 3458 388 3520; x_wconf 92' lang='lat' dir='ltr'>tibus</span> <span class='ocrx_word' id='word_1_220' title='bbox 412 3458 568 3540; x_wconf 90' lang='lat' dir='ltr'>benigne</span> <span class='ocrx_word' id='word_1_221' title='bbox 593 3468 628 3519; x_wconf 90' lang='lat' dir='ltr'>et</span> <span class='ocrx_word' id='word_1_222' title='bbox 652 3459 846 3521; x_wconf 90' lang='lat' dir='ltr'>clementer</span> <span class='ocrx_word' id='word_1_223' title='bbox 869 3457 1060 3538; x_wconf 87' lang='lat' dir='ltr'>interloqui</span> <span class='ocrx_word' id='word_1_224' title='bbox 1085 3456 1179 3518; x_wconf 91' lang='lat' dir='ltr'>velit.</span> 
     </span>
    </p>
   </div>
   <div class='ocr_carea' id='block_1_3' title="bbox 557 3788 1307 3993">
    <p class='ocr_par' dir='ltr' id='par_1_5' title="bbox 557 3788 1307 3993">
     <span class='ocr_line' id='line_1_29' title="bbox 908 3788 1001 3859; baseline 0 -68"><span class='ocrx_word' id='word_1_225' title='bbox 908 3794 961 3859; x_wconf 80' lang='lat'>44.</span> <span class='ocrx_word' id='word_1_226' title='bbox 998 3788 1001 3791; x_wconf 83' lang='grc'><strong>,</strong></span> 
     </span>
     <span class='ocr_line' id='line_1_30' title="bbox 557 3909 1307 3993; baseline 0.004 -3"><span class='ocrx_word' id='word_1_227' title='bbox 557 3910 702 3990; x_wconf 78' lang='lat' dir='ltr'>Carolus</span> <span class='ocrx_word' id='word_1_228' title='bbox 730 3911 768 3991; x_wconf 81' lang='lat' dir='ltr'>ll.</span> <span class='ocrx_word' id='word_1_229' title='bbox 797 3910 887 3990; x_wconf 80' lang='lat' dir='ltr'>Duri</span> <span class='ocrx_word' id='word_1_230' title='bbox 915 3909 1093 3991; x_wconf 77' lang='lat' dir='ltr'>Saronico</span> <span class='ocrx_word' id='word_1_231' title='bbox 1121 3910 1307 3993; x_wconf 79' lang='lat' dir='ltr'>Friderioo.</span> 
     </span>
    </p>
   </div>
   <div class='ocr_carea' id='block_1_4' title="bbox 751 4047 1121 4226">
    <p class='ocr_par' dir='ltr' id='par_1_6' title="bbox 751 4047 1121 4226">
     <span class='ocr_line' id='line_1_31' title="bbox 751 4047 1121 4119; baseline 0.005 -13"><span class='ocrx_word' id='word_1_232' title='bbox 751 4050 851 4117; x_wconf 74' lang='lat' dir='ltr'>(Arta</span> <span class='ocrx_word' id='word_1_233' title='bbox 868 4047 1032 4108; x_wconf 77' lang='lat' dir='ltr'>Wormao.</span> <span class='ocrx_word' id='word_1_234' title='bbox 1051 4049 1121 4119; x_wconf 76' lang='lat'>109.)</span> 
     </span>
     <span class='ocr_line' id='line_1_32' title="bbox 802 4157 1076 4226; baseline 0.007 -18"><span class='ocrx_word' id='word_1_235' title='bbox 802 4157 857 4226; x_wconf 82' lang='lat'>(11.</span> <span class='ocrx_word' id='word_1_236' title='bbox 877 4161 967 4209; x_wconf 80' lang='lat' dir='ltr'>Martii</span> <span class='ocrx_word' id='word_1_237' title='bbox 991 4162 1076 4222; x_wconf 79' lang='lat'>1521.)</span> 
     </span>
    </p>
   </div>
   <div class='ocr_carea' id='block_1_5' title="bbox 295 4284 1579 4474">
    <p class='ocr_par' dir='ltr' id='par_1_7' title="bbox 295 4284 1579 4474">
     <span class='ocr_line' id='line_1_33' title="bbox 295 4284 1579 4371; baseline 0.002 -22"><span class='ocrx_word' id='word_1_238' title='bbox 295 4287 443 4349; x_wconf 90' lang='lat' dir='ltr'>Carolus</span> <span class='ocrx_word' id='word_1_239' title='bbox 458 4284 588 4348; x_wconf 91' lang='lat' dir='ltr'>Divina</span> <span class='ocrx_word' id='word_1_240' title='bbox 604 4284 749 4347; x_wconf 87' lang='lat' dir='ltr'>favente</span> <span class='ocrx_word' id='word_1_241' title='bbox 765 4284 953 4347; x_wconf 88' lang='lat' dir='ltr'>clementia</span> <span class='ocrx_word' id='word_1_242' title='bbox 970 4286 1104 4349; x_wconf 87' lang='lat' dir='ltr'>electus</span> <span class='ocrx_word' id='word_1_243' title='bbox 1117 4286 1362 4349; x_wconf 89' lang='lat' dir='ltr'>Romanorum</span> <span class='ocrx_word' id='word_1_244' title='bbox 1381 4288 1579 4371; x_wconf 81' lang='lat' dir='ltr'>imperator</span> 
     </span>
     <span class='ocr_line' id='line_1_34' title="bbox 723 4402 1151 4474; baseline 0 -20"><span class='ocrx_word' id='word_1_245' title='bbox 723 4411 865 4473; x_wconf 89' lang='lat' dir='ltr'>semper</span> <span class='ocrx_word' id='word_1_246' title='bbox 889 4402 1060 4474; x_wconf 91' lang='lat' dir='ltr'>augustus</span> <span class='ocrx_word' id='word_1_247' title='bbox 1085 4403 1151 4455; x_wconf 90' lang='lat' dir='ltr'>etc.</span> 
     </span>
    </p>
   </div>
   <div class='ocr_carea' id='block_1_6' title="bbox 561 4505 1311 4573">
    <p class='ocr_par' dir='ltr' id='par_1_8' title="bbox 561 4505 1311 4573">
     <span class='ocr_line' id='line_1_35' title="bbox 561 4505 1311 4573; baseline 0.004 -3"><span class='ocrx_word' id='word_1_248' title='bbox 561 4507 721 4570; x_wconf 88' lang='lat' dir='ltr'>Fridrico</span> <span class='ocrx_word' id='word_1_249' title='bbox 745 4506 837 4569; x_wconf 91' lang='lat' dir='ltr'>Duci</span> <span class='ocrx_word' id='word_1_250' title='bbox 861 4505 1041 4571; x_wconf 86' lang='lat' dir='ltr'>Saxoniae</span> <span class='ocrx_word' id='word_1_251' title='bbox 1066 4509 1220 4572; x_wconf 89' lang='lat' dir='ltr'>Electori</span> <span class='ocrx_word' id='word_1_252' title='bbox 1244 4519 1311 4573; x_wconf 88' lang='lat' dir='ltr'>etc.</span> 
     </span>
    </p>
   </div>
   <div class='ocr_carea' id='block_1_7' title="bbox 294 4622 1577 4924">
    <p class='ocr_par' dir='ltr' id='par_1_9' title="bbox 294 4622 1577 4924">
     <span class='ocr_line' id='line_1_36' title="bbox 382 4622 1577 4709; baseline 0.003 -23"><span class='ocrx_word' id='word_1_253' title='bbox 382 4623 531 4688; x_wconf 90' lang='lat' dir='ltr'>Illustris</span> <span class='ocrx_word' id='word_1_254' title='bbox 555 4625 722 4706; x_wconf 89' lang='lat' dir='ltr'>princeps</span> <span class='ocrx_word' id='word_1_255' title='bbox 738 4622 881 4685; x_wconf 89' lang='lat' dir='ltr'>Elector</span> <span class='ocrx_word' id='word_1_256' title='bbox 905 4625 1170 4705; x_wconf 85' lang='lat' dir='ltr'>consanguinee</span> <span class='ocrx_word' id='word_1_257' title='bbox 1194 4625 1413 4699; x_wconf 88' lang='lat' dir='ltr'>charissime;</span> <span class='ocrx_word' id='word_1_258' title='bbox 1438 4626 1577 4709; x_wconf 89' lang='lat' dir='ltr'>scripsi-</span> 
     </span>
     <span class='ocr_line' id='line_1_37' title="bbox 294 4729 1577 4813; baseline 0.001 -18"><span class='ocrx_word' id='word_1_259' title='bbox 294 4751 371 4795; x_wconf 88' lang='lat' dir='ltr'>mus</span> <span class='ocrx_word' id='word_1_260' title='bbox 390 4730 454 4793; x_wconf 90' lang='lat' dir='ltr'>tibi</span> <span class='ocrx_word' id='word_1_261' title='bbox 469 4731 631 4813; x_wconf 84' lang='lat' dir='ltr'>proxime</span> <span class='ocrx_word' id='word_1_262' title='bbox 648 4751 694 4794; x_wconf 81' lang='lat' dir='ltr'>ex</span> <span class='ocrx_word' id='word_1_263' title='bbox 712 4729 949 4812; x_wconf 87' lang='lat' dir='ltr'>Oppenhaim,</span> <span class='ocrx_word' id='word_1_264' title='bbox 965 4733 1261 4812; x_wconf 89' lang='lat' dir='ltr'>quemadmodum</span> <span class='ocrx_word' id='word_1_265' title='bbox 1279 4732 1469 4795; x_wconf 87' lang='lat' dir='ltr'>Beatitudo</span> <span class='ocrx_word' id='word_1_266' title='bbox 1487 4734 1577 4796; x_wconf 92' lang='lat' dir='ltr'>Pon·</span> 
     </span>
     <span class='ocr_line' id='line_1_38' title="bbox 294 4836 1577 4924; baseline 0.003 -25"><span class='ocrx_word' id='word_1_267' title='bbox 294 4836 399 4900; x_wconf 87' lang='lat' dir='ltr'>tificis</span> <span class='ocrx_word' id='word_1_268' title='bbox 415 4838 489 4900; x_wconf 91' lang='lat' dir='ltr'>Nos</span> <span class='ocrx_word' id='word_1_269' title='bbox 503 4859 571 4924; x_wconf 90' lang='lat' dir='ltr'>per</span> <span class='ocrx_word' id='word_1_270' title='bbox 586 4837 761 4901; x_wconf 89' lang='lat' dir='ltr'>Nuncium</span> <span class='ocrx_word' id='word_1_271' title='bbox 777 4857 878 4899; x_wconf 88' lang='lat' dir='ltr'>suum</span> <span class='ocrx_word' id='word_1_272' title='bbox 894 4839 1027 4919; x_wconf 89' lang='lat' dir='ltr'>requiri</span> <span class='ocrx_word' id='word_1_273' title='bbox 1042 4839 1197 4920; x_wconf 80' lang='lat' dir='ltr'>iecisset,</span> <span class='ocrx_word' id='word_1_274' title='bbox 1215 4848 1252 4900; x_wconf 90' lang='lat' dir='ltr'>ut</span> <span class='ocrx_word' id='word_1_275' title='bbox 1269 4838 1414 4902; x_wconf 91' lang='lat' dir='ltr'>Martini</span> <span class='ocrx_word' id='word_1_276' title='bbox 1431 4840 1577 4903; x_wconf 90' lang='lat' dir='ltr'>Lutheri</span> 
     </span>
    </p>
   </div>
   <div class='ocr_carea' id='block_1_8' title="bbox 0 0 1784 5734">
    <p class='ocr_par' dir='ltr' id='par_1_10' title="bbox 0 0 1784 5734">
     <span class='ocr_line' id='line_1_39' title="bbox 0 0 1784 5734; baseline 0 0"><span class='ocrx_word' id='word_1_277' title='bbox 0 0 1784 5734; x_wconf 95' lang='lat' dir='ltr'> </span> 
     </span>
    </p>
   </div>
  </div>
 </body>
</html>
