3559 5734
830 501 1060 557 &obst-0

302 648 336 709 di
366 647 432 710 Dio
464 647 618 710 sodist'ar
649 649 709 711 alu
740 644 910 709 desiderii
935 658 969 709 et
1001 648 1284 711 comandamenti
1314 648 1351 710 di
1382 651 1517 730 quella,
1552 652 1587 711 la

302 756 384 837 qual
408 776 447 816 se
472 754 582 835 degni
605 755 661 817 far
684 755 761 818 fare
786 754 887 818 costa
910 757 1061 837 qualche
1085 759 1204 819 buone
1227 756 1379 819 orationi
1404 768 1440 819 et
1463 778 1484 818 a
1506 778 1587 820 essa

301 881 366 943 per
391 861 485 923 mille
509 863 605 924 volte
629 863 718 925 baso
743 865 776 925 le
800 861 910 939 mani,
934 862 1147 944 pregandoli
1172 867 1267 927 bona
1290 866 1399 946 longa
1422 875 1457 925 et
1481 863 1586 927 felice

302 967 375 1029 vita
398 967 545 1031 insieme
570 989 636 1031 con
661 971 695 1031 el
719 968 961 1031 Sanctissimo.
999 968 1222 1033 Wormatiae
1247 991 1291 1033 ex
1316 973 1397 1033 aula
1422 970 1586 1034 Caesaris

304 1075 377 1138 XII
400 1075 587 1138 Februarii
611 1075 795 1139 MDXXI.

837 1253 982 1266 wrm&
987 1252 1042 1265 ‘NA'

918 1487 971 1551 22.

639 1595 849 1675 Aloandar
877 1594 1251 1676 vicecancellario.

781 1724 879 1791 (liunt.
899 1723 988 1783 dam
1007 1722 1038 1782 la.
1056 1723 1123 1789 1³2.)

666 1828 717 1892 (Ex
736 1828 887 1876 Worrnntia
906 1828 949 1876 die
972 1839 1011 1890 14.
1032 1828 1110 1875 Febr.
1134 1824 1221 1894 1521.)

391 1937 567 1999 Havendo
592 1937 679 2019 oggi
702 1937 817 1999 inteso
851 1935 931 1996 chel
962 1933 1097 1997 corrier
1128 1936 1160 1998 el
1185 1936 1267 2015 qual
1293 1955 1354 1997 era
1377 1955 1443 2016 per
1473 1936 1588 2017 partir

302 2044 361 2125 gia
385 2053 439 2106 tre
463 2044 596 2126 giorni,
627 2064 698 2106 non
731 2063 792 2105 era
816 2061 925 2104 ancor
948 2041 1097 2122 partito,
1126 2041 1173 2105 mi
1197 2043 1244 2103 ho
1269 2041 1359 2104 fatto
1384 2041 1539 2105 restituit
1564 2043 1585 2107 il

301 2153 491 2232 pacchetto
508 2152 553 2214 de
569 2151 637 2214 mie
661 2152 788 2214 lettere
813 2159 849 2212 et
871 2147 1074 2231 aggiuntoli
1098 2156 1223 2229 questa
1247 2169 1313 2230 per
1329 2151 1364 2211 la
1380 2151 1462 2230 qual
1479 2148 1586 2231 signi-

301 2258 369 2322 fico
404 2279 426 2320 a
457 2256 501 2320 V.
534 2256 570 2322 S.
605 2258 680 2321 ΚΜ
718 2276 818 2321 come
854 2254 920 2319 ieri
958 2255 1072 2338 primo
1104 2253 1140 2318 di
1177 2254 1213 2317 di
1237 2255 1445 2336 Quaresima
1475 2257 1586 2337 dopoi

301 2385 432 2447 pranso
448 2365 484 2428 in
502 2373 681 2427 conventu
696 2364 985 2446 frequentissimo
997 2361 1160 2426 Caesaris
1177 2362 1376 2444 principum
1391 2364 1586 2426 electorum

302 2472 466 2553 omnium,
491 2484 645 2553 excepto
670 2469 816 2537 Saxone
841 2470 901 2551 qui
933 2469 1113 2532 simulavit
1143 2467 1320 2531 sinistram
1345 2470 1585 2533 valetudinem

302 2590 337 2642 et
368 2579 498 2643 mando
532 2599 596 2642 suo
621 2581 849 2641 locotenente
873 2595 941 2639 con
967 2575 1084 2638 alcuni
1109 2576 1341 2658 conseglieri,
1377 2587 1413 2641 et
1436 2578 1586 2642 aliorum

302 2685 506 2767 Principum
543 2694 615 2748 tarn
647 2683 979 2748 Ecclesiasticorum
1015 2702 1121 2764 quam
1159 2682 1328 2747 laicorum
1363 2693 1400 2747 et
1430 2686 1587 2748 omnium

302 2803 455 2855 statuum
486 2801 522 2856 et
552 2791 714 2855 ordinum
738 2791 883 2873 Imperii
917 2811 958 2854 ac
991 2790 1147 2855 omnium
1171 2791 1398 2857 consiliorum
1422 2790 1587 2855 Caesaris

301 2900 409 2963 habui
433 2899 656 2963 horationem
680 2918 746 2980 per
769 2897 855 2961 forsi
877 2907 931 2960 tre
946 2899 1034 2961 hore
1051 2906 1085 2960 et
1101 2897 1173 2979 pib,
1197 2899 1293 2960 nella
1309 2901 1392 2980 qual
1408 2903 1587 2964 ancorche

301 3008 335 3070 io
359 3009 510 3070 havesse
534 3008 667 3068 havuto
698 3026 812 3087 pocco
845 3000 962 3086 spatio
993 3026 1015 3067 a
1038 3004 1219 3086 pensarci,
1242 3005 1376 3087 perche
1401 3009 1453 3086 (ut
1476 3006 1586 3088 scrip·

301 3111 431 3199 seram)
463 3115 539 3176 solo
571 3114 605 3175 el
638 3111 674 3175 di
706 3111 826 3175 avanti
851 3112 985 3174 Caesar
1015 3112 1061 3175 mi
1093 3113 1208 3176 havea
1238 3132 1435 3177 commesso
1460 3116 1527 3176 che
1552 3115 1586 3177 io

302 3240 540 3304 proponesse;
565 3222 766 3300 tuttavolta,
787 3240 853 3302 per
868 3221 981 3282 haver
995 3219 1056 3302 gia
1072 3230 1169 3282 tante
1184 3222 1281 3284 volte
1297 3229 1443 3285 trattato
1460 3235 1587 3302 questa

302 3330 494 3392 maledetta
518 3328 667 3391 materia
690 3337 726 3390 et
749 3338 821 3391 tarn
841 3325 1009 3408 privatim
1025 3346 1130 3407 quam
1147 3326 1289 3407 publice
1306 3328 1504 3409 parlatone,
1530 3349 1586 3391 me

302 3435 417 3498 trovai
442 3455 509 3498 con
533 3436 568 3496 la
592 3434 710 3515 gratia
734 3435 779 3496 de
799 3432 869 3497 Dio
894 3432 923 3496 si
947 3432 983 3495 in
1008 3432 1132 3496 ordine
1156 3434 1222 3495 che
1246 3434 1424 3497 ancorche
1449 3435 1587 3499 dicesse

302 3541 394 3605 assai
419 3541 454 3603 in
479 3552 533 3603 tre
557 3543 646 3604 hore
661 3540 779 3602 harrei
797 3550 895 3602 certo
912 3549 1059 3621 possuto
1077 3539 1178 3602 dirne
1195 3559 1306 3603 ancor
1321 3549 1460 3622 quatr0,
1485 3561 1587 3606 come

302 3650 348 3711 da
365 3649 427 3730 pii1
442 3659 546 3729 parte
563 3668 601 3711 se
616 3647 772 3728 intende,
800 3658 883 3727 apte
900 3657 935 3709 et
953 3646 1116 3728 apposite
1132 3648 1179 3711 ad
1197 3666 1340 3713 causam
1360 3657 1395 3710 et
1418 3647 1584 3728 feliciter,

303 3767 340 3819 ut
365 3776 451 3819 vero
476 3776 545 3838 ego
570 3755 647 3837 ipse
671 3754 786 3817 sentio
811 3755 885 3835 (qui
902 3754 985 3818 mihi
1001 3754 1035 3817 in
1051 3754 1250 3835 hujusmodi
1265 3754 1391 3818 studiis
1406 3775 1587 3837 nunquam

303 3862 496 3943 satisfacio)
523 3860 748 3925 mediocriter
772 3870 808 3923 et
832 3881 902 3923 non
929 3861 1071 3924 omnino
1095 3860 1303 3934 infeliciter3
1329 3862 1373 3925 nd
1395 3863 1430 3925 lo
1445 3862 1586 3926 ascrivo

303 3980 429 4051 questo
453 3971 487 4031 al
512 3969 581 4032 mio
606 3969 764 4050 ingegno
780 3987 801 4029 ο
817 3967 986 4030 facundia
1003 3969 1111 4050 (quod
1127 3979 1313 4050 utrumque
1328 3969 1362 4032 in
1379 3989 1434 4033 me
1452 3972 1588 4033 nullum

302 4079 360 4140 vel
385 4076 563 4140 minimum
589 4077 654 4155 est)
678 4096 735 4137 ma
758 4075 829 4136 alla
853 4076 970 4154 gratia
994 4077 1039 4138 de
1058 4076 1137 4153 Dio,
1162 4076 1222 4139 alli
1238 4076 1353 4140 meriti
1368 4078 1464 4141 della
1478 4098 1588 4141 causa

299 4182 491 4266 justissima
516 4191 551 4245 et
575 4184 644 4245 alle
670 4181 804 4245 crudeli
826 4181 1047 4244 enormitade
1072 4182 1108 4244 di
1121 4182 1255 4245 Luther
1278 4185 1311 4246 le
1335 4183 1430 4265 quali
1445 4205 1587 4270 semper

304 4290 438 4353 adduxi
464 4289 549 4352 dalli
573 4288 654 4351 libri
678 4309 742 4352 suo
767 4288 926 4370 presenti
950 4299 985 4352 et
1001 4301 1129 4370 postea
1145 4289 1364 4370 refellebam,
1389 4300 1426 4356 et
1441 4293 1501 4374 poi
1517 4294 1586 4357 feci

304 4399 337 4461 le
369 4395 662 4460 demonstrationi
693 4394 778 4458 delli
809 4395 1049 4459 incovenienti
1081 4400 1147 4460 che
1172 4407 1329 4479 poteano
1353 4400 1526 4463 accadere
1551 4412 1587 4461 et

305 4505 339 4565 la
373 4502 567 4584 ignominia
591 4514 626 4567 et
650 4501 795 4565 infamia
819 4503 863 4564 de
888 4513 1015 4584 questa
1038 4503 1182 4567 natione
1206 4504 1313 4567 etiam
1336 4505 1587 4569 recordandoli

305 4612 370 4673 che
402 4609 591 4693 Imperium
624 4609 679 4671 his
712 4608 848 4672 artibus
879 4620 1111 4673 conservatur
1142 4610 1271 4691 quibus
1294 4621 1435 4693 partum
1460 4621 1524 4689 est,
1551 4623 1587 4675 et

304 4720 370 4781 che
394 4719 470 4779 loro
497 4736 710 4798 pensassero
735 4716 800 4780 che
825 4715 930 4779 Carlo
946 4717 1080 4798 Magno
1105 4726 1141 4779 et
1164 4717 1188 4781 li
1206 4716 1339 4783 Othoni
1363 4738 1429 4800 per
1451 4717 1588 4782 favorir

305 4825 375 4887 alla
399 4824 484 4886 sede
502 4821 713 4905 Apostolica
736 4827 899 4886 baveano
921 4823 1119 4905 acquistato
1136 4824 1158 4887 l'
1172 4825 1325 4908 imperio
1342 4825 1377 4889 in
1393 4825 1588 4890 Germania
