<?xml version="1.0" encoding="UTF-8"?>
<!DOCTYPE html PUBLIC "-//W3C//DTD XHTML 1.0 Transitional//EN"
    "http://www.w3.org/TR/xhtml1/DTD/xhtml1-transitional.dtd">
<html xmlns="http://www.w3.org/1999/xhtml" xml:lang="en" lang="en">
 <head>
  <title>
</title>
<meta http-equiv="Content-Type" content="text/html;charset=utf-8" />
  <meta name='ocr-system' content='tesseract 3.04.00' />
  <meta name='ocr-capabilities' content='ocr_page ocr_carea ocr_par ocr_line ocrx_word'/>
</head>
<body>
  <div class='ocr_page' id='page_1' title='image "./monumentareform01vatigoog_0182.png"; bbox 0 0 3559 5734; ppageno 0'>
   <div class='ocr_carea' id='block_1_1' title="bbox 825 517 1177 582">
    <p class='ocr_par' dir='ltr' id='par_1_1' title="bbox 825 517 1177 582">
     <span class='ocr_line' id='line_1_1' title="bbox 825 517 1177 582; baseline -0.017 -2"><span class='ocrx_word' id='word_1_1' title='bbox 825 517 1072 582; x_wconf 45' lang='lat' dir='ltr'>&amp;1548&gt;a</span> <span class='ocrx_word' id='word_1_2' title='bbox 1174 570 1177 574; x_wconf 77' lang='grc'><em>,</em></span> 
     </span>
    </p>
   </div>
   <div class='ocr_carea' id='block_1_2' title="bbox 306 666 1607 4941">
    <p class='ocr_par' dir='ltr' id='par_1_2' title="bbox 307 666 1588 966">
     <span class='ocr_line' id='line_1_2' title="bbox 307 666 1588 754; baseline -0.001 -19"><span class='ocrx_word' id='word_1_3' title='bbox 307 666 367 754; x_wconf 90' lang='lat' dir='ltr'>qui</span> <span class='ocrx_word' id='word_1_4' title='bbox 390 694 454 754; x_wconf 88' lang='lat' dir='ltr'>per</span> <span class='ocrx_word' id='word_1_5' title='bbox 479 673 514 735; x_wconf 91' lang='lat' dir='ltr'>la</span> <span class='ocrx_word' id='word_1_6' title='bbox 537 669 622 735; x_wconf 73' lang='lat' dir='ltr'>citta</span> <span class='ocrx_word' id='word_1_7' title='bbox 646 691 686 734; x_wconf 88' lang='lat' dir='ltr'>ce</span> <span class='ocrx_word' id='word_1_8' title='bbox 711 691 970 753; x_wconf 79' lang='lat' dir='ltr'>amazzassero,</span> <span class='ocrx_word' id='word_1_9' title='bbox 994 674 1089 753; x_wconf 89' lang='lat' dir='ltr'>quod</span> <span class='ocrx_word' id='word_1_10' title='bbox 1114 673 1211 735; x_wconf 89' lang='lat' dir='ltr'>Deus</span> <span class='ocrx_word' id='word_1_11' title='bbox 1235 671 1284 735; x_wconf 89' lang='lat' dir='ltr'>ita</span> <span class='ocrx_word' id='word_1_12' title='bbox 1307 668 1414 736; x_wconf 85' lang='lat' dir='ltr'>facile</span> <span class='ocrx_word' id='word_1_13' title='bbox 1437 677 1588 753; x_wconf 85' lang='lat' dir='ltr'>avertat,</span> 
     </span>
     <span class='ocr_line' id='line_1_3' title="bbox 308 778 1587 859; baseline -0.002 -18"><span class='ocrx_word' id='word_1_14' title='bbox 308 790 346 841; x_wconf 92' lang='lat' dir='ltr'>ut</span> <span class='ocrx_word' id='word_1_15' title='bbox 375 780 580 843; x_wconf 77' lang='lat' dir='ltr'>facillimum</span> <span class='ocrx_word' id='word_1_16' title='bbox 611 788 706 842; x_wconf 88' lang='lat' dir='ltr'>esset</span> <span class='ocrx_word' id='word_1_17' title='bbox 735 798 801 859; x_wconf 89' lang='lat' dir='ltr'>per</span> <span class='ocrx_word' id='word_1_18' title='bbox 824 778 848 841; x_wconf 92' lang='lat' dir='ltr'>li</span> <span class='ocrx_word' id='word_1_19' title='bbox 880 780 939 841; x_wconf 90' lang='lat' dir='ltr'>del</span> <span class='ocrx_word' id='word_1_20' title='bbox 963 780 1065 841; x_wconf 89' lang='lat' dir='ltr'>Duca</span> <span class='ocrx_word' id='word_1_21' title='bbox 1090 778 1251 859; x_wconf 84' lang='lat' dir='ltr'>Saxone,</span> <span class='ocrx_word' id='word_1_22' title='bbox 1284 790 1320 841; x_wconf 90' lang='lat' dir='ltr'>et</span> <span class='ocrx_word' id='word_1_23' title='bbox 1350 778 1429 841; x_wconf 83' lang='lat' dir='ltr'>altri</span> <span class='ocrx_word' id='word_1_24' title='bbox 1457 779 1587 841; x_wconf 84' lang='lat' dir='ltr'>inimici</span> 
     </span>
     <span class='ocr_line' id='line_1_4' title="bbox 308 885 1106 966; baseline 0.001 -18"><span class='ocrx_word' id='word_1_25' title='bbox 308 898 343 949; x_wconf 85' lang='lat' dir='ltr'>et</span> <span class='ocrx_word' id='word_1_26' title='bbox 367 886 562 950; x_wconf 86' lang='lat' dir='ltr'>adversarii</span> <span class='ocrx_word' id='word_1_27' title='bbox 587 888 652 948; x_wconf 85' lang='lat' dir='ltr'>che</span> <span class='ocrx_word' id='word_1_28' title='bbox 677 906 766 948; x_wconf 87' lang='lat' dir='ltr'>sono</span> <span class='ocrx_word' id='word_1_29' title='bbox 790 885 826 947; x_wconf 91' lang='lat' dir='ltr'>in</span> <span class='ocrx_word' id='word_1_30' title='bbox 851 895 976 966; x_wconf 88' lang='lat' dir='ltr'>questa</span> <span class='ocrx_word' id='word_1_31' title='bbox 1000 887 1106 950; x_wconf 86' lang='lat' dir='ltr'>dieta.</span> 
     </span>
    </p>

    <p class='ocr_par' dir='ltr' id='par_1_3' title="bbox 306 993 1590 3540">
     <span class='ocr_line' id='line_1_5' title="bbox 397 993 1588 1075; baseline -0.002 -18"><span class='ocrx_word' id='word_1_32' title='bbox 397 994 507 1057; x_wconf 87' lang='lat' dir='ltr'>Cesar</span> <span class='ocrx_word' id='word_1_33' title='bbox 532 1003 568 1056; x_wconf 90' lang='lat' dir='ltr'>et</span> <span class='ocrx_word' id='word_1_34' title='bbox 591 993 615 1056; x_wconf 91' lang='lat' dir='ltr'>li</span> <span class='ocrx_word' id='word_1_35' title='bbox 640 994 717 1055; x_wconf 88' lang='lat' dir='ltr'>suoi</span> <span class='ocrx_word' id='word_1_36' title='bbox 742 1013 830 1055; x_wconf 93' lang='lat' dir='ltr'>sono</span> <span class='ocrx_word' id='word_1_37' title='bbox 854 993 979 1055; x_wconf 87' lang='lat' dir='ltr'>restati</span> <span class='ocrx_word' id='word_1_38' title='bbox 1003 996 1113 1056; x_wconf 91' lang='lat' dir='ltr'>molto</span> <span class='ocrx_word' id='word_1_39' title='bbox 1134 993 1274 1055; x_wconf 82' lang='lat' dir='ltr'>attoniti</span> <span class='ocrx_word' id='word_1_40' title='bbox 1300 993 1334 1055; x_wconf 90' lang='lat' dir='ltr'>di</span> <span class='ocrx_word' id='word_1_41' title='bbox 1352 1004 1477 1075; x_wconf 86' lang='lat' dir='ltr'>questa</span> <span class='ocrx_word' id='word_1_42' title='bbox 1493 1012 1588 1073; x_wconf 86' lang='lat' dir='ltr'>cosa,</span> 
     </span>
     <span class='ocr_line' id='line_1_6' title="bbox 307 1099 1590 1185; baseline -0.002 -20"><span class='ocrx_word' id='word_1_43' title='bbox 307 1101 336 1165; x_wconf 89' lang='lat' dir='ltr'>si</span> <span class='ocrx_word' id='word_1_44' title='bbox 368 1124 431 1185; x_wconf 88' lang='lat' dir='ltr'>per</span> <span class='ocrx_word' id='word_1_45' title='bbox 455 1103 491 1165; x_wconf 92' lang='lat' dir='ltr'>la</span> <span class='ocrx_word' id='word_1_46' title='bbox 513 1099 691 1182; x_wconf 61' lang='lat' dir='ltr'>indignit&amp;</span> <span class='ocrx_word' id='word_1_47' title='bbox 723 1109 759 1163; x_wconf 89' lang='lat' dir='ltr'>et</span> <span class='ocrx_word' id='word_1_48' title='bbox 783 1100 957 1162; x_wconf 77' lang='lat' dir='ltr'>enormita</span> <span class='ocrx_word' id='word_1_49' title='bbox 982 1100 1017 1162; x_wconf 91' lang='lat' dir='ltr'>di</span> <span class='ocrx_word' id='word_1_50' title='bbox 1042 1121 1138 1182; x_wconf 89' lang='lat' dir='ltr'>essa,</span> <span class='ocrx_word' id='word_1_51' title='bbox 1173 1121 1273 1164; x_wconf 91' lang='lat' dir='ltr'>corne</span> <span class='ocrx_word' id='word_1_52' title='bbox 1298 1122 1363 1183; x_wconf 90' lang='lat' dir='ltr'>per</span> <span class='ocrx_word' id='word_1_53' title='bbox 1388 1121 1458 1163; x_wconf 93' lang='lat' dir='ltr'>non</span> <span class='ocrx_word' id='word_1_54' title='bbox 1482 1120 1590 1183; x_wconf 86' lang='lat' dir='ltr'><strong>saper</strong></span> 
     </span>
     <span class='ocr_line' id='line_1_7' title="bbox 307 1207 1588 1289; baseline -0.002 -18"><span class='ocrx_word' id='word_1_55' title='bbox 307 1229 408 1271; x_wconf 90' lang='lat' dir='ltr'>come</span> <span class='ocrx_word' id='word_1_56' title='bbox 432 1208 609 1271; x_wconf 74' lang='lat' dir='ltr'>remediat</span> <span class='ocrx_word' id='word_1_57' title='bbox 631 1208 761 1289; x_wconf 67' lang='lat' dir='ltr'>perche</span> <span class='ocrx_word' id='word_1_58' title='bbox 777 1208 929 1271; x_wconf 90' lang='lat' dir='ltr'>essendo</span> <span class='ocrx_word' id='word_1_59' title='bbox 954 1207 978 1271; x_wconf 92' lang='lat' dir='ltr'>il</span> <span class='ocrx_word' id='word_1_60' title='bbox 993 1210 1103 1270; x_wconf 87' lang='lat' dir='ltr'>dever</span> <span class='ocrx_word' id='word_1_61' title='bbox 1120 1208 1315 1271; x_wconf 86' lang='lat' dir='ltr'>andassero</span> <span class='ocrx_word' id='word_1_62' title='bbox 1332 1218 1467 1271; x_wconf 87' lang='lat' dir='ltr'>armata</span> <span class='ocrx_word' id='word_1_63' title='bbox 1482 1228 1588 1272; x_wconf 90' lang='lat' dir='ltr'>manu</span> 
     </span>
     <span class='ocr_line' id='line_1_8' title="bbox 307 1303 1588 1396; baseline -0.001 -19"><span class='ocrx_word' id='word_1_64' title='bbox 307 1337 328 1377; x_wconf 91' lang='lat' dir='ltr'>a</span> <span class='ocrx_word' id='word_1_65' title='bbox 351 1315 482 1396; x_wconf 83' lang='lat' dir='ltr'>pigiiar</span> <span class='ocrx_word' id='word_1_66' title='bbox 506 1323 632 1396; x_wconf 90' lang='lat' dir='ltr'>questo</span> <span class='ocrx_word' id='word_1_67' title='bbox 656 1315 814 1392; x_wconf 87' lang='lat' dir='ltr'>ribald0,</span> <span class='ocrx_word' id='word_1_68' title='bbox 850 1335 921 1378; x_wconf 89' lang='lat' dir='ltr'>non</span> <span class='ocrx_word' id='word_1_69' title='bbox 946 1303 1066 1378; x_wconf 82' lang='lat' dir='ltr'>hanno</span> <span class='ocrx_word' id='word_1_70' title='bbox 1091 1315 1134 1377; x_wconf 74' lang='lat' dir='ltr'>ne</span> <span class='ocrx_word' id='word_1_71' title='bbox 1158 1326 1267 1396; x_wconf 85' lang='lat' dir='ltr'>gente</span> <span class='ocrx_word' id='word_1_72' title='bbox 1298 1316 1341 1378; x_wconf 74' lang='lat' dir='ltr'>ne</span> <span class='ocrx_word' id='word_1_73' title='bbox 1365 1314 1389 1378; x_wconf 94' lang='lat' dir='ltr'>il</span> <span class='ocrx_word' id='word_1_74' title='bbox 1414 1315 1519 1378; x_wconf 92' lang='lat' dir='ltr'>modo</span> <span class='ocrx_word' id='word_1_75' title='bbox 1543 1315 1588 1377; x_wconf 73' lang='lat' dir='ltr'>ne</span> 
     </span>
     <span class='ocr_line' id='line_1_9' title="bbox 307 1421 1588 1504; baseline -0.002 -19"><span class='ocrx_word' id='word_1_76' title='bbox 307 1424 340 1485; x_wconf 89' lang='lat' dir='ltr'>el</span> <span class='ocrx_word' id='word_1_77' title='bbox 364 1433 501 1504; x_wconf 86' lang='lat' dir='ltr'>tempo;</span> <span class='ocrx_word' id='word_1_78' title='bbox 532 1425 620 1504; x_wconf 84' lang='lat' dir='ltr'>pero</span> <span class='ocrx_word' id='word_1_79' title='bbox 650 1422 768 1484; x_wconf 90' lang='lat' dir='ltr'>statim</span> <span class='ocrx_word' id='word_1_80' title='bbox 792 1442 971 1502; x_wconf 90' lang='lat' dir='ltr'>pensorno</span> <span class='ocrx_word' id='word_1_81' title='bbox 1003 1421 1184 1485; x_wconf 88' lang='lat' dir='ltr'>mandarci</span> <span class='ocrx_word' id='word_1_82' title='bbox 1209 1422 1426 1485; x_wconf 85' lang='lat' dir='ltr'>Armestorff</span> <span class='ocrx_word' id='word_1_83' title='bbox 1450 1423 1588 1503; x_wconf 80' lang='lat' dir='ltr'>grande</span> 
     </span>
     <span class='ocr_line' id='line_1_10' title="bbox 306 1528 1588 1611; baseline -0.002 -18"><span class='ocrx_word' id='word_1_84' title='bbox 306 1530 420 1593; x_wconf 90' lang='lat' dir='ltr'>amico</span> <span class='ocrx_word' id='word_1_85' title='bbox 451 1529 487 1591; x_wconf 92' lang='lat' dir='ltr'>di</span> <span class='ocrx_word' id='word_1_86' title='bbox 511 1529 646 1592; x_wconf 88' lang='lat' dir='ltr'>Hutten</span> <span class='ocrx_word' id='word_1_87' title='bbox 679 1539 715 1591; x_wconf 96' lang='lat' dir='ltr'>et</span> <span class='ocrx_word' id='word_1_88' title='bbox 738 1528 885 1592; x_wconf 85' lang='lat' dir='ltr'>insieme</span> <span class='ocrx_word' id='word_1_89' title='bbox 916 1529 940 1592; x_wconf 91' lang='grc'>11</span> <span class='ocrx_word' id='word_1_90' title='bbox 965 1529 1166 1603; x_wconf 80' lang='lat' dir='ltr'>confess0r3</span> <span class='ocrx_word' id='word_1_91' title='bbox 1202 1551 1260 1592; x_wconf 88' lang='lat' dir='ltr'>ma</span> <span class='ocrx_word' id='word_1_92' title='bbox 1289 1530 1427 1593; x_wconf 83' lang='lat' dir='ltr'>riferito</span> <span class='ocrx_word' id='word_1_93' title='bbox 1461 1540 1588 1611; x_wconf 87' lang='lat' dir='ltr'>questo</span> 
     </span>
     <span class='ocr_line' id='line_1_11' title="bbox 306 1635 1588 1718; baseline -0.001 -19"><span class='ocrx_word' id='word_1_94' title='bbox 306 1640 340 1700; x_wconf 89' lang='lat' dir='ltr'>al</span> <span class='ocrx_word' id='word_1_95' title='bbox 365 1636 556 1718; x_wconf 81' lang='lat' dir='ltr'>Conseglio</span> <span class='ocrx_word' id='word_1_96' title='bbox 582 1656 728 1698; x_wconf 89' lang='lat' dir='ltr'>cesareo</span> <span class='ocrx_word' id='word_1_97' title='bbox 754 1635 790 1697; x_wconf 89' lang='lat' dir='ltr'>di</span> <span class='ocrx_word' id='word_1_98' title='bbox 814 1635 1023 1717; x_wconf 82' lang='lat' dir='ltr'>Germania,</span> <span class='ocrx_word' id='word_1_99' title='bbox 1057 1637 1095 1700; x_wconf 85' lang='lat' dir='ltr'>fu</span> <span class='ocrx_word' id='word_1_100' title='bbox 1120 1638 1218 1699; x_wconf 88' lang='lat' dir='ltr'>detto</span> <span class='ocrx_word' id='word_1_101' title='bbox 1243 1639 1308 1700; x_wconf 84' lang='lat' dir='ltr'>che</span> <span class='ocrx_word' id='word_1_102' title='bbox 1333 1658 1394 1699; x_wconf 92' lang='lat' dir='ltr'>era</span> <span class='ocrx_word' id='word_1_103' title='bbox 1419 1657 1489 1699; x_wconf 93' lang='lat' dir='ltr'>una</span> <span class='ocrx_word' id='word_1_104' title='bbox 1512 1656 1588 1698; x_wconf 90' lang='lat' dir='ltr'>ver·</span> 
     </span>
     <span class='ocr_line' id='line_1_12' title="bbox 306 1741 1588 1826; baseline -0.002 -20"><span class='ocrx_word' id='word_1_105' title='bbox 306 1763 428 1826; x_wconf 80' lang='lat' dir='ltr'>gogna</span> <span class='ocrx_word' id='word_1_106' title='bbox 452 1741 633 1805; x_wconf 89' lang='lat' dir='ltr'>mandarci</span> <span class='ocrx_word' id='word_1_107' title='bbox 664 1743 790 1805; x_wconf 90' lang='lat' dir='ltr'>alcuno</span> <span class='ocrx_word' id='word_1_108' title='bbox 815 1744 1011 1807; x_wconf 88' lang='lat' dir='ltr'>mediatore</span> <span class='ocrx_word' id='word_1_109' title='bbox 1044 1753 1079 1807; x_wconf 90' lang='lat' dir='ltr'>et</span> <span class='ocrx_word' id='word_1_110' title='bbox 1110 1746 1175 1807; x_wconf 89' lang='lat' dir='ltr'>che</span> <span class='ocrx_word' id='word_1_111' title='bbox 1198 1765 1270 1807; x_wconf 89' lang='lat' dir='ltr'>non</span> <span class='ocrx_word' id='word_1_112' title='bbox 1296 1754 1373 1807; x_wconf 87' lang='lat' dir='ltr'>erat</span> <span class='ocrx_word' id='word_1_113' title='bbox 1405 1765 1450 1806; x_wconf 81' lang='lat' dir='ltr'>ex</span> <span class='ocrx_word' id='word_1_114' title='bbox 1475 1743 1588 1824; x_wconf 82' lang='lat' dir='ltr'>digni·</span> 
     </span>
     <span class='ocr_line' id='line_1_13' title="bbox 306 1849 1588 1933; baseline -0.001 -20"><span class='ocrx_word' id='word_1_115' title='bbox 306 1860 380 1913; x_wconf 91' lang='lat' dir='ltr'>tate</span> <span class='ocrx_word' id='word_1_116' title='bbox 404 1849 639 1932; x_wconf 64' lang='lat' dir='ltr'>imperatoris</span> <span class='ocrx_word' id='word_1_117' title='bbox 664 1851 777 1932; x_wconf 80' lang='lat' dir='ltr'>(come</span> <span class='ocrx_word' id='word_1_118' title='bbox 802 1851 820 1913; x_wconf 76' lang='grc' dir='ltr'><strong><em>ὸ</em></strong></span> <span class='ocrx_word' id='word_1_119' title='bbox 845 1850 868 1913; x_wconf 85' lang='grc'>11</span> <span class='ocrx_word' id='word_1_120' title='bbox 884 1853 994 1933; x_wconf 85' lang='lat' dir='ltr'>vero).</span> <span class='ocrx_word' id='word_1_121' title='bbox 1034 1852 1339 1914; x_wconf 86' lang='lat' dir='ltr'>Domandassemo</span> <span class='ocrx_word' id='word_1_122' title='bbox 1363 1851 1423 1913; x_wconf 91' lang='lat' dir='ltr'>noi</span> <span class='ocrx_word' id='word_1_123' title='bbox 1448 1871 1486 1912; x_wconf 91' lang='lat' dir='ltr'>se</span> <span class='ocrx_word' id='word_1_124' title='bbox 1511 1852 1588 1913; x_wconf 89' lang='lat' dir='ltr'>loro</span> 
     </span>
     <span class='ocr_line' id='line_1_14' title="bbox 306 1957 1588 2039; baseline -0.001 -19"><span class='ocrx_word' id='word_1_125' title='bbox 306 1979 414 2021; x_wconf 88' lang='lat' dir='ltr'>erano</span> <span class='ocrx_word' id='word_1_126' title='bbox 438 1958 473 2020; x_wconf 93' lang='lat' dir='ltr'>in</span> <span class='ocrx_word' id='word_1_127' title='bbox 491 1957 615 2020; x_wconf 86' lang='lat' dir='ltr'>ordine</span> <span class='ocrx_word' id='word_1_128' title='bbox 639 1978 704 2038; x_wconf 90' lang='lat' dir='ltr'>per</span> <span class='ocrx_word' id='word_1_129' title='bbox 719 1958 902 2020; x_wconf 90' lang='lat' dir='ltr'>mandarci</span> <span class='ocrx_word' id='word_1_130' title='bbox 926 1967 1035 2038; x_wconf 82' lang='lat' dir='ltr'>gente</span> <span class='ocrx_word' id='word_1_131' title='bbox 1060 1958 1213 2037; x_wconf 85' lang='lat' dir='ltr'>d&#39;arme,</span> <span class='ocrx_word' id='word_1_132' title='bbox 1239 1978 1338 2020; x_wconf 88' lang='lat' dir='ltr'>come</span> <span class='ocrx_word' id='word_1_133' title='bbox 1354 1960 1588 2039; x_wconf 81' lang='lat' dir='ltr'>cegnavano?</span> 
     </span>
     <span class='ocr_line' id='line_1_15' title="bbox 308 2063 1587 2147; baseline -0.002 -19"><span class='ocrx_word' id='word_1_134' title='bbox 308 2066 444 2128; x_wconf 88' lang='lat' dir='ltr'>Alhora</span> <span class='ocrx_word' id='word_1_135' title='bbox 467 2073 628 2127; x_wconf 87' lang='lat' dir='ltr'>restorno</span> <span class='ocrx_word' id='word_1_136' title='bbox 653 2063 739 2126; x_wconf 90' lang='lat' dir='ltr'>muti</span> <span class='ocrx_word' id='word_1_137' title='bbox 764 2073 799 2126; x_wconf 89' lang='lat' dir='ltr'>et</span> <span class='ocrx_word' id='word_1_138' title='bbox 822 2066 966 2126; x_wconf 89' lang='lat' dir='ltr'>tandem</span> <span class='ocrx_word' id='word_1_139' title='bbox 991 2087 1062 2127; x_wconf 92' lang='lat' dir='ltr'>non</span> <span class='ocrx_word' id='word_1_140' title='bbox 1086 2068 1247 2147; x_wconf 87' lang='lat' dir='ltr'>sapendo</span> <span class='ocrx_word' id='word_1_141' title='bbox 1275 2076 1397 2128; x_wconf 90' lang='lat' dir='ltr'>trovar</span> <span class='ocrx_word' id='word_1_142' title='bbox 1421 2069 1512 2127; x_wconf 90' lang='lat' dir='ltr'>altro</span> <span class='ocrx_word' id='word_1_143' title='bbox 1537 2086 1587 2127; x_wconf 90' lang='lat' dir='ltr'>re-</span> 
     </span>
     <span class='ocr_line' id='line_1_16' title="bbox 306 2171 1587 2254; baseline -0.001 -20"><span class='ocrx_word' id='word_1_144' title='bbox 306 2171 434 2249; x_wconf 88' lang='lat' dir='ltr'>medio,</span> <span class='ocrx_word' id='word_1_145' title='bbox 458 2174 578 2234; x_wconf 86' lang='lat' dir='ltr'>hanno</span> <span class='ocrx_word' id='word_1_146' title='bbox 595 2171 761 2233; x_wconf 87' lang='lat' dir='ltr'>mandato</span> <span class='ocrx_word' id='word_1_147' title='bbox 787 2172 873 2254; x_wconf 83' lang='lat' dir='ltr'>oggi</span> <span class='ocrx_word' id='word_1_148' title='bbox 889 2173 912 2233; x_wconf 90' lang='lat' dir='ltr'>il</span> <span class='ocrx_word' id='word_1_149' title='bbox 929 2172 1112 2235; x_wconf 86' lang='lat' dir='ltr'>confessor</span> <span class='ocrx_word' id='word_1_150' title='bbox 1137 2182 1173 2234; x_wconf 86' lang='lat' dir='ltr'>et</span> <span class='ocrx_word' id='word_1_151' title='bbox 1189 2171 1404 2235; x_wconf 86' lang='lat' dir='ltr'>Armestorff</span> <span class='ocrx_word' id='word_1_152' title='bbox 1417 2194 1439 2233; x_wconf 91' lang='lat' dir='ltr'>a</span> <span class='ocrx_word' id='word_1_153' title='bbox 1453 2172 1587 2234; x_wconf 67' lang='grc'>11116111-</span> 
     </span>
     <span class='ocr_line' id='line_1_17' title="bbox 306 2277 1588 2361; baseline 0 -21"><span class='ocrx_word' id='word_1_154' title='bbox 306 2283 400 2360; x_wconf 86' lang='lat' dir='ltr'>burg</span> <span class='ocrx_word' id='word_1_155' title='bbox 424 2280 570 2341; x_wconf 83' lang='lat' dir='ltr'>castello</span> <span class='ocrx_word' id='word_1_156' title='bbox 595 2278 630 2339; x_wconf 87' lang='lat' dir='ltr'>di</span> <span class='ocrx_word' id='word_1_157' title='bbox 655 2278 854 2341; x_wconf 86' lang='lat' dir='ltr'>Francesco</span> <span class='ocrx_word' id='word_1_158' title='bbox 880 2278 1073 2361; x_wconf 83' lang='lat' dir='ltr'>Sichingen</span> <span class='ocrx_word' id='word_1_159' title='bbox 1099 2281 1192 2342; x_wconf 88' lang='lat' dir='ltr'>dove</span> <span class='ocrx_word' id='word_1_160' title='bbox 1216 2279 1236 2340; x_wconf 77' lang='grc' dir='ltr'>ὸ</span> <span class='ocrx_word' id='word_1_161' title='bbox 1260 2279 1395 2341; x_wconf 89' lang='lat' dir='ltr'>Hutten</span> <span class='ocrx_word' id='word_1_162' title='bbox 1426 2279 1476 2358; x_wconf 87' lang='lat' dir='ltr'>(ut</span> <span class='ocrx_word' id='word_1_163' title='bbox 1499 2277 1588 2340; x_wconf 89' lang='lat' dir='ltr'>alias</span> 
     </span>
     <span class='ocr_line' id='line_1_18' title="bbox 307 2383 1590 2468; baseline -0.002 -19"><span class='ocrx_word' id='word_1_164' title='bbox 307 2386 454 2468; x_wconf 80' lang='lat' dir='ltr'>scripsi).</span> <span class='ocrx_word' id='word_1_165' title='bbox 502 2385 592 2466; x_wconf 83' lang='lat' dir='ltr'>Quel</span> <span class='ocrx_word' id='word_1_166' title='bbox 617 2386 756 2447; x_wconf 88' lang='lat' dir='ltr'>ribaldo</span> <span class='ocrx_word' id='word_1_167' title='bbox 781 2385 805 2449; x_wconf 90' lang='grc'>11</span> <span class='ocrx_word' id='word_1_168' title='bbox 830 2388 996 2468; x_wconf 85' lang='lat' dir='ltr'>allegava</span> <span class='ocrx_word' id='word_1_169' title='bbox 1020 2387 1138 2449; x_wconf 90' lang='lat' dir='ltr'>rasoni</span> <span class='ocrx_word' id='word_1_170' title='bbox 1163 2386 1208 2448; x_wconf 91' lang='lat' dir='ltr'>de</span> <span class='ocrx_word' id='word_1_171' title='bbox 1232 2387 1267 2448; x_wconf 90' lang='lat' dir='ltr'>la</span> <span class='ocrx_word' id='word_1_172' title='bbox 1286 2383 1398 2448; x_wconf 88' lang='lat' dir='ltr'>Sacra</span> <span class='ocrx_word' id='word_1_173' title='bbox 1414 2383 1590 2448; x_wconf 83' lang='lat' dir='ltr'>Scrittura</span> 
     </span>
     <span class='ocr_line' id='line_1_19' title="bbox 308 2492 1588 2577; baseline -0.002 -19"><span class='ocrx_word' id='word_1_174' title='bbox 308 2499 373 2558; x_wconf 89' lang='lat' dir='ltr'>che</span> <span class='ocrx_word' id='word_1_175' title='bbox 407 2499 616 2577; x_wconf 85' lang='lat' dir='ltr'>besognava</span> <span class='ocrx_word' id='word_1_176' title='bbox 640 2493 796 2575; x_wconf 76' lang='lat' dir='ltr'>castigat</span> <span class='ocrx_word' id='word_1_177' title='bbox 820 2493 843 2555; x_wconf 89' lang='lat' dir='ltr'>li</span> <span class='ocrx_word' id='word_1_178' title='bbox 871 2492 984 2574; x_wconf 88' lang='lat' dir='ltr'>preti,</span> <span class='ocrx_word' id='word_1_179' title='bbox 1018 2505 1053 2556; x_wconf 91' lang='lat' dir='ltr'>et</span> <span class='ocrx_word' id='word_1_180' title='bbox 1085 2492 1300 2556; x_wconf 87' lang='lat' dir='ltr'>Armestorff</span> <span class='ocrx_word' id='word_1_181' title='bbox 1330 2513 1401 2555; x_wconf 94' lang='lat' dir='ltr'>non</span> <span class='ocrx_word' id='word_1_182' title='bbox 1425 2493 1449 2554; x_wconf 87' lang='grc'>11</span> <span class='ocrx_word' id='word_1_183' title='bbox 1478 2513 1588 2573; x_wconf 86' lang='lat' dir='ltr'>sapea</span> 
     </span>
     <span class='ocr_line' id='line_1_20' title="bbox 306 2600 1585 2685; baseline -0.003 -19"><span class='ocrx_word' id='word_1_184' title='bbox 306 2605 541 2685; x_wconf 87' lang='lat' dir='ltr'>responderc;</span> <span class='ocrx_word' id='word_1_185' title='bbox 576 2602 662 2683; x_wconf 76' lang='lat' dir='ltr'>perir</span> <span class='ocrx_word' id='word_1_186' title='bbox 687 2603 733 2663; x_wconf 88' lang='lat' dir='ltr'>ha</span> <span class='ocrx_word' id='word_1_187' title='bbox 757 2603 827 2662; x_wconf 86' lang='lat' dir='ltr'>ben</span> <span class='ocrx_word' id='word_1_188' title='bbox 852 2601 973 2662; x_wconf 90' lang='lat' dir='ltr'>voluto</span> <span class='ocrx_word' id='word_1_189' title='bbox 999 2621 1120 2663; x_wconf 84' lang='lat' dir='ltr'>menar</span> <span class='ocrx_word' id='word_1_190' title='bbox 1152 2603 1185 2662; x_wconf 90' lang='grc'>61</span> <span class='ocrx_word' id='word_1_191' title='bbox 1210 2600 1403 2663; x_wconf 86' lang='lat' dir='ltr'>confessor.</span> <span class='ocrx_word' id='word_1_192' title='bbox 1450 2600 1511 2662; x_wconf 89' lang='lat' dir='ltr'>Ma</span> <span class='ocrx_word' id='word_1_193' title='bbox 1534 2622 1585 2662; x_wconf 87' lang='lat' dir='ltr'>re·</span> 
     </span>
     <span class='ocr_line' id='line_1_21' title="bbox 307 2706 1586 2788; baseline -0.001 -17"><span class='ocrx_word' id='word_1_194' title='bbox 307 2732 392 2773; x_wconf 88' lang='lat' dir='ltr'>vera</span> <span class='ocrx_word' id='word_1_195' title='bbox 409 2708 625 2772; x_wconf 86' lang='lat' dir='ltr'>Armestorff</span> <span class='ocrx_word' id='word_1_196' title='bbox 645 2709 692 2770; x_wconf 87' lang='lat' dir='ltr'>ha</span> <span class='ocrx_word' id='word_1_197' title='bbox 716 2706 939 2769; x_wconf 86' lang='lat' dir='ltr'>commission</span> <span class='ocrx_word' id='word_1_198' title='bbox 965 2706 999 2767; x_wconf 92' lang='lat' dir='ltr'>di</span> <span class='ocrx_word' id='word_1_199' title='bbox 1024 2707 1244 2788; x_wconf 87' lang='lat' dir='ltr'>prometterli</span> <span class='ocrx_word' id='word_1_200' title='bbox 1269 2708 1397 2770; x_wconf 88' lang='lat' dir='ltr'>salario</span> <span class='ocrx_word' id='word_1_201' title='bbox 1419 2708 1475 2770; x_wconf 90' lang='lat' dir='ltr'>all&#39;</span> <span class='ocrx_word' id='word_1_202' title='bbox 1492 2729 1586 2770; x_wconf 92' lang='lat' dir='ltr'>anno</span> 
     </span>
     <span class='ocr_line' id='line_1_22' title="bbox 307 2813 1587 2898; baseline -0.002 -18"><span class='ocrx_word' id='word_1_203' title='bbox 307 2818 342 2880; x_wconf 91' lang='lat' dir='ltr'>di</span> <span class='ocrx_word' id='word_1_204' title='bbox 374 2823 480 2879; x_wconf 84' lang='lat' dir='ltr'>cccc¹⁰</span> <span class='ocrx_word' id='word_1_205' title='bbox 507 2814 622 2877; x_wconf 89' lang='lat' dir='ltr'>fiorini</span> <span class='ocrx_word' id='word_1_206' title='bbox 654 2815 764 2877; x_wconf 85' lang='lat' dir='ltr'>d&#39;oro</span> <span class='ocrx_word' id='word_1_207' title='bbox 798 2814 863 2875; x_wconf 87' lang='lat' dir='ltr'>che</span> <span class='ocrx_word' id='word_1_208' title='bbox 888 2814 910 2874; x_wconf 86' lang='lat' dir='ltr'>&#39;l</span> <span class='ocrx_word' id='word_1_209' title='bbox 943 2813 985 2875; x_wconf 90' lang='lat' dir='ltr'>sii</span> <span class='ocrx_word' id='word_1_210' title='bbox 1017 2816 1061 2876; x_wconf 87' lang='lat' dir='ltr'>ad</span> <span class='ocrx_word' id='word_1_211' title='bbox 1095 2814 1262 2896; x_wconf 89' lang='lat' dir='ltr'>stipendii</span> <span class='ocrx_word' id='word_1_212' title='bbox 1295 2815 1329 2876; x_wconf 89' lang='lat' dir='ltr'>di</span> <span class='ocrx_word' id='word_1_213' title='bbox 1361 2815 1486 2895; x_wconf 83' lang='lat' dir='ltr'>Cesar,</span> <span class='ocrx_word' id='word_1_214' title='bbox 1521 2837 1587 2898; x_wconf 89' lang='lat' dir='ltr'>per</span> 
     </span>
     <span class='ocr_line' id='line_1_23' title="bbox 306 2921 1587 3012; baseline -0.001 -25"><span class='ocrx_word' id='word_1_215' title='bbox 306 2926 397 2987; x_wconf 85' lang='lat' dir='ltr'>fario</span> <span class='ocrx_word' id='word_1_216' title='bbox 422 2935 520 2986; x_wconf 79' lang='lat' dir='ltr'>tacet</span> <span class='ocrx_word' id='word_1_217' title='bbox 544 2924 578 2985; x_wconf 90' lang='lat' dir='ltr'>in</span> <span class='ocrx_word' id='word_1_218' title='bbox 604 2923 759 2985; x_wconf 85' lang='lat' dir='ltr'>futurum</span> <span class='ocrx_word' id='word_1_219' title='bbox 784 2931 820 2982; x_wconf 89' lang='lat' dir='ltr'>et</span> <span class='ocrx_word' id='word_1_220' title='bbox 845 2941 1014 3002; x_wconf 82' lang='lat' dir='ltr'>correger</span> <span class='ocrx_word' id='word_1_221' title='bbox 1040 2923 1071 2982; x_wconf 91' lang='lat' dir='ltr'>el</span> <span class='ocrx_word' id='word_1_222' title='bbox 1088 2923 1284 3012; x_wconf 81' lang='lat' dir='ltr'>proposito.</span> <span class='ocrx_word' id='word_1_223' title='bbox 1325 2921 1587 3005; x_wconf 86' lang='lat' dir='ltr'>Oimprudenti</span> 
     </span>
     <span class='ocr_line' id='line_1_24' title="bbox 307 3028 1587 3114; baseline 0.001 -20"><span class='ocrx_word' id='word_1_224' title='bbox 307 3033 373 3094; x_wconf 89' lang='lat' dir='ltr'>che</span> <span class='ocrx_word' id='word_1_225' title='bbox 404 3051 492 3094; x_wconf 87' lang='lat' dir='ltr'>sono</span> <span class='ocrx_word' id='word_1_226' title='bbox 523 3030 604 3091; x_wconf 88' lang='lat' dir='ltr'>stati</span> <span class='ocrx_word' id='word_1_227' title='bbox 638 3041 768 3111; x_wconf 88' lang='lat' dir='ltr'>troppo</span> <span class='ocrx_word' id='word_1_228' title='bbox 801 3049 821 3090; x_wconf 93' lang='lat' dir='ltr'>a</span> <span class='ocrx_word' id='word_1_229' title='bbox 844 3028 1034 3089; x_wconf 87' lang='lat' dir='ltr'>advedersi</span> <span class='ocrx_word' id='word_1_230' title='bbox 1066 3029 1101 3090; x_wconf 89' lang='lat' dir='ltr'>di</span> <span class='ocrx_word' id='word_1_231' title='bbox 1132 3031 1197 3091; x_wconf 91' lang='lat' dir='ltr'>dar</span> <span class='ocrx_word' id='word_1_232' title='bbox 1221 3031 1378 3093; x_wconf 91' lang='lat' dir='ltr'>remedio</span> <span class='ocrx_word' id='word_1_233' title='bbox 1410 3053 1431 3094; x_wconf 94' lang='lat' dir='ltr'>a</span> <span class='ocrx_word' id='word_1_234' title='bbox 1462 3042 1587 3114; x_wconf 89' lang='lat' dir='ltr'>questa</span> 
     </span>
     <span class='ocr_line' id='line_1_25' title="bbox 306 3137 1587 3218; baseline 0.001 -17"><span class='ocrx_word' id='word_1_235' title='bbox 306 3160 407 3218; x_wconf 90' lang='lat' dir='ltr'>cosa,</span> <span class='ocrx_word' id='word_1_236' title='bbox 444 3148 480 3200; x_wconf 90' lang='lat' dir='ltr'>et</span> <span class='ocrx_word' id='word_1_237' title='bbox 510 3140 575 3200; x_wconf 86' lang='lat' dir='ltr'>che</span> <span class='ocrx_word' id='word_1_238' title='bbox 600 3157 669 3199; x_wconf 92' lang='lat' dir='ltr'>non</span> <span class='ocrx_word' id='word_1_239' title='bbox 695 3139 845 3198; x_wconf 85' lang='lat' dir='ltr'>voleano</span> <span class='ocrx_word' id='word_1_240' title='bbox 877 3137 1003 3197; x_wconf 86' lang='lat' dir='ltr'>creder</span> <span class='ocrx_word' id='word_1_241' title='bbox 1036 3137 1178 3216; x_wconf 93' lang='lat' dir='ltr'>quando</span> <span class='ocrx_word' id='word_1_242' title='bbox 1212 3138 1269 3199; x_wconf 92' lang='lat' dir='ltr'>noi</span> <span class='ocrx_word' id='word_1_243' title='bbox 1301 3138 1485 3202; x_wconf 90' lang='lat' dir='ltr'>dicevamo</span> <span class='ocrx_word' id='word_1_244' title='bbox 1510 3143 1587 3203; x_wconf 90' lang='grc'>1010</span> 
     </span>
     <span class='ocr_line' id='line_1_26' title="bbox 307 3241 1582 3324; baseline 0.002 -17"><span class='ocrx_word' id='word_1_245' title='bbox 307 3248 373 3307; x_wconf 90' lang='lat' dir='ltr'>che</span> <span class='ocrx_word' id='word_1_246' title='bbox 405 3247 545 3306; x_wconf 87' lang='lat' dir='ltr'>davano</span> <span class='ocrx_word' id='word_1_247' title='bbox 570 3255 700 3324; x_wconf 83' lang='lat' dir='ltr'>troppa</span> <span class='ocrx_word' id='word_1_248' title='bbox 724 3241 892 3304; x_wconf 75' lang='lat' dir='ltr'>auttorita</span> <span class='ocrx_word' id='word_1_249' title='bbox 916 3263 937 3303; x_wconf 87' lang='lat' dir='ltr'>a</span> <span class='ocrx_word' id='word_1_250' title='bbox 961 3242 1075 3322; x_wconf 90' lang='lat' dir='ltr'>questi</span> <span class='ocrx_word' id='word_1_251' title='bbox 1099 3244 1276 3307; x_wconf 88' lang='lat' dir='ltr'>Todeschi</span> <span class='ocrx_word' id='word_1_252' title='bbox 1305 3256 1340 3308; x_wconf 91' lang='lat' dir='ltr'>et</span> <span class='ocrx_word' id='word_1_253' title='bbox 1365 3249 1430 3309; x_wconf 89' lang='lat' dir='ltr'>che</span> <span class='ocrx_word' id='word_1_254' title='bbox 1455 3267 1493 3309; x_wconf 90' lang='lat' dir='ltr'>se</span> <span class='ocrx_word' id='word_1_255' title='bbox 1518 3257 1582 3310; x_wconf 84' lang='lat' dir='ltr'>tro-</span> 
     </span>
     <span class='ocr_line' id='line_1_27' title="bbox 307 3349 1587 3433; baseline 0.001 -18"><span class='ocrx_word' id='word_1_256' title='bbox 307 3355 514 3431; x_wconf 76' lang='lat' dir='ltr'>varebbeno</span> <span class='ocrx_word' id='word_1_257' title='bbox 539 3350 737 3433; x_wconf 83' lang='lat' dir='ltr'>aggabbati</span> <span class='ocrx_word' id='word_1_258' title='bbox 762 3360 797 3411; x_wconf 90' lang='lat' dir='ltr'>et</span> <span class='ocrx_word' id='word_1_259' title='bbox 819 3349 853 3410; x_wconf 91' lang='lat' dir='ltr'>in</span> <span class='ocrx_word' id='word_1_260' title='bbox 879 3359 1006 3430; x_wconf 85' lang='lat' dir='ltr'>questa</span> <span class='ocrx_word' id='word_1_261' title='bbox 1022 3370 1107 3412; x_wconf 82' lang='lat' dir='ltr'>cosa</span> <span class='ocrx_word' id='word_1_262' title='bbox 1123 3350 1158 3412; x_wconf 93' lang='lat' dir='ltr'>di</span> <span class='ocrx_word' id='word_1_263' title='bbox 1176 3351 1309 3415; x_wconf 86' lang='lat' dir='ltr'>Luther</span> <span class='ocrx_word' id='word_1_264' title='bbox 1334 3363 1368 3414; x_wconf 92' lang='lat' dir='ltr'>et</span> <span class='ocrx_word' id='word_1_265' title='bbox 1385 3353 1418 3414; x_wconf 93' lang='lat' dir='ltr'>in</span> <span class='ocrx_word' id='word_1_266' title='bbox 1436 3356 1468 3416; x_wconf 89' lang='lat' dir='ltr'>le</span> <span class='ocrx_word' id='word_1_267' title='bbox 1486 3356 1587 3432; x_wconf 82' lang='lat' dir='ltr'>altre,</span> 
     </span>
     <span class='ocr_line' id='line_1_28' title="bbox 307 3456 1431 3540; baseline 0.001 -18"><span class='ocrx_word' id='word_1_268' title='bbox 307 3460 376 3522; x_wconf 89' lang='lat' dir='ltr'>alle</span> <span class='ocrx_word' id='word_1_269' title='bbox 401 3458 495 3540; x_wconf 87' lang='lat' dir='ltr'>quali</span> <span class='ocrx_word' id='word_1_270' title='bbox 520 3458 543 3519; x_wconf 92' lang='lat' dir='ltr'>li</span> <span class='ocrx_word' id='word_1_271' title='bbox 569 3457 750 3519; x_wconf 88' lang='lat' dir='ltr'>Cesariani</span> <span class='ocrx_word' id='word_1_272' title='bbox 775 3477 975 3537; x_wconf 85' lang='lat' dir='ltr'>speravano</span> <span class='ocrx_word' id='word_1_273' title='bbox 1000 3456 1103 3519; x_wconf 90' lang='lat' dir='ltr'>indur</span> <span class='ocrx_word' id='word_1_274' title='bbox 1127 3469 1253 3538; x_wconf 85' lang='lat' dir='ltr'>questa</span> <span class='ocrx_word' id='word_1_275' title='bbox 1277 3460 1431 3524; x_wconf 86' lang='lat' dir='ltr'>natione.</span> 
     </span>
    </p>

    <p class='ocr_par' dir='ltr' id='par_1_4' title="bbox 306 3565 1607 4391">
     <span class='ocr_line' id='line_1_29' title="bbox 397 3565 1587 3650; baseline 0.004 -23"><span class='ocrx_word' id='word_1_276' title='bbox 397 3565 470 3627; x_wconf 86' lang='lat' dir='ltr'>Che</span> <span class='ocrx_word' id='word_1_277' title='bbox 502 3566 657 3626; x_wconf 87' lang='lat' dir='ltr'>credeno</span> <span class='ocrx_word' id='word_1_278' title='bbox 690 3566 756 3625; x_wconf 91' lang='lat' dir='ltr'>che</span> <span class='ocrx_word' id='word_1_279' title='bbox 786 3565 905 3644; x_wconf 89' lang='lat' dir='ltr'>quello</span> <span class='ocrx_word' id='word_1_280' title='bbox 936 3565 1092 3627; x_wconf 87' lang='lat' dir='ltr'>cervello</span> <span class='ocrx_word' id='word_1_281' title='bbox 1124 3566 1158 3626; x_wconf 90' lang='lat' dir='ltr'>di</span> <span class='ocrx_word' id='word_1_282' title='bbox 1185 3566 1320 3632; x_wconf 83' lang='lat' dir='ltr'>Hutten</span> <span class='ocrx_word' id='word_1_283' title='bbox 1352 3568 1380 3629; x_wconf 91' lang='lat' dir='ltr'>si</span> <span class='ocrx_word' id='word_1_284' title='bbox 1411 3568 1521 3650; x_wconf 83' lang='lat' dir='ltr'>voglii</span> <span class='ocrx_word' id='word_1_285' title='bbox 1553 3572 1587 3632; x_wconf 88' lang='lat' dir='ltr'>ai</span> 
     </span>
     <span class='ocr_line' id='line_1_30' title="bbox 308 3670 1607 3757; baseline 0.005 -24"><span class='ocrx_word' id='word_1_286' title='bbox 308 3680 475 3752; x_wconf 86' lang='lat' dir='ltr'>presente</span> <span class='ocrx_word' id='word_1_287' title='bbox 494 3679 608 3733; x_wconf 90' lang='lat' dir='ltr'>mutar</span> <span class='ocrx_word' id='word_1_288' title='bbox 628 3691 692 3752; x_wconf 90' lang='lat' dir='ltr'>per</span> <span class='ocrx_word' id='word_1_289' title='bbox 708 3676 815 3731; x_wconf 73' lang='grc' dir='ltr'>6060ῑυ</span> <span class='ocrx_word' id='word_1_290' title='bbox 830 3670 944 3731; x_wconf 84' lang='lat' dir='ltr'>fiorini</span> <span class='ocrx_word' id='word_1_291' title='bbox 965 3671 1022 3732; x_wconf 85' lang='lat' dir='ltr'>all’</span> <span class='ocrx_word' id='word_1_292' title='bbox 1036 3692 1141 3752; x_wconf 89' lang='lat' dir='ltr'>ann0,</span> <span class='ocrx_word' id='word_1_293' title='bbox 1166 3675 1199 3734; x_wconf 90' lang='grc'>61</span> <span class='ocrx_word' id='word_1_294' title='bbox 1219 3677 1299 3756; x_wconf 89' lang='lat' dir='ltr'>qual</span> <span class='ocrx_word' id='word_1_295' title='bbox 1318 3676 1607 3757; x_wconf 58' lang='grc'>1101111611111116-7</span> 
     </span>
     <span class='ocr_line' id='line_1_31' title="bbox 308 3775 1587 3864; baseline 0.006 -25"><span class='ocrx_word' id='word_1_296' title='bbox 308 3779 419 3840; x_wconf 89' lang='lat' dir='ltr'>rebbe</span> <span class='ocrx_word' id='word_1_297' title='bbox 434 3777 536 3838; x_wconf 89' lang='lat' dir='ltr'>IVM.</span> <span class='ocrx_word' id='word_1_298' title='bbox 576 3776 653 3855; x_wconf 90' lang='lat' dir='ltr'>Jam</span> <span class='ocrx_word' id='word_1_299' title='bbox 676 3775 839 3857; x_wconf 87' lang='lat' dir='ltr'>concepit</span> <span class='ocrx_word' id='word_1_300' title='bbox 856 3776 923 3836; x_wconf 90' lang='lat' dir='ltr'>sibi</span> <span class='ocrx_word' id='word_1_301' title='bbox 943 3776 1219 3841; x_wconf 81' lang='lat' dir='ltr'>immutationem</span> <span class='ocrx_word' id='word_1_302' title='bbox 1241 3782 1348 3844; x_wconf 86' lang='lat' dir='ltr'>totius</span> <span class='ocrx_word' id='word_1_303' title='bbox 1363 3782 1587 3864; x_wconf 83' lang='lat' dir='ltr'>Germaniae,</span> 
     </span>
     <span class='ocr_line' id='line_1_32' title="bbox 307 3883 1588 3975; baseline 0.007 -29"><span class='ocrx_word' id='word_1_304' title='bbox 307 3884 375 3947; x_wconf 91' lang='lat' dir='ltr'>iam</span> <span class='ocrx_word' id='word_1_305' title='bbox 401 3884 591 3946; x_wconf 90' lang='lat' dir='ltr'>dominium</span> <span class='ocrx_word' id='word_1_306' title='bbox 616 3883 649 3944; x_wconf 92' lang='lat' dir='ltr'>in</span> <span class='ocrx_word' id='word_1_307' title='bbox 677 3885 819 3962; x_wconf 89' lang='lat' dir='ltr'>clerum,</span> <span class='ocrx_word' id='word_1_308' title='bbox 844 3883 912 3944; x_wconf 83' lang='lat' dir='ltr'>iam</span> <span class='ocrx_word' id='word_1_309' title='bbox 934 3883 1074 3947; x_wconf 86' lang='lat' dir='ltr'>inanem</span> <span class='ocrx_word' id='word_1_310' title='bbox 1099 3888 1276 3973; x_wconf 86' lang='lat' dir='ltr'>quandam</span> <span class='ocrx_word' id='word_1_311' title='bbox 1300 3892 1450 3971; x_wconf 81' lang='lat' dir='ltr'>gloriam</span> <span class='ocrx_word' id='word_1_312' title='bbox 1468 3893 1588 3975; x_wconf 84' lang='lat' dir='ltr'>magni</span> 
     </span>
     <span class='ocr_line' id='line_1_33' title="bbox 306 3990 1588 4083; baseline 0.01 -30"><span class='ocrx_word' id='word_1_313' title='bbox 306 3990 442 4062; x_wconf 87' lang='lat' dir='ltr'>herois;</span> <span class='ocrx_word' id='word_1_314' title='bbox 466 4002 501 4051; x_wconf 83' lang='lat' dir='ltr'>et</span> <span class='ocrx_word' id='word_1_315' title='bbox 516 3990 650 4071; x_wconf 78' lang='lat' dir='ltr'>peggio</span> <span class='ocrx_word' id='word_1_316' title='bbox 673 3992 691 4052; x_wconf 77' lang='grc' dir='ltr'><em>ὲ</em></span> <span class='ocrx_word' id='word_1_317' title='bbox 712 3990 777 4051; x_wconf 86' lang='lat' dir='ltr'>che</span> <span class='ocrx_word' id='word_1_318' title='bbox 794 3991 910 4070; x_wconf 85' lang='lat' dir='ltr'>questi</span> <span class='ocrx_word' id='word_1_319' title='bbox 926 3992 1052 4071; x_wconf 81' lang='lat' dir='ltr'>prelati</span> <span class='ocrx_word' id='word_1_320' title='bbox 1075 3996 1188 4073; x_wconf 83' lang='lat' dir='ltr'>peria</span> <span class='ocrx_word' id='word_1_321' title='bbox 1205 3996 1278 4058; x_wconf 86' lang='lat' dir='ltr'>vita</span> <span class='ocrx_word' id='word_1_322' title='bbox 1302 3999 1377 4060; x_wconf 91' lang='lat' dir='ltr'>loro</span> <span class='ocrx_word' id='word_1_323' title='bbox 1394 4003 1465 4063; x_wconf 85' lang='lat' dir='ltr'>tale</span> <span class='ocrx_word' id='word_1_324' title='bbox 1483 4005 1588 4083; x_wconf 87' lang='lat' dir='ltr'>quale</span> 
     </span>
     <span class='ocr_line' id='line_1_34' title="bbox 306 4099 1587 4188; baseline 0.009 -28"><span class='ocrx_word' id='word_1_325' title='bbox 306 4101 341 4161; x_wconf 93' lang='lat' dir='ltr'>lo</span> <span class='ocrx_word' id='word_1_326' title='bbox 366 4107 518 4176; x_wconf 90' lang='lat' dir='ltr'>temeno,</span> <span class='ocrx_word' id='word_1_327' title='bbox 544 4118 613 4159; x_wconf 90' lang='lat' dir='ltr'>non</span> <span class='ocrx_word' id='word_1_328' title='bbox 639 4118 742 4158; x_wconf 87' lang='lat' dir='ltr'>meno</span> <span class='ocrx_word' id='word_1_329' title='bbox 767 4117 832 4178; x_wconf 88' lang='lat' dir='ltr'>per</span> <span class='ocrx_word' id='word_1_330' title='bbox 856 4118 964 4159; x_wconf 88' lang='lat' dir='ltr'>causa</span> <span class='ocrx_word' id='word_1_331' title='bbox 988 4099 1035 4160; x_wconf 88' lang='lat' dir='ltr'>dil</span> <span class='ocrx_word' id='word_1_332' title='bbox 1061 4100 1142 4162; x_wconf 87' lang='lat' dir='ltr'>stilo</span> <span class='ocrx_word' id='word_1_333' title='bbox 1167 4103 1233 4164; x_wconf 89' lang='lat' dir='ltr'>che</span> <span class='ocrx_word' id='word_1_334' title='bbox 1257 4106 1350 4166; x_wconf 86' lang='lat' dir='ltr'>delle</span> <span class='ocrx_word' id='word_1_335' title='bbox 1371 4127 1479 4188; x_wconf 85' lang='lat' dir='ltr'>arme,</span> <span class='ocrx_word' id='word_1_336' title='bbox 1503 4119 1538 4170; x_wconf 90' lang='lat' dir='ltr'>et</span> <span class='ocrx_word' id='word_1_337' title='bbox 1563 4110 1587 4172; x_wconf 91' lang='lat' dir='ltr'>li</span> 
     </span>
     <span class='ocr_line' id='line_1_35' title="bbox 307 4203 1588 4286; baseline 0.01 -20"><span class='ocrx_word' id='word_1_338' title='bbox 307 4203 576 4286; x_wconf 83' lang='lat' dir='ltr'>gentiihuomini</span> <span class='ocrx_word' id='word_1_339' title='bbox 601 4203 677 4265; x_wconf 90' lang='lat' dir='ltr'>suoi</span> <span class='ocrx_word' id='word_1_340' title='bbox 702 4204 865 4284; x_wconf 88' lang='lat' dir='ltr'>complici</span> <span class='ocrx_word' id='word_1_341' title='bbox 890 4205 924 4265; x_wconf 95' lang='lat' dir='ltr'>lo</span> <span class='ocrx_word' id='word_1_342' title='bbox 949 4207 1106 4269; x_wconf 87' lang='lat' dir='ltr'>adorano</span> <span class='ocrx_word' id='word_1_343' title='bbox 1133 4220 1168 4269; x_wconf 92' lang='lat' dir='ltr'>et</span> <span class='ocrx_word' id='word_1_344' title='bbox 1196 4211 1242 4272; x_wconf 90' lang='lat' dir='ltr'>ha</span> <span class='ocrx_word' id='word_1_345' title='bbox 1267 4211 1396 4275; x_wconf 84' lang='lat' dir='ltr'>fautori</span> <span class='ocrx_word' id='word_1_346' title='bbox 1421 4217 1487 4277; x_wconf 89' lang='lat' dir='ltr'>che</span> <span class='ocrx_word' id='word_1_347' title='bbox 1505 4217 1526 4278; x_wconf 88' lang='lat' dir='ltr'>&#39;l</span> <span class='ocrx_word' id='word_1_348' title='bbox 1550 4217 1588 4280; x_wconf 81' lang='lat' dir='ltr'>fa</span> 
     </span>
     <span class='ocr_line' id='line_1_36' title="bbox 309 4311 766 4391; baseline 0.004 -20"><span class='ocrx_word' id='word_1_349' title='bbox 309 4311 384 4372; x_wconf 81' lang='lat' dir='ltr'>fare</span> <span class='ocrx_word' id='word_1_350' title='bbox 410 4320 499 4372; x_wconf 90' lang='lat' dir='ltr'>tutte</span> <span class='ocrx_word' id='word_1_351' title='bbox 524 4320 647 4391; x_wconf 87' lang='lat' dir='ltr'>queste</span> <span class='ocrx_word' id='word_1_352' title='bbox 673 4331 766 4374; x_wconf 85' lang='lat' dir='ltr'>cose.</span> 
     </span>
    </p>

    <p class='ocr_par' dir='ltr' id='par_1_5' title="bbox 306 4416 1588 4941">
     <span class='ocr_line' id='line_1_37' title="bbox 397 4416 1587 4504; baseline 0.013 -26"><span class='ocrx_word' id='word_1_353' title='bbox 397 4417 515 4478; x_wconf 90' lang='lat' dir='ltr'>Primo</span> <span class='ocrx_word' id='word_1_354' title='bbox 547 4418 569 4477; x_wconf 93' lang='grc'>11</span> <span class='ocrx_word' id='word_1_355' title='bbox 602 4417 693 4477; x_wconf 90' lang='lat' dir='ltr'>duca</span> <span class='ocrx_word' id='word_1_356' title='bbox 724 4416 868 4478; x_wconf 80' lang='lat' dir='ltr'>Saxone</span> <span class='ocrx_word' id='word_1_357' title='bbox 900 4421 1067 4500; x_wconf 90' lang='lat' dir='ltr'>elettore,</span> <span class='ocrx_word' id='word_1_358' title='bbox 1102 4422 1124 4483; x_wconf 89' lang='lat' dir='ltr'>il</span> <span class='ocrx_word' id='word_1_359' title='bbox 1162 4427 1243 4504; x_wconf 90' lang='lat' dir='ltr'>qual</span> <span class='ocrx_word' id='word_1_360' title='bbox 1275 4431 1423 4492; x_wconf 86' lang='lat' dir='ltr'>absente</span> <span class='ocrx_word' id='word_1_361' title='bbox 1454 4430 1587 4494; x_wconf 85' lang='lat' dir='ltr'>Cesare</span> 
     </span>
     <span class='ocr_line' id='line_1_38' title="bbox 306 4523 1586 4605; baseline 0.012 -19"><span class='ocrx_word' id='word_1_362' title='bbox 306 4523 442 4586; x_wconf 73' lang='lat' dir='ltr'>restani</span> <span class='ocrx_word' id='word_1_363' title='bbox 473 4526 698 4586; x_wconf 87' lang='lat' dir='ltr'>locotenente</span> <span class='ocrx_word' id='word_1_364' title='bbox 730 4526 786 4585; x_wconf 87' lang='grc'>(161</span> <span class='ocrx_word' id='word_1_365' title='bbox 812 4525 964 4605; x_wconf 86' lang='lat' dir='ltr'>Imperio</span> <span class='ocrx_word' id='word_1_366' title='bbox 996 4525 1030 4588; x_wconf 89' lang='lat' dir='ltr'>in</span> <span class='ocrx_word' id='word_1_367' title='bbox 1061 4537 1151 4591; x_wconf 89' lang='lat' dir='ltr'>tutta</span> <span class='ocrx_word' id='word_1_368' title='bbox 1175 4530 1366 4597; x_wconf 86' lang='lat' dir='ltr'>Germania</span> <span class='ocrx_word' id='word_1_369' title='bbox 1396 4537 1431 4598; x_wconf 89' lang='lat' dir='ltr'>di</span> <span class='ocrx_word' id='word_1_370' title='bbox 1463 4536 1496 4598; x_wconf 78' lang='lat' dir='ltr'>la</span> <span class='ocrx_word' id='word_1_371' title='bbox 1527 4540 1586 4601; x_wconf 91' lang='lat' dir='ltr'>dal</span> 
     </span>
     <span class='ocr_line' id='line_1_39' title="bbox 307 4629 1587 4722; baseline 0.013 -30"><span class='ocrx_word' id='word_1_372' title='bbox 307 4631 455 4702; x_wconf 91' lang='lat' dir='ltr'>Rheno;</span> <span class='ocrx_word' id='word_1_373' title='bbox 492 4629 534 4691; x_wconf 91' lang='lat' dir='ltr'>El</span> <span class='ocrx_word' id='word_1_374' title='bbox 559 4630 722 4692; x_wconf 89' lang='lat' dir='ltr'>Palatino</span> <span class='ocrx_word' id='word_1_375' title='bbox 755 4633 905 4693; x_wconf 87' lang='grc'>61611016</span> <span class='ocrx_word' id='word_1_376' title='bbox 937 4634 1163 4699; x_wconf 86' lang='lat' dir='ltr'>locotenente</span> <span class='ocrx_word' id='word_1_377' title='bbox 1194 4641 1238 4701; x_wconf 89' lang='lat' dir='ltr'>de</span> <span class='ocrx_word' id='word_1_378' title='bbox 1270 4662 1340 4722; x_wconf 87' lang='lat' dir='ltr'>qua</span> <span class='ocrx_word' id='word_1_379' title='bbox 1371 4645 1430 4706; x_wconf 90' lang='lat' dir='ltr'>dal</span> <span class='ocrx_word' id='word_1_380' title='bbox 1455 4645 1587 4710; x_wconf 85' lang='lat' dir='ltr'>Rheno</span> 
     </span>
     <span class='ocr_line' id='line_1_40' title="bbox 307 4735 1588 4826; baseline 0.014 -28"><span class='ocrx_word' id='word_1_381' title='bbox 307 4757 411 4799; x_wconf 87' lang='lat' dir='ltr'>verso</span> <span class='ocrx_word' id='word_1_382' title='bbox 443 4738 478 4799; x_wconf 83' lang='lat' dir='ltr'>ia</span> <span class='ocrx_word' id='word_1_383' title='bbox 502 4735 636 4814; x_wconf 81' lang='lat' dir='ltr'>Gallia,</span> <span class='ocrx_word' id='word_1_384' title='bbox 672 4757 741 4799; x_wconf 93' lang='lat' dir='ltr'>non</span> <span class='ocrx_word' id='word_1_385' title='bbox 776 4739 798 4800; x_wconf 92' lang='grc'>11</span> <span class='ocrx_word' id='word_1_386' title='bbox 824 4738 904 4800; x_wconf 71' lang='lat' dir='ltr'>sara</span> <span class='ocrx_word' id='word_1_387' title='bbox 937 4743 1132 4823; x_wconf 89' lang='lat' dir='ltr'>contrari0,</span> <span class='ocrx_word' id='word_1_388' title='bbox 1166 4749 1296 4826; x_wconf 66' lang='lat' dir='ltr'>perche</span> <span class='ocrx_word' id='word_1_389' title='bbox 1331 4751 1429 4814; x_wconf 75' lang='lat' dir='ltr'>crido</span> <span class='ocrx_word' id='word_1_390' title='bbox 1462 4763 1588 4816; x_wconf 85' lang='lat' dir='ltr'>contra</span> 
     </span>
     <span class='ocr_line' id='line_1_41' title="bbox 306 4844 1585 4941; baseline 0.014 -35"><span class='ocrx_word' id='word_1_391' title='bbox 306 4844 426 4906; x_wconf 89' lang='lat' dir='ltr'>Roma</span> <span class='ocrx_word' id='word_1_392' title='bbox 448 4844 484 4906; x_wconf 92' lang='lat' dir='ltr'>in</span> <span class='ocrx_word' id='word_1_393' title='bbox 511 4845 544 4906; x_wconf 89' lang='lat' dir='ltr'>la</span> <span class='ocrx_word' id='word_1_394' title='bbox 560 4846 666 4906; x_wconf 85' lang='lat' dir='ltr'>Dieta</span> <span class='ocrx_word' id='word_1_395' title='bbox 691 4854 726 4906; x_wconf 90' lang='lat' dir='ltr'>et</span> <span class='ocrx_word' id='word_1_396' title='bbox 750 4845 920 4926; x_wconf 78' lang='lat' dir='ltr'>muggiva</span> <span class='ocrx_word' id='word_1_397' title='bbox 945 4851 1026 4927; x_wconf 85' lang='lat' dir='ltr'>quel</span> <span class='ocrx_word' id='word_1_398' title='bbox 1051 4851 1176 4930; x_wconf 73' lang='lat' dir='ltr'>giorno</span> <span class='ocrx_word' id='word_1_399' title='bbox 1199 4874 1297 4917; x_wconf 91' lang='lat' dir='ltr'>come</span> <span class='ocrx_word' id='word_1_400' title='bbox 1315 4857 1352 4919; x_wconf 84' lang='lat' dir='ltr'>X</span> <span class='ocrx_word' id='word_1_401' title='bbox 1377 4860 1454 4937; x_wconf 91' lang='lat' dir='ltr'>tori,</span> <span class='ocrx_word' id='word_1_402' title='bbox 1479 4880 1585 4941; x_wconf 91' lang='lat' dir='ltr'>quum</span> 
     </span>
    </p>
   </div>
   <div class='ocr_carea' id='block_1_3' title="bbox 0 0 1784 5734">
    <p class='ocr_par' dir='ltr' id='par_1_6' title="bbox 0 0 1784 5734">
     <span class='ocr_line' id='line_1_42' title="bbox 0 0 1784 5734; baseline 0 0"><span class='ocrx_word' id='word_1_403' title='bbox 0 0 1784 5734; x_wconf 95' lang='lat' dir='ltr'> </span> 
     </span>
    </p>
   </div>
  </div>
 </body>
</html>
