<?xml version="1.0" encoding="UTF-8"?>
<!DOCTYPE html PUBLIC "-//W3C//DTD XHTML 1.0 Transitional//EN"
    "http://www.w3.org/TR/xhtml1/DTD/xhtml1-transitional.dtd">
<html xmlns="http://www.w3.org/1999/xhtml" xml:lang="en" lang="en">
 <head>
  <title>
</title>
<meta http-equiv="Content-Type" content="text/html;charset=utf-8" />
  <meta name='ocr-system' content='tesseract 3.04.00' />
  <meta name='ocr-capabilities' content='ocr_page ocr_carea ocr_par ocr_line ocrx_word'/>
</head>
<body>
  <div class='ocr_page' id='page_1' title='image "./monumentareform01vatigoog_0320.png"; bbox 0 0 3559 5734; ppageno 0'>
   <div class='ocr_carea' id='block_1_1' title="bbox 773 542 1020 599">
    <p class='ocr_par' dir='ltr' id='par_1_1' title="bbox 773 542 1020 599">
     <span class='ocr_line' id='line_1_1' title="bbox 773 542 1020 599; baseline 0 -3"><span class='ocrx_word' id='word_1_1' title='bbox 773 542 1020 599; x_wconf 48' lang='lat' dir='ltr'>epatu&amp;</span> 
     </span>
    </p>
   </div>
   <div class='ocr_carea' id='block_1_2' title="bbox 255 682 1542 2804">
    <p class='ocr_par' dir='ltr' id='par_1_2' title="bbox 255 682 1541 1849">
     <span class='ocr_line' id='line_1_2' title="bbox 257 682 1539 771; baseline 0.002 -23"><span class='ocrx_word' id='word_1_2' title='bbox 257 682 454 766; x_wconf 86' lang='lat' dir='ltr'>extirparlo</span> <span class='ocrx_word' id='word_1_3' title='bbox 469 686 636 749; x_wconf 83' lang='lat' dir='ltr'>havendo</span> <span class='ocrx_word' id='word_1_4' title='bbox 653 686 695 750; x_wconf 90' lang='lat' dir='ltr'>N.</span> <span class='ocrx_word' id='word_1_5' title='bbox 713 684 765 749; x_wconf 71' lang='lat'>8¹⁰</span> <span class='ocrx_word' id='word_1_6' title='bbox 785 687 881 751; x_wconf 87' lang='lat' dir='ltr'>facto</span> <span class='ocrx_word' id='word_1_7' title='bbox 906 696 998 751; x_wconf 86' lang='lat' dir='ltr'>tutto</span> <span class='ocrx_word' id='word_1_8' title='bbox 1023 689 1142 771; x_wconf 91' lang='lat' dir='ltr'>quello</span> <span class='ocrx_word' id='word_1_9' title='bbox 1167 709 1230 755; x_wconf 83' lang='lat' dir='ltr'>era</span> <span class='ocrx_word' id='word_1_10' title='bbox 1253 689 1286 751; x_wconf 92' lang='lat' dir='ltr'>in</span> <span class='ocrx_word' id='word_1_11' title='bbox 1311 690 1385 755; x_wconf 72' lang='lat' dir='ltr'>Sua</span> <span class='ocrx_word' id='word_1_12' title='bbox 1401 689 1453 751; x_wconf 70' lang='lat' dir='ltr'>Stl</span> <span class='ocrx_word' id='word_1_13' title='bbox 1471 710 1539 770; x_wconf 86' lang='lat' dir='ltr'>per</span> 
     </span>
     <span class='ocr_line' id='line_1_3' title="bbox 257 790 1538 879; baseline 0.003 -25"><span class='ocrx_word' id='word_1_14' title='bbox 257 790 470 855; x_wconf 82' lang='lat' dir='ltr'>remediarli</span> <span class='ocrx_word' id='word_1_15' title='bbox 517 792 570 855; x_wconf 92' lang='lat' dir='ltr'>La</span> <span class='ocrx_word' id='word_1_16' title='bbox 593 813 678 857; x_wconf 87' lang='lat' dir='ltr'>cosa</span> <span class='ocrx_word' id='word_1_17' title='bbox 702 814 772 857; x_wconf 91' lang='lat' dir='ltr'>non</span> <span class='ocrx_word' id='word_1_18' title='bbox 796 797 973 879; x_wconf 84' lang='lat' dir='ltr'>potrebbe</span> <span class='ocrx_word' id='word_1_19' title='bbox 998 815 1117 858; x_wconf 87' lang='lat' dir='ltr'>essere</span> <span class='ocrx_word' id='word_1_20' title='bbox 1150 795 1186 858; x_wconf 93' lang='lat' dir='ltr'>di</span> <span class='ocrx_word' id='word_1_21' title='bbox 1215 796 1277 878; x_wconf 82' lang='lat' dir='ltr'>piu</span> <span class='ocrx_word' id='word_1_22' title='bbox 1308 795 1538 878; x_wconf 83' lang='lat' dir='ltr'>importanza,</span> 
     </span>
     <span class='ocr_line' id='line_1_4' title="bbox 262 897 1539 981; baseline 0.004 -20"><span class='ocrx_word' id='word_1_23' title='bbox 262 897 306 961; x_wconf 71' lang='lat' dir='ltr'>ne</span> <span class='ocrx_word' id='word_1_24' title='bbox 335 897 396 961; x_wconf 87' lang='lat' dir='ltr'>voi</span> <span class='ocrx_word' id='word_1_25' title='bbox 425 897 487 981; x_wconf 79' lang='lat' dir='ltr'>piu</span> <span class='ocrx_word' id='word_1_26' title='bbox 522 900 672 963; x_wconf 83' lang='lat' dir='ltr'>ardente</span> <span class='ocrx_word' id='word_1_27' title='bbox 696 899 731 964; x_wconf 92' lang='lat' dir='ltr'>in</span> <span class='ocrx_word' id='word_1_28' title='bbox 756 900 781 964; x_wconf 92' lang='lat' dir='ltr'>li</span> <span class='ocrx_word' id='word_1_29' title='bbox 805 900 940 965; x_wconf 88' lang='lat' dir='ltr'>servitii</span> <span class='ocrx_word' id='word_1_30' title='bbox 965 901 1001 963; x_wconf 91' lang='lat' dir='ltr'>di</span> <span class='ocrx_word' id='word_1_31' title='bbox 1024 899 1099 969; x_wconf 88' lang='lat' dir='ltr'>Sua</span> <span class='ocrx_word' id='word_1_32' title='bbox 1123 899 1175 964; x_wconf 56' lang='lat' dir='ltr'>Sl*</span> <span class='ocrx_word' id='word_1_33' title='bbox 1202 912 1237 965; x_wconf 90' lang='lat' dir='ltr'>et</span> <span class='ocrx_word' id='word_1_34' title='bbox 1261 903 1356 966; x_wconf 87' lang='lat' dir='ltr'>della</span> <span class='ocrx_word' id='word_1_35' title='bbox 1379 900 1416 967; x_wconf 91' lang='lat' dir='ltr'>S.</span> <span class='ocrx_word' id='word_1_36' title='bbox 1441 900 1539 966; x_wconf 88' lang='lat' dir='ltr'>Sede</span> 
     </span>
     <span class='ocr_line' id='line_1_5' title="bbox 258 1005 1539 1091; baseline 0.003 -22"><span class='ocrx_word' id='word_1_37' title='bbox 258 1005 489 1088; x_wconf 88' lang='lat' dir='ltr'>Apostolica;</span> <span class='ocrx_word' id='word_1_38' title='bbox 513 1026 579 1088; x_wconf 90' lang='lat' dir='ltr'>per</span> <span class='ocrx_word' id='word_1_39' title='bbox 603 1010 627 1069; x_wconf 92' lang='lat' dir='ltr'>il</span> <span class='ocrx_word' id='word_1_40' title='bbox 651 1009 718 1070; x_wconf 89' lang='lat' dir='ltr'>che</span> <span class='ocrx_word' id='word_1_41' title='bbox 742 1028 813 1071; x_wconf 92' lang='lat' dir='ltr'>non</span> <span class='ocrx_word' id='word_1_42' title='bbox 838 1008 873 1071; x_wconf 92' lang='lat' dir='ltr'>vi</span> <span class='ocrx_word' id='word_1_43' title='bbox 899 1008 1034 1072; x_wconf 87' lang='lat' dir='ltr'>faremo</span> <span class='ocrx_word' id='word_1_44' title='bbox 1059 1009 1149 1072; x_wconf 86' lang='lat' dir='ltr'>altra</span> <span class='ocrx_word' id='word_1_45' title='bbox 1173 1009 1434 1091; x_wconf 83' lang='lat' dir='ltr'>exhortatione,</span> <span class='ocrx_word' id='word_1_46' title='bbox 1458 1012 1539 1073; x_wconf 93' lang='lat' dir='ltr'>solo</span> 
     </span>
     <span class='ocr_line' id='line_1_6' title="bbox 255 1113 1539 1199; baseline 0.004 -24"><span class='ocrx_word' id='word_1_47' title='bbox 255 1113 293 1176; x_wconf 88' lang='lat' dir='ltr'>vi</span> <span class='ocrx_word' id='word_1_48' title='bbox 315 1113 528 1178; x_wconf 87' lang='lat' dir='ltr'>ricordiamo</span> <span class='ocrx_word' id='word_1_49' title='bbox 559 1136 630 1179; x_wconf 92' lang='lat' dir='ltr'>non</span> <span class='ocrx_word' id='word_1_50' title='bbox 662 1115 791 1178; x_wconf 88' lang='lat' dir='ltr'>essersi</span> <span class='ocrx_word' id='word_1_51' title='bbox 822 1116 943 1180; x_wconf 89' lang='lat' dir='ltr'>vincto</span> <span class='ocrx_word' id='word_1_52' title='bbox 973 1115 1089 1179; x_wconf 73' lang='lat' dir='ltr'>finchd</span> <span class='ocrx_word' id='word_1_53' title='bbox 1122 1116 1151 1178; x_wconf 91' lang='lat' dir='ltr'>ci</span> <span class='ocrx_word' id='word_1_54' title='bbox 1184 1126 1281 1179; x_wconf 88' lang='lat' dir='ltr'>resta</span> <span class='ocrx_word' id='word_1_55' title='bbox 1311 1118 1461 1199; x_wconf 82' lang='lat' dir='ltr'>reliquie</span> <span class='ocrx_word' id='word_1_56' title='bbox 1492 1118 1539 1181; x_wconf 88' lang='lat' dir='ltr'>de</span> 
     </span>
     <span class='ocr_line' id='line_1_7' title="bbox 257 1219 1540 1305; baseline 0.004 -22"><span class='ocrx_word' id='word_1_57' title='bbox 257 1219 398 1302; x_wconf 86' lang='lat' dir='ltr'>inimici,</span> <span class='ocrx_word' id='word_1_58' title='bbox 423 1229 459 1284; x_wconf 85' lang='lat' dir='ltr'>et</span> <span class='ocrx_word' id='word_1_59' title='bbox 473 1220 568 1285; x_wconf 89' lang='lat' dir='ltr'>istud</span> <span class='ocrx_word' id='word_1_60' title='bbox 591 1242 705 1304; x_wconf 85' lang='lat' dir='ltr'>genus</span> <span class='ocrx_word' id='word_1_61' title='bbox 729 1223 997 1286; x_wconf 89' lang='lat' dir='ltr'>daemoniorum</span> <span class='ocrx_word' id='word_1_62' title='bbox 1026 1222 1095 1286; x_wconf 91' lang='lat' dir='ltr'>iam</span> <span class='ocrx_word' id='word_1_63' title='bbox 1130 1243 1202 1285; x_wconf 93' lang='lat' dir='ltr'>non</span> <span class='ocrx_word' id='word_1_64' title='bbox 1233 1233 1352 1305; x_wconf 90' lang='lat' dir='ltr'>potest</span> <span class='ocrx_word' id='word_1_65' title='bbox 1381 1224 1460 1287; x_wconf 92' lang='lat' dir='ltr'>eiici</span> <span class='ocrx_word' id='word_1_66' title='bbox 1490 1223 1540 1288; x_wconf 88' lang='lat' dir='ltr'>ie·</span> 
     </span>
     <span class='ocr_line' id='line_1_8' title="bbox 255 1326 1540 1413; baseline 0.003 -23"><span class='ocrx_word' id='word_1_67' title='bbox 255 1326 359 1391; x_wconf 90' lang='lat' dir='ltr'>iuniis</span> <span class='ocrx_word' id='word_1_68' title='bbox 384 1336 420 1391; x_wconf 85' lang='lat' dir='ltr'>et</span> <span class='ocrx_word' id='word_1_69' title='bbox 442 1328 662 1391; x_wconf 89' lang='lat' dir='ltr'>orationibus</span> <span class='ocrx_word' id='word_1_70' title='bbox 686 1337 748 1392; x_wconf 86' lang='lat' dir='ltr'>aut</span> <span class='ocrx_word' id='word_1_71' title='bbox 772 1329 897 1395; x_wconf 90' lang='lat' dir='ltr'>edictis</span> <span class='ocrx_word' id='word_1_72' title='bbox 922 1329 1124 1411; x_wconf 82' lang='lat' dir='ltr'>Caesareis,</span> <span class='ocrx_word' id='word_1_73' title='bbox 1148 1350 1288 1411; x_wconf 85' lang='lat' dir='ltr'>verum,</span> <span class='ocrx_word' id='word_1_74' title='bbox 1312 1343 1350 1393; x_wconf 92' lang='lat' dir='ltr'>ut</span> <span class='ocrx_word' id='word_1_75' title='bbox 1373 1331 1540 1413; x_wconf 88' lang='lat' dir='ltr'>scribitis,</span> 
     </span>
     <span class='ocr_line' id='line_1_9' title="bbox 256 1434 1541 1519; baseline 0.004 -22"><span class='ocrx_word' id='word_1_76' title='bbox 256 1434 462 1498; x_wconf 89' lang='lat' dir='ltr'>adhibenda</span> <span class='ocrx_word' id='word_1_77' title='bbox 486 1436 628 1499; x_wconf 90' lang='lat' dir='ltr'>omnino</span> <span class='ocrx_word' id='word_1_78' title='bbox 653 1445 735 1499; x_wconf 83' lang='lat' dir='ltr'>suut</span> <span class='ocrx_word' id='word_1_79' title='bbox 757 1436 908 1503; x_wconf 88' lang='lat' dir='ltr'>fortiora</span> <span class='ocrx_word' id='word_1_80' title='bbox 930 1437 1098 1501; x_wconf 87' lang='lat' dir='ltr'>remedia.</span> <span class='ocrx_word' id='word_1_81' title='bbox 1145 1438 1269 1519; x_wconf 90' lang='lat' dir='ltr'>Itaque</span> <span class='ocrx_word' id='word_1_82' title='bbox 1285 1448 1407 1502; x_wconf 88' lang='lat' dir='ltr'>curate</span> <span class='ocrx_word' id='word_1_83' title='bbox 1431 1439 1541 1502; x_wconf 89' lang='lat' dir='ltr'>etiam</span> 
     </span>
     <span class='ocr_line' id='line_1_10' title="bbox 257 1541 1541 1626; baseline 0.003 -23"><span class='ocrx_word' id='word_1_84' title='bbox 257 1551 363 1623; x_wconf 87' lang='lat' dir='ltr'>atque</span> <span class='ocrx_word' id='word_1_85' title='bbox 389 1541 493 1604; x_wconf 83' lang='lat' dir='ltr'>etiam</span> <span class='ocrx_word' id='word_1_86' title='bbox 518 1553 556 1605; x_wconf 94' lang='lat' dir='ltr'>ut</span> <span class='ocrx_word' id='word_1_87' title='bbox 580 1543 859 1626; x_wconf 89' lang='lat' dir='ltr'>quibuscumque</span> <span class='ocrx_word' id='word_1_88' title='bbox 893 1542 971 1607; x_wconf 90' lang='lat' dir='ltr'>fieri</span> <span class='ocrx_word' id='word_1_89' title='bbox 999 1552 1119 1626; x_wconf 86' lang='lat' dir='ltr'>potest</span> <span class='ocrx_word' id='word_1_90' title='bbox 1141 1544 1307 1609; x_wconf 87' lang='lat' dir='ltr'>remediis</span> <span class='ocrx_word' id='word_1_91' title='bbox 1330 1544 1541 1608; x_wconf 86' lang='lat' dir='ltr'>saevissima</span> 
     </span>
     <span class='ocr_line' id='line_1_11' title="bbox 256 1648 1539 1734; baseline 0.002 -23"><span class='ocrx_word' id='word_1_92' title='bbox 256 1648 454 1712; x_wconf 90' lang='lat' dir='ltr'>istiusmodi</span> <span class='ocrx_word' id='word_1_93' title='bbox 477 1649 682 1733; x_wconf 88' lang='lat' dir='ltr'>pestilentia</span> <span class='ocrx_word' id='word_1_94' title='bbox 706 1661 743 1714; x_wconf 90' lang='lat' dir='ltr'>et</span> <span class='ocrx_word' id='word_1_95' title='bbox 765 1652 935 1734; x_wconf 81' lang='lat' dir='ltr'>contagio</span> <span class='ocrx_word' id='word_1_96' title='bbox 963 1651 1058 1715; x_wconf 90' lang='lat' dir='ltr'>illico</span> <span class='ocrx_word' id='word_1_97' title='bbox 1095 1662 1131 1716; x_wconf 86' lang='lat' dir='ltr'>et</span> <span class='ocrx_word' id='word_1_98' title='bbox 1155 1654 1200 1714; x_wconf 89' lang='lat' dir='ltr'>ab</span> <span class='ocrx_word' id='word_1_99' title='bbox 1230 1651 1409 1715; x_wconf 85' lang='lat' dir='ltr'>radicibus</span> <span class='ocrx_word' id='word_1_100' title='bbox 1443 1652 1539 1714; x_wconf 87' lang='lat' dir='ltr'>exci-</span> 
     </span>
     <span class='ocr_line' id='line_1_12' title="bbox 256 1755 1539 1849; baseline 0.002 -31"><span class='ocrx_word' id='word_1_101' title='bbox 256 1756 372 1849; x_wconf 58' lang='lat' dir='ltr'>datur.¹</span> <span class='ocrx_word' id='word_1_102' title='bbox 416 1757 517 1820; x_wconf 90' lang='lat' dir='ltr'>Bene</span> <span class='ocrx_word' id='word_1_103' title='bbox 541 1758 670 1821; x_wconf 87' lang='lat' dir='ltr'>valete.</span> <span class='ocrx_word' id='word_1_104' title='bbox 717 1758 773 1821; x_wconf 88' lang='lat' dir='ltr'>Ex</span> <span class='ocrx_word' id='word_1_105' title='bbox 797 1758 995 1838; x_wconf 86' lang='lat' dir='ltr'>Florentia,</span> <span class='ocrx_word' id='word_1_106' title='bbox 1033 1762 1081 1821; x_wconf 76' lang='lat'>18.</span> <span class='ocrx_word' id='word_1_107' title='bbox 1106 1755 1328 1840; x_wconf 87' lang='lat' dir='ltr'>Septembris</span> <span class='ocrx_word' id='word_1_108' title='bbox 1352 1758 1539 1822; x_wconf 87' lang='lat' dir='ltr'><strong>MDXXI.</strong></span> 
     </span>
    </p>

    <p class='ocr_par' dir='ltr' id='par_1_3' title="bbox 256 1863 1542 2804">
     <span class='ocr_line' id='line_1_13' title="bbox 346 1863 1540 1947; baseline 0.001 -20"><span class='ocrx_word' id='word_1_109' title='bbox 346 1863 438 1945; x_wconf 84' lang='lat' dir='ltr'>Quel</span> <span class='ocrx_word' id='word_1_110' title='bbox 468 1864 658 1929; x_wconf 78' lang='lat' dir='ltr'>maledicto</span> <span class='ocrx_word' id='word_1_111' title='bbox 683 1866 889 1930; x_wconf 89' lang='lat' dir='ltr'>Lutherano</span> <span class='ocrx_word' id='word_1_112' title='bbox 920 1866 1039 1947; x_wconf 84' lang='lat' dir='ltr'>priore</span> <span class='ocrx_word' id='word_1_113' title='bbox 1070 1867 1108 1929; x_wconf 90' lang='lat' dir='ltr'>di</span> <span class='ocrx_word' id='word_1_114' title='bbox 1130 1865 1385 1947; x_wconf 83' lang='lat' dir='ltr'>Augustiniani</span> <span class='ocrx_word' id='word_1_115' title='bbox 1418 1867 1483 1928; x_wconf 90' lang='lat' dir='ltr'>che</span> <span class='ocrx_word' id='word_1_116' title='bbox 1517 1864 1540 1928; x_wconf 75' lang='lat' dir='ltr'>e</span> 
     </span>
     <span class='ocr_line' id='line_1_14' title="bbox 256 1973 1541 2056; baseline 0.005 -22"><span class='ocrx_word' id='word_1_117' title='bbox 256 1981 400 2035; x_wconf 88' lang='lat' dir='ltr'>tornato</span> <span class='ocrx_word' id='word_1_118' title='bbox 424 1993 446 2035; x_wconf 94' lang='lat' dir='ltr'>a</span> <span class='ocrx_word' id='word_1_119' title='bbox 469 1973 656 2054; x_wconf 84' lang='lat' dir='ltr'>predicare</span> <span class='ocrx_word' id='word_1_120' title='bbox 680 1974 716 2037; x_wconf 88' lang='lat' dir='ltr'>in</span> <span class='ocrx_word' id='word_1_121' title='bbox 740 1974 917 2055; x_wconf 82' lang='lat' dir='ltr'>Anversa,</span> <span class='ocrx_word' id='word_1_122' title='bbox 942 1973 1015 2038; x_wconf 88' lang='lat' dir='ltr'>fate</span> <span class='ocrx_word' id='word_1_123' title='bbox 1038 1994 1152 2056; x_wconf 85' lang='lat' dir='ltr'>opera</span> <span class='ocrx_word' id='word_1_124' title='bbox 1173 1994 1241 2037; x_wconf 90' lang='lat' dir='ltr'>con</span> <span class='ocrx_word' id='word_1_125' title='bbox 1267 1973 1398 2043; x_wconf 81' lang='lat' dir='ltr'>Cesare</span> <span class='ocrx_word' id='word_1_126' title='bbox 1421 1983 1458 2035; x_wconf 88' lang='lat' dir='ltr'>et</span> <span class='ocrx_word' id='word_1_127' title='bbox 1476 1974 1541 2041; x_wconf 87' lang='lat' dir='ltr'>col</span> 
     </span>
     <span class='ocr_line' id='line_1_15' title="bbox 257 2079 1540 2162; baseline -0.001 -20"><span class='ocrx_word' id='word_1_128' title='bbox 257 2079 477 2142; x_wconf 88' lang='lat' dir='ltr'>Reverendo</span> <span class='ocrx_word' id='word_1_129' title='bbox 510 2081 622 2162; x_wconf 90' lang='lat' dir='ltr'>padre</span> <span class='ocrx_word' id='word_1_130' title='bbox 654 2079 846 2144; x_wconf 85' lang='lat' dir='ltr'>Confessor</span> <span class='ocrx_word' id='word_1_131' title='bbox 879 2090 916 2144; x_wconf 90' lang='lat' dir='ltr'>et</span> <span class='ocrx_word' id='word_1_132' title='bbox 955 2101 1022 2144; x_wconf 91' lang='lat' dir='ltr'>con</span> <span class='ocrx_word' id='word_1_133' title='bbox 1063 2081 1143 2145; x_wconf 92' lang='lat' dir='ltr'>tutti</span> <span class='ocrx_word' id='word_1_134' title='bbox 1174 2081 1198 2144; x_wconf 90' lang='lat' dir='ltr'>li</span> <span class='ocrx_word' id='word_1_135' title='bbox 1238 2081 1323 2143; x_wconf 92' lang='lat' dir='ltr'>boni</span> <span class='ocrx_word' id='word_1_136' title='bbox 1355 2079 1415 2147; x_wconf 90' lang='lat' dir='ltr'>voi</span> <span class='ocrx_word' id='word_1_137' title='bbox 1447 2089 1483 2145; x_wconf 88' lang='lat' dir='ltr'>et</span> <span class='ocrx_word' id='word_1_138' title='bbox 1513 2079 1540 2142; x_wconf 91' lang='lat' dir='ltr'>il</span> 
     </span>
     <span class='ocr_line' id='line_1_16' title="bbox 257 2184 1539 2273; baseline 0.001 -26"><span class='ocrx_word' id='word_1_139' title='bbox 257 2184 380 2250; x_wconf 89' lang='lat' dir='ltr'>nuntio</span> <span class='ocrx_word' id='word_1_140' title='bbox 412 2187 479 2250; x_wconf 88' lang='lat' dir='ltr'>che</span> <span class='ocrx_word' id='word_1_141' title='bbox 510 2186 553 2249; x_wconf 91' lang='lat' dir='ltr'>sii</span> <span class='ocrx_word' id='word_1_142' title='bbox 586 2189 766 2271; x_wconf 84' lang='lat' dir='ltr'>gastigato</span> <span class='ocrx_word' id='word_1_143' title='bbox 797 2209 835 2251; x_wconf 90' lang='lat' dir='ltr'>se</span> <span class='ocrx_word' id='word_1_144' title='bbox 868 2197 1002 2273; x_wconf 88' lang='lat' dir='ltr'>puncto</span> <span class='ocrx_word' id='word_1_145' title='bbox 1038 2189 1267 2253; x_wconf 85' lang='lat' dir='ltr'>contraviene</span> <span class='ocrx_word' id='word_1_146' title='bbox 1305 2189 1375 2250; x_wconf 88' lang='lat' dir='ltr'>allo</span> <span class='ocrx_word' id='word_1_147' title='bbox 1409 2185 1539 2269; x_wconf 85' lang='lat' dir='ltr'>edicto,</span> 
     </span>
     <span class='ocr_line' id='line_1_17' title="bbox 258 2291 1539 2376; baseline 0 -20"><span class='ocrx_word' id='word_1_148' title='bbox 258 2292 448 2357; x_wconf 79' lang='lat' dir='ltr'>altrimenti</span> <span class='ocrx_word' id='word_1_149' title='bbox 475 2314 514 2357; x_wconf 91' lang='lat' dir='ltr'>se</span> <span class='ocrx_word' id='word_1_150' title='bbox 539 2291 613 2357; x_wconf 87' lang='lat' dir='ltr'>Sua</span> <span class='ocrx_word' id='word_1_151' title='bbox 636 2295 775 2359; x_wconf 77' lang='lat' dir='ltr'>Maesta</span> <span class='ocrx_word' id='word_1_152' title='bbox 799 2296 834 2363; x_wconf 89' lang='lat' dir='ltr'>in</span> <span class='ocrx_word' id='word_1_153' title='bbox 859 2317 943 2360; x_wconf 88' lang='lat' dir='ltr'>cosa</span> <span class='ocrx_word' id='word_1_154' title='bbox 966 2305 1066 2360; x_wconf 86' lang='lat' dir='ltr'>tanto</span> <span class='ocrx_word' id='word_1_155' title='bbox 1097 2305 1221 2360; x_wconf 84' lang='lat' dir='ltr'>sancta</span> <span class='ocrx_word' id='word_1_156' title='bbox 1255 2305 1292 2360; x_wconf 84' lang='lat' dir='ltr'>et</span> <span class='ocrx_word' id='word_1_157' title='bbox 1322 2294 1539 2376; x_wconf 84' lang='lat' dir='ltr'>importante</span> 
     </span>
     <span class='ocr_line' id='line_1_18' title="bbox 258 2400 1540 2485; baseline 0 -22"><span class='ocrx_word' id='word_1_158' title='bbox 258 2421 329 2464; x_wconf 89' lang='lat' dir='ltr'>non</span> <span class='ocrx_word' id='word_1_159' title='bbox 353 2400 382 2463; x_wconf 90' lang='lat' dir='ltr'>si</span> <span class='ocrx_word' id='word_1_160' title='bbox 406 2401 443 2465; x_wconf 85' lang='lat' dir='ltr'>fa</span> <span class='ocrx_word' id='word_1_161' title='bbox 465 2400 630 2465; x_wconf 90' lang='lat' dir='ltr'>ubbidire</span> <span class='ocrx_word' id='word_1_162' title='bbox 655 2413 691 2466; x_wconf 90' lang='lat' dir='ltr'>et</span> <span class='ocrx_word' id='word_1_163' title='bbox 714 2402 749 2465; x_wconf 94' lang='lat' dir='ltr'>in</span> <span class='ocrx_word' id='word_1_164' title='bbox 773 2403 954 2485; x_wconf 85' lang='lat' dir='ltr'>presentia</span> <span class='ocrx_word' id='word_1_165' title='bbox 978 2424 1051 2485; x_wconf 83' lang='lat' dir='ltr'>sua,</span> <span class='ocrx_word' id='word_1_166' title='bbox 1077 2404 1143 2467; x_wconf 92' lang='lat' dir='ltr'>che</span> <span class='ocrx_word' id='word_1_167' title='bbox 1167 2424 1205 2466; x_wconf 88' lang='lat' dir='ltr'>se</span> <span class='ocrx_word' id='word_1_168' title='bbox 1229 2402 1307 2471; x_wconf 74' lang='lat' dir='ltr'>fara</span> <span class='ocrx_word' id='word_1_169' title='bbox 1330 2402 1367 2464; x_wconf 90' lang='lat' dir='ltr'>in</span> <span class='ocrx_word' id='word_1_170' title='bbox 1388 2401 1409 2462; x_wconf 88' lang='lat' dir='ltr'>l&#39;</span> <span class='ocrx_word' id='word_1_171' title='bbox 1427 2402 1540 2464; x_wconf 77' lang='lat' dir='ltr'>altre?</span> 
     </span>
     <span class='ocr_line' id='line_1_19' title="bbox 258 2507 1542 2575; baseline 0.001 -6"><span class='ocrx_word' id='word_1_172' title='bbox 258 2508 287 2569; x_wconf 92' lang='lat' dir='ltr'><strong>E</strong></span> <span class='ocrx_word' id='word_1_173' title='bbox 310 2508 400 2572; x_wconf 88' lang='lat' dir='ltr'>siate</span> <span class='ocrx_word' id='word_1_174' title='bbox 422 2507 569 2571; x_wconf 86' lang='lat' dir='ltr'>insieme</span> <span class='ocrx_word' id='word_1_175' title='bbox 593 2511 649 2572; x_wconf 92' lang='lat' dir='ltr'>col</span> <span class='ocrx_word' id='word_1_176' title='bbox 672 2510 759 2572; x_wconf 91' lang='lat' dir='ltr'>Rdo</span> <span class='ocrx_word' id='word_1_177' title='bbox 784 2510 990 2573; x_wconf 90' lang='lat' dir='ltr'>Caracciolo</span> <span class='ocrx_word' id='word_1_178' title='bbox 1014 2518 1050 2573; x_wconf 90' lang='lat' dir='ltr'>et</span> <span class='ocrx_word' id='word_1_179' title='bbox 1077 2510 1242 2575; x_wconf 83' lang='lat' dir='ltr'>amendui</span> <span class='ocrx_word' id='word_1_180' title='bbox 1266 2519 1301 2575; x_wconf 85' lang='lat' dir='ltr'>et</span> <span class='ocrx_word' id='word_1_181' title='bbox 1325 2511 1466 2571; x_wconf 86' lang='lat' dir='ltr'>ciascun</span> <span class='ocrx_word' id='word_1_182' title='bbox 1492 2508 1542 2570; x_wconf 87' lang='lat' dir='ltr'>da</span> 
     </span>
     <span class='ocr_line' id='line_1_20' title="bbox 258 2613 1541 2698; baseline 0.003 -21"><span class='ocrx_word' id='word_1_183' title='bbox 258 2635 296 2677; x_wconf 90' lang='lat' dir='ltr'>se</span> <span class='ocrx_word' id='word_1_184' title='bbox 320 2613 394 2677; x_wconf 89' lang='lat' dir='ltr'>fate</span> <span class='ocrx_word' id='word_1_185' title='bbox 416 2635 518 2678; x_wconf 90' lang='lat' dir='ltr'>come</span> <span class='ocrx_word' id='word_1_186' title='bbox 542 2624 667 2696; x_wconf 90' lang='lat' dir='ltr'>sapete</span> <span class='ocrx_word' id='word_1_187' title='bbox 691 2624 727 2678; x_wconf 91' lang='lat' dir='ltr'>et</span> <span class='ocrx_word' id='word_1_188' title='bbox 750 2618 862 2679; x_wconf 89' lang='lat' dir='ltr'>solete</span> <span class='ocrx_word' id='word_1_189' title='bbox 886 2615 983 2698; x_wconf 76' lang='lat' dir='ltr'>fare,</span> <span class='ocrx_word' id='word_1_190' title='bbox 1018 2618 1084 2680; x_wconf 89' lang='lat' dir='ltr'>che</span> <span class='ocrx_word' id='word_1_191' title='bbox 1115 2615 1174 2698; x_wconf 77' lang='lat' dir='ltr'>gii</span> <span class='ocrx_word' id='word_1_192' title='bbox 1207 2618 1243 2681; x_wconf 86' lang='lat' dir='ltr'>la</span> <span class='ocrx_word' id='word_1_193' title='bbox 1263 2636 1374 2683; x_wconf 87' lang='lat' dir='ltr'>causa</span> <span class='ocrx_word' id='word_1_194' title='bbox 1398 2635 1467 2679; x_wconf 93' lang='lat' dir='ltr'>non</span> <span class='ocrx_word' id='word_1_195' title='bbox 1491 2616 1541 2681; x_wconf 74' lang='lat' dir='ltr'>ha</span> 
     </span>
     <span class='ocr_line' id='line_1_21' title="bbox 256 2720 819 2804; baseline 0.007 -21"><span class='ocrx_word' id='word_1_196' title='bbox 256 2720 409 2804; x_wconf 84' lang='lat' dir='ltr'>bisogno</span> <span class='ocrx_word' id='word_1_197' title='bbox 433 2721 470 2785; x_wconf 89' lang='lat' dir='ltr'>di</span> <span class='ocrx_word' id='word_1_198' title='bbox 493 2722 620 2789; x_wconf 91' lang='lat' dir='ltr'>minori</span> <span class='ocrx_word' id='word_1_199' title='bbox 643 2722 819 2789; x_wconf 84' lang='lat' dir='ltr'>advocati.</span> 
     </span>
    </p>
   </div>
   <div class='ocr_carea' id='block_1_3' title="bbox 791 2954 996 2967">
    <p class='ocr_par' dir='ltr' id='par_1_4' title="bbox 791 2954 996 2967">
     <span class='ocr_line' id='line_1_22' title="bbox 791 2954 996 2967; baseline 0.015 -3"><span class='ocrx_word' id='word_1_200' title='bbox 791 2954 996 2967; x_wconf 54' lang='lat' dir='ltr'>mamm</span> 
     </span>
    </p>
   </div>
   <div class='ocr_carea' id='block_1_4' title="bbox 861 3184 935 3250">
    <p class='ocr_par' dir='ltr' id='par_1_5' title="bbox 861 3184 935 3250">
     <span class='ocr_line' id='line_1_23' title="bbox 861 3184 935 3250; baseline 0.014 -1"><span class='ocrx_word' id='word_1_201' title='bbox 861 3184 935 3250; x_wconf 83' lang='lat'>125.</span> 
     </span>
    </p>
   </div>
   <div class='ocr_carea' id='block_1_5' title="bbox 523 3300 1268 3409">
    <p class='ocr_par' dir='ltr' id='par_1_6' title="bbox 523 3300 1268 3409">
     <span class='ocr_line' id='line_1_24' title="bbox 523 3300 1268 3409; baseline 0.001 -29"><span class='ocrx_word' id='word_1_202' title='bbox 523 3301 983 3409; x_wconf 68' lang='lat' dir='ltr'>vicecancellarius</span> <span class='ocrx_word' id='word_1_203' title='bbox 1014 3300 1268 3382; x_wconf 76' lang='lat' dir='ltr'>Alcandro.</span> 
     </span>
    </p>
   </div>
   <div class='ocr_carea' id='block_1_6' title="bbox 692 3440 1100 3621">
    <p class='ocr_par' dir='ltr' id='par_1_7' title="bbox 692 3440 1100 3621">
     <span class='ocr_line' id='line_1_25' title="bbox 692 3440 1100 3513; baseline -0.012 -9"><span class='ocrx_word' id='word_1_204' title='bbox 692 3442 837 3513; x_wconf 68' lang='lat' dir='ltr'>mundet.</span> <span class='ocrx_word' id='word_1_205' title='bbox 855 3441 982 3501; x_wconf 72' lang='lat' dir='ltr'>German.</span> <span class='ocrx_word' id='word_1_206' title='bbox 1000 3441 1031 3499; x_wconf 60' lang='lat'>12.</span> <span class='ocrx_word' id='word_1_207' title='bbox 1050 3440 1100 3511; x_wconf 58' lang='grc' dir='ltr'>θλ)</span> 
     </span>
     <span class='ocr_line' id='line_1_26' title="bbox 725 3550 1072 3621; baseline 0 -19"><span class='ocrx_word' id='word_1_208' title='bbox 725 3552 780 3621; x_wconf 85' lang='lat'><strong>(27.</strong></span> <span class='ocrx_word' id='word_1_209' title='bbox 800 3554 963 3618; x_wconf 84' lang='lat' dir='ltr'>Septembris</span> <span class='ocrx_word' id='word_1_210' title='bbox 985 3550 1072 3619; x_wconf 84' lang='lat'>1521.)</span> 
     </span>
    </p>
   </div>
   <div class='ocr_carea' id='block_1_7' title="bbox 256 3676 1542 4397">
    <p class='ocr_par' dir='ltr' id='par_1_8' title="bbox 256 3676 1542 4297">
     <span class='ocr_line' id='line_1_27' title="bbox 347 3676 1542 3761; baseline 0 -19"><span class='ocrx_word' id='word_1_211' title='bbox 347 3679 381 3742; x_wconf 82' lang='lat' dir='ltr'><strong>A</strong></span> <span class='ocrx_word' id='word_1_212' title='bbox 405 3680 438 3741; x_wconf 90' lang='lat' dir='ltr'>le</span> <span class='ocrx_word' id='word_1_213' title='bbox 462 3688 583 3743; x_wconf 87' lang='lat' dir='ltr'>vostre</span> <span class='ocrx_word' id='word_1_214' title='bbox 607 3679 652 3741; x_wconf 94' lang='lat' dir='ltr'>de</span> <span class='ocrx_word' id='word_1_215' title='bbox 676 3677 734 3741; x_wconf 88' lang='lat' dir='ltr'>IX</span> <span class='ocrx_word' id='word_1_216' title='bbox 759 3678 817 3741; x_wconf 87' lang='lat' dir='ltr'>del</span> <span class='ocrx_word' id='word_1_217' title='bbox 840 3686 1008 3759; x_wconf 86' lang='lat' dir='ltr'>presente</span> <span class='ocrx_word' id='word_1_218' title='bbox 1025 3697 1096 3741; x_wconf 88' lang='lat' dir='ltr'>non</span> <span class='ocrx_word' id='word_1_219' title='bbox 1113 3677 1244 3740; x_wconf 88' lang='lat' dir='ltr'>accade</span> <span class='ocrx_word' id='word_1_220' title='bbox 1269 3677 1361 3745; x_wconf 80' lang='lat' dir='ltr'>altra</span> <span class='ocrx_word' id='word_1_221' title='bbox 1383 3676 1542 3761; x_wconf 85' lang='lat' dir='ltr'>risposta</span> 
     </span>
     <span class='ocr_line' id='line_1_28' title="bbox 257 3782 1539 3868; baseline -0.003 -18"><span class='ocrx_word' id='word_1_222' title='bbox 257 3788 323 3850; x_wconf 90' lang='lat' dir='ltr'>che</span> <span class='ocrx_word' id='word_1_223' title='bbox 348 3786 466 3868; x_wconf 88' lang='lat' dir='ltr'>quella</span> <span class='ocrx_word' id='word_1_224' title='bbox 490 3784 520 3848; x_wconf 91' lang='lat' dir='ltr'>si</span> <span class='ocrx_word' id='word_1_225' title='bbox 543 3784 563 3847; x_wconf 80' lang='grc' dir='ltr'>ὲ</span> <span class='ocrx_word' id='word_1_226' title='bbox 587 3785 691 3848; x_wconf 93' lang='lat' dir='ltr'>solito</span> <span class='ocrx_word' id='word_1_227' title='bbox 715 3783 771 3848; x_wconf 85' lang='lat' dir='ltr'>far</span> <span class='ocrx_word' id='word_1_228' title='bbox 785 3805 807 3848; x_wconf 93' lang='lat' dir='ltr'>a</span> <span class='ocrx_word' id='word_1_229' title='bbox 822 3794 914 3849; x_wconf 89' lang='lat' dir='ltr'>tutte</span> <span class='ocrx_word' id='word_1_230' title='bbox 929 3786 962 3848; x_wconf 96' lang='lat' dir='ltr'>le</span> <span class='ocrx_word' id='word_1_231' title='bbox 975 3794 1106 3864; x_wconf 79' lang='lat' dir='ltr'>vostre,</span> <span class='ocrx_word' id='word_1_232' title='bbox 1132 3785 1360 3849; x_wconf 82' lang='lat' dir='ltr'>commendat</span> <span class='ocrx_word' id='word_1_233' title='bbox 1383 3784 1419 3846; x_wconf 90' lang='lat' dir='ltr'>la</span> <span class='ocrx_word' id='word_1_234' title='bbox 1441 3782 1539 3865; x_wconf 86' lang='lat' dir='ltr'>fede,</span> 
     </span>
     <span class='ocr_line' id='line_1_29' title="bbox 256 3889 1539 3974; baseline -0.004 -17"><span class='ocrx_word' id='word_1_235' title='bbox 256 3893 428 3957; x_wconf 84' lang='lat' dir='ltr'>industria</span> <span class='ocrx_word' id='word_1_236' title='bbox 436 3941 445 3974; x_wconf 86' lang='lat'><em>,</em></span> <span class='ocrx_word' id='word_1_237' title='bbox 479 3901 515 3956; x_wconf 89' lang='lat' dir='ltr'>et</span> <span class='ocrx_word' id='word_1_238' title='bbox 547 3890 692 3954; x_wconf 86' lang='lat' dir='ltr'>solertia</span> <span class='ocrx_word' id='word_1_239' title='bbox 724 3900 844 3955; x_wconf 91' lang='lat' dir='ltr'>vostra</span> <span class='ocrx_word' id='word_1_240' title='bbox 868 3891 904 3954; x_wconf 92' lang='lat' dir='ltr'>in</span> <span class='ocrx_word' id='word_1_241' title='bbox 929 3901 1055 3973; x_wconf 88' lang='lat' dir='ltr'>questa</span> <span class='ocrx_word' id='word_1_242' title='bbox 1078 3891 1232 3973; x_wconf 90' lang='lat' dir='ltr'>impresa</span> <span class='ocrx_word' id='word_1_243' title='bbox 1256 3891 1301 3953; x_wconf 90' lang='lat' dir='ltr'>de</span> <span class='ocrx_word' id='word_1_244' title='bbox 1325 3889 1539 3969; x_wconf 83' lang='lat' dir='ltr'>extinguere</span> 
     </span>
     <span class='ocr_line' id='line_1_30' title="bbox 256 3996 1539 4080; baseline -0.002 -17"><span class='ocrx_word' id='word_1_245' title='bbox 256 4000 292 4063; x_wconf 92' lang='lat' dir='ltr'>in</span> <span class='ocrx_word' id='word_1_246' title='bbox 316 4008 408 4063; x_wconf 89' lang='lat' dir='ltr'>tutto</span> <span class='ocrx_word' id='word_1_247' title='bbox 437 4001 471 4063; x_wconf 84' lang='lat' dir='ltr'>la</span> <span class='ocrx_word' id='word_1_248' title='bbox 495 4000 665 4062; x_wconf 87' lang='lat' dir='ltr'>velenosa</span> <span class='ocrx_word' id='word_1_249' title='bbox 697 3998 817 4079; x_wconf 85' lang='lat' dir='ltr'>hidra,</span> <span class='ocrx_word' id='word_1_250' title='bbox 853 3999 887 4062; x_wconf 88' lang='lat' dir='ltr'>la</span> <span class='ocrx_word' id='word_1_251' title='bbox 919 4000 1023 4080; x_wconf 88' lang='lat' dir='ltr'>quale</span> <span class='ocrx_word' id='word_1_252' title='bbox 1058 4007 1190 4080; x_wconf 86' lang='lat' dir='ltr'>quanto</span> <span class='ocrx_word' id='word_1_253' title='bbox 1223 3996 1283 4079; x_wconf 78' lang='lat' dir='ltr'>piri</span> <span class='ocrx_word' id='word_1_254' title='bbox 1315 3997 1464 4061; x_wconf 84' lang='lat' dir='ltr'>molesta</span> <span class='ocrx_word' id='word_1_255' title='bbox 1499 4006 1539 4061; x_wconf 82' lang='lat' dir='ltr'>et</span> 
     </span>
     <span class='ocr_line' id='line_1_31' title="bbox 257 4102 1539 4188; baseline -0.002 -19"><span class='ocrx_word' id='word_1_256' title='bbox 257 4105 424 4187; x_wconf 83' lang='lat' dir='ltr'>difficile,</span> <span class='ocrx_word' id='word_1_257' title='bbox 454 4115 554 4170; x_wconf 89' lang='lat' dir='ltr'>tanto</span> <span class='ocrx_word' id='word_1_258' title='bbox 586 4126 630 4168; x_wconf 88' lang='lat' dir='ltr'>ne</span> <span class='ocrx_word' id='word_1_259' title='bbox 654 4107 803 4169; x_wconf 88' lang='lat' dir='ltr'>havrete</span> <span class='ocrx_word' id='word_1_260' title='bbox 827 4125 1000 4188; x_wconf 87' lang='lat' dir='ltr'>appresso</span> <span class='ocrx_word' id='word_1_261' title='bbox 1031 4105 1073 4171; x_wconf 82' lang='lat' dir='ltr'>N,</span> <span class='ocrx_word' id='word_1_262' title='bbox 1099 4103 1151 4167; x_wconf 75' lang='lat'>8¹¹⁰</span> <span class='ocrx_word' id='word_1_263' title='bbox 1178 4102 1343 4187; x_wconf 81' lang='lat' dir='ltr'>maggior</span> <span class='ocrx_word' id='word_1_264' title='bbox 1370 4104 1474 4166; x_wconf 90' lang='lat' dir='ltr'>laude</span> <span class='ocrx_word' id='word_1_265' title='bbox 1498 4113 1539 4167; x_wconf 90' lang='lat' dir='ltr'>et</span> 
     </span>
     <span class='ocr_line' id='line_1_32' title="bbox 256 4212 864 4297; baseline 0 -21"><span class='ocrx_word' id='word_1_266' title='bbox 256 4213 372 4297; x_wconf 87' lang='lat' dir='ltr'>gloria</span> <span class='ocrx_word' id='word_1_267' title='bbox 396 4214 486 4277; x_wconf 88' lang='lat' dir='ltr'>oltre</span> <span class='ocrx_word' id='word_1_268' title='bbox 510 4214 544 4277; x_wconf 91' lang='lat' dir='ltr'>la</span> <span class='ocrx_word' id='word_1_269' title='bbox 568 4212 864 4277; x_wconf 85' lang='lat' dir='ltr'>remuneratione.</span> 
     </span>
    </p>

    <p class='ocr_par' dir='ltr' id='par_1_9' title="bbox 345 4318 1534 4397">
     <span class='ocr_line' id='line_1_33' title="bbox 345 4318 1534 4397; baseline -0.003 -12"><span class='ocrx_word' id='word_1_270' title='bbox 345 4320 449 4385; x_wconf 88' lang='lat' dir='ltr'>Circa</span> <span class='ocrx_word' id='word_1_271' title='bbox 471 4322 506 4384; x_wconf 96' lang='lat' dir='ltr'>lo</span> <span class='ocrx_word' id='word_1_272' title='bbox 535 4321 648 4384; x_wconf 87' lang='lat' dir='ltr'>amico</span> <span class='ocrx_word' id='word_1_273' title='bbox 673 4324 739 4384; x_wconf 87' lang='lat' dir='ltr'>che</span> <span class='ocrx_word' id='word_1_274' title='bbox 763 4320 916 4384; x_wconf 87' lang='lat' dir='ltr'>scrivete</span> <span class='ocrx_word' id='word_1_275' title='bbox 941 4321 1007 4383; x_wconf 90' lang='lat' dir='ltr'>che</span> <span class='ocrx_word' id='word_1_276' title='bbox 1030 4329 1131 4381; x_wconf 89' lang='lat' dir='ltr'>tanto</span> <span class='ocrx_word' id='word_1_277' title='bbox 1154 4337 1247 4381; x_wconf 90' lang='lat' dir='ltr'>noce</span> <span class='ocrx_word' id='word_1_278' title='bbox 1262 4318 1534 4397; x_wconf 85' lang='lat' dir='ltr'>occultamente,</span> 
     </span>
    </p>
   </div>
   <div class='ocr_carea' id='block_1_8' title="bbox 256 4420 1639 4511">
    <p class='ocr_par' dir='ltr' id='par_1_10' title="bbox 256 4420 1639 4511">
     <span class='ocr_line' id='line_1_34' title="bbox 256 4420 1639 4511; baseline -0.003 -21"><span class='ocrx_word' id='word_1_279' title='bbox 256 4427 409 4509; x_wconf 84' lang='lat' dir='ltr'>bisogna</span> <span class='ocrx_word' id='word_1_280' title='bbox 432 4447 498 4509; x_wconf 90' lang='lat' dir='ltr'>per</span> <span class='ocrx_word' id='word_1_281' title='bbox 521 4428 674 4491; x_wconf 89' lang='lat' dir='ltr'>addesso</span> <span class='ocrx_word' id='word_1_282' title='bbox 699 4437 871 4491; x_wconf 88' lang='lat' dir='ltr'>mostrare</span> <span class='ocrx_word' id='word_1_283' title='bbox 896 4427 932 4489; x_wconf 93' lang='lat' dir='ltr'>di</span> <span class='ocrx_word' id='word_1_284' title='bbox 956 4445 1026 4489; x_wconf 90' lang='lat' dir='ltr'>non</span> <span class='ocrx_word' id='word_1_285' title='bbox 1055 4426 1187 4489; x_wconf 86' lang='lat' dir='ltr'>vedere</span> <span class='ocrx_word' id='word_1_286' title='bbox 1212 4433 1247 4487; x_wconf 88' lang='lat' dir='ltr'>et</span> <span class='ocrx_word' id='word_1_287' title='bbox 1270 4432 1449 4489; x_wconf 83' lang='lat' dir='ltr'>accettare</span> <span class='ocrx_word' id='word_1_288' title='bbox 1471 4444 1540 4511; x_wconf 90' lang='lat' dir='ltr'>per</span> <span class='ocrx_word' id='word_1_289' title='bbox 1632 4420 1639 4435; x_wconf 65' lang='lat'>⁸</span> 
     </span>
    </p>
   </div>
   <div class='ocr_carea' id='block_1_9' title="bbox 256 4530 1537 4945">
    <p class='ocr_par' dir='ltr' id='par_1_11' title="bbox 256 4530 1537 4945">
     <span class='ocr_line' id='line_1_35' title="bbox 256 4530 1536 4617; baseline 0.001 -22"><span class='ocrx_word' id='word_1_290' title='bbox 256 4536 375 4597; x_wconf 93' lang='lat' dir='ltr'>buono</span> <span class='ocrx_word' id='word_1_291' title='bbox 400 4535 520 4617; x_wconf 92' lang='lat' dir='ltr'>quello</span> <span class='ocrx_word' id='word_1_292' title='bbox 545 4535 610 4597; x_wconf 87' lang='lat' dir='ltr'>che</span> <span class='ocrx_word' id='word_1_293' title='bbox 635 4534 670 4595; x_wconf 91' lang='lat' dir='ltr'>vi</span> <span class='ocrx_word' id='word_1_294' title='bbox 694 4536 741 4601; x_wconf 86' lang='lat' dir='ltr'>ha</span> <span class='ocrx_word' id='word_1_295' title='bbox 765 4535 864 4597; x_wconf 88' lang='lat' dir='ltr'>detto</span> <span class='ocrx_word' id='word_1_296' title='bbox 889 4541 926 4597; x_wconf 92' lang='lat' dir='ltr'>et</span> <span class='ocrx_word' id='word_1_297' title='bbox 948 4551 1133 4616; x_wconf 86' lang='lat' dir='ltr'>promesso</span> <span class='ocrx_word' id='word_1_298' title='bbox 1157 4530 1216 4613; x_wconf 81' lang='lat' dir='ltr'>pib</span> <span class='ocrx_word' id='word_1_299' title='bbox 1234 4531 1331 4595; x_wconf 90' lang='lat' dir='ltr'>volte</span> <span class='ocrx_word' id='word_1_300' title='bbox 1355 4551 1377 4593; x_wconf 90' lang='lat' dir='ltr'>a</span> <span class='ocrx_word' id='word_1_301' title='bbox 1399 4532 1536 4613; x_wconf 84' lang='lat' dir='ltr'>parole.</span> 
     </span>
     <span class='ocr_line' id='line_1_36' title="bbox 256 4637 1535 4723; baseline -0.002 -21"><span class='ocrx_word' id='word_1_302' title='bbox 256 4641 397 4722; x_wconf 79' lang='lat' dir='ltr'>Quanto</span> <span class='ocrx_word' id='word_1_303' title='bbox 421 4662 443 4703; x_wconf 90' lang='lat' dir='ltr'>a</span> <span class='ocrx_word' id='word_1_304' title='bbox 466 4643 548 4722; x_wconf 90' lang='lat' dir='ltr'>quel</span> <span class='ocrx_word' id='word_1_305' title='bbox 572 4641 711 4703; x_wconf 90' lang='lat' dir='ltr'>ribaldo</span> <span class='ocrx_word' id='word_1_306' title='bbox 736 4640 856 4723; x_wconf 90' lang='lat' dir='ltr'>priore</span> <span class='ocrx_word' id='word_1_307' title='bbox 880 4641 947 4702; x_wconf 90' lang='lat' dir='ltr'>che</span> <span class='ocrx_word' id='word_1_308' title='bbox 971 4641 989 4702; x_wconf 81' lang='grc' dir='ltr'>ὲ</span> <span class='ocrx_word' id='word_1_309' title='bbox 1014 4648 1156 4703; x_wconf 88' lang='lat' dir='ltr'>tornato</span> <span class='ocrx_word' id='word_1_310' title='bbox 1181 4637 1217 4707; x_wconf 84' lang='lat' dir='ltr'>io</span> <span class='ocrx_word' id='word_1_311' title='bbox 1240 4638 1451 4718; x_wconf 86' lang='lat' dir='ltr'>Antwersa,</span> <span class='ocrx_word' id='word_1_312' title='bbox 1475 4658 1535 4700; x_wconf 88' lang='lat' dir='ltr'>ve·</span> 
     </span>
     <span class='ocr_line' id='line_1_37' title="bbox 257 4743 1536 4829; baseline -0.003 -19"><span class='ocrx_word' id='word_1_313' title='bbox 257 4748 339 4811; x_wconf 89' lang='lat' dir='ltr'>dete</span> <span class='ocrx_word' id='word_1_314' title='bbox 363 4768 401 4811; x_wconf 89' lang='lat' dir='ltr'>se</span> <span class='ocrx_word' id='word_1_315' title='bbox 424 4767 531 4811; x_wconf 87' lang='lat' dir='ltr'>senza</span> <span class='ocrx_word' id='word_1_316' title='bbox 554 4749 723 4812; x_wconf 88' lang='lat' dir='ltr'>scandalo</span> <span class='ocrx_word' id='word_1_317' title='bbox 748 4746 777 4809; x_wconf 94' lang='lat' dir='ltr'>si</span> <span class='ocrx_word' id='word_1_318' title='bbox 801 4755 946 4829; x_wconf 88' lang='lat' dir='ltr'>potesse</span> <span class='ocrx_word' id='word_1_319' title='bbox 970 4747 1173 4829; x_wconf 84' lang='lat' dir='ltr'>gastigare,</span> <span class='ocrx_word' id='word_1_320' title='bbox 1200 4746 1413 4813; x_wconf 81' lang='lat' dir='ltr'>altramente</span> <span class='ocrx_word' id='word_1_321' title='bbox 1437 4743 1536 4810; x_wconf 86' lang='lat' dir='ltr'>dissi-</span> 
     </span>
     <span class='ocr_line' id='line_1_38' title="bbox 256 4852 1537 4945; baseline -0.002 -29"><span class='ocrx_word' id='word_1_322' title='bbox 256 4856 386 4917; x_wconf 85' lang='lat' dir='ltr'>mulate</span> <span class='ocrx_word' id='word_1_323' title='bbox 414 4874 480 4940; x_wconf 91' lang='lat' dir='ltr'>per</span> <span class='ocrx_word' id='word_1_324' title='bbox 503 4855 591 4918; x_wconf 88' lang='lat' dir='ltr'>hora</span> <span class='ocrx_word' id='word_1_325' title='bbox 616 4865 651 4916; x_wconf 91' lang='lat' dir='ltr'>et</span> <span class='ocrx_word' id='word_1_326' title='bbox 675 4874 782 4936; x_wconf 86' lang='lat' dir='ltr'>sopra</span> <span class='ocrx_word' id='word_1_327' title='bbox 810 4865 901 4918; x_wconf 91' lang='lat' dir='ltr'>tutto</span> <span class='ocrx_word' id='word_1_328' title='bbox 931 4854 960 4919; x_wconf 89' lang='lat' dir='ltr'>si</span> <span class='ocrx_word' id='word_1_329' title='bbox 992 4853 1047 4923; x_wconf 86' lang='lat' dir='ltr'>usi</span> <span class='ocrx_word' id='word_1_330' title='bbox 1077 4852 1162 4945; x_wconf 78' lang='lat' dir='ltr'>ogni</span> <span class='ocrx_word' id='word_1_331' title='bbox 1196 4852 1354 4923; x_wconf 76' lang='lat' dir='ltr'>remedio</span> <span class='ocrx_word' id='word_1_332' title='bbox 1387 4872 1452 4939; x_wconf 89' lang='lat' dir='ltr'>per</span> <span class='ocrx_word' id='word_1_333' title='bbox 1482 4871 1537 4915; x_wconf 90' lang='lat' dir='ltr'>re-</span> 
     </span>
    </p>
   </div>
   <div class='ocr_carea' id='block_1_10' title="bbox 0 0 1785 5732">
    <p class='ocr_par' dir='ltr' id='par_1_12' title="bbox 0 0 1785 5732">
     <span class='ocr_line' id='line_1_39' title="bbox 0 0 1785 5732; baseline 0 0"><span class='ocrx_word' id='word_1_334' title='bbox 0 0 1785 5732; x_wconf 95' lang='lat' dir='ltr'> </span> 
     </span>
    </p>
   </div>
  </div>
 </body>
</html>
