3559 5734
693 519 941 583 ceute*

176 670 331 740 millibus
355 671 487 758 stipato
511 672 620 738 millia
644 675 816 738 adversus
847 672 1036 756 sexaginta
1065 684 1100 738 et
1131 669 1280 758 amplius
1310 667 1456 738 fortissi-

177 805 312 847 morum
335 785 546 846 bellatorum
571 794 683 845 semet
705 782 928 864 patriumque
953 783 1065 845 solum
1090 782 1356 845 defendentium
1373 786 1456 846 mul·

176 900 232 954 tos
255 891 340 954 item
364 910 504 953 menses
527 892 657 952 nedum
685 889 753 951 sibi
784 889 983 952 caventium
1013 898 1049 951 at
1080 889 1116 952 in
1147 889 1282 952 alienas
1316 909 1456 971 quoque

177 998 306 1060 caedes
319 997 557 1060 accinctorum
580 995 689 1078 idque
712 995 933 1059 ferocissima
957 996 992 1058 in
1017 1007 1138 1079 gente,
1163 999 1262 1059 caelo
1287 997 1457 1060 demissas

178 1105 355 1184 victorias,
378 1103 550 1166 truncatis
574 1123 695 1166 eorum
719 1102 865 1186 triginta
889 1104 1054 1184 millibus,
1084 1102 1230 1184 reliquis
1254 1115 1315 1166 aut
1337 1106 1457 1167 vulne·

180 1213 265 1274 ratis
279 1222 339 1275 aut
349 1211 446 1292 fusiS,
460 1210 690 1275 meditabunt.
708 1210 787 1292 Ego
800 1231 886 1274 vero
901 1210 942 1273 B.
953 1215 990 1274 P.
1006 1209 1093 1274 S.V.
1106 1231 1196 1292 quae
1206 1231 1377 1292 praesens
1385 1211 1458 1274 vidi

179 1339 222 1381 ea
233 1318 366 1390 scribo;
392 1318 556 1399 equidem
571 1317 669 1381 multi
693 1316 849 1380 clericali
872 1319 1078 1380 charactere
1102 1317 1262 1401 insigniti
1285 1319 1459 1400 pugnanti

178 1424 330 1507 principi
355 1424 580 1504 assidebant,
604 1424 732 1506 quibus
755 1425 850 1506 quod
874 1423 995 1487 forsan
1020 1424 1090 1487 illis
1114 1444 1192 1486 cum
1216 1425 1365 1507 perditis
1389 1446 1458 1489 ma·

179 1554 260 1595 num
284 1530 505 1596 conseruisse
529 1531 597 1594 dici
622 1552 688 1594 nec
711 1535 757 1594 ab
781 1551 820 1594 re
849 1541 1007 1612 possent,
1031 1540 1157 1613 ageret
1188 1528 1224 1594 S.
1250 1532 1293 1595 V.
1318 1532 1459 1615 pientis-

179 1641 303 1702 simum
331 1637 529 1722 principem
561 1640 618 1700 vel
654 1638 804 1719 simplici
842 1640 902 1701 vel
936 1649 1059 1718 cauta,
1098 1638 1172 1701 sive
1207 1639 1459 1721 declaratione,

180 1747 255 1810 sive
280 1746 518 1824 absolutione,
549 1745 624 1807 sive
655 1746 723 1808 alia
747 1745 898 1825 medela,
922 1745 1083 1809 demissis
1106 1745 1232 1809 isthinc
1265 1748 1309 1809 ad
1332 1767 1398 1811 nos
1421 1745 1458 1810 S.

181 1853 223 1915 V.
247 1853 375 1915 litteris
399 1872 502 1935 opem
528 1852 579 1915 eis
602 1851 708 1917 ferre.
755 1852 886 1915 Vestra
909 1853 1017 1934 igitur
1042 1850 1078 1918 S.
1102 1854 1144 1915 B.
1169 1853 1209 1916 P.
1232 1854 1458 1934 quamhumil-

179 1960 259 2022 lime
284 1981 429 2043 possum
452 1969 602 2022 exorata
625 1960 731 2022 velim
755 1980 852 2022 meas
876 1962 984 2023 hasce
1019 1960 1156 2023 litteras
1187 1960 1272 2022 boni
1296 1963 1459 2024 consulat

181 2089 243 2130 seu
268 2069 409 2145 habeat,
440 2066 596 2148 mihique
628 2066 802 2150 sanguine
833 2066 1056 2146 coniunctam
1080 2066 1320 2148 Margaretam
1346 2089 1367 2130 a
1392 2068 1458 2130 Ha-

179 2175 341 2238 raucuria
364 2174 399 2236 in
414 2173 622 2237 Monasterii
639 2173 919 2237 Romariciensis
934 2173 1162 2256 expeditione
1179 2178 1461 2238 commendatam

182 2283 285 2344 etiam
317 2283 458 2361 habeat,
488 2291 523 2343 et
547 2302 603 2343 me
634 2291 809 2362 perpetuo
838 2281 955 2344 eidem
986 2282 1342 2363 obsequentissimum
1367 2304 1459 2346 man·

181 2389 309 2470 cipium
334 2398 468 2469 noscat,
493 2409 597 2470 quam
622 2398 656 2451 et
681 2387 741 2449 diu
764 2388 829 2452 toti
853 2388 1092 2470 Reipublicae
1117 2388 1339 2452 Christianae
1363 2390 1459 2454 faeli-

182 2517 256 2557 cem
280 2495 454 2558 faeliciter
478 2506 596 2558 servet
620 2495 773 2557 omnium
798 2494 858 2557 illa
881 2516 967 2558 vera
992 2498 1096 2560 salus.
1143 2498 1198 2560 Ex
1216 2498 1387 2581 Naneeyo
1403 2501 1460 2562 die

182 2602 300 2664 Tertia
323 2601 417 2681 Junii
440 2601 640 2665 MDXXV.

668 2746 802 2795 Addictus
822 2747 940 2796 servulus
958 2756 985 2796 et
1003 2749 1123 2800 obeam.
1143 2757 1224 2814 capu.

431 2834 585 2884 Humilis
603 2837 712 2885 abbas
731 2838 943 2887 Monasterii
963 2839 991 2887 S.
1011 2838 1183 2888 Anthonii
1204 2839 1426 2891 Viennensis.

719 3052 924 3065 vm

782 3282 849 3347 220

616 3397 828 3502 (lampagius
858 3398 1030 3482 Sadoleto.

597 3546 738 3612 «nuuc
757 3546 884 3607 eman.
908 3546 983 3606 sm
1002 3548 1055 3620 aa)

699 3666 736 3736 ts·
756 3668 830 3734 Junii
853 3668 940 3735 1s2sl

279 3801 421 3883 Quanto
446 3803 515 3865 alle
539 3822 623 3864 cose
647 3801 683 3863 di
706 3800 899 3865 Germania
924 3812 959 3864 et
987 3801 1024 3863 di
1047 3802 1168 3865 levare
1191 3806 1274 3884 quel
1301 3826 1466 3870 commer-

184 3908 238 3971 cio
274 3909 317 3972 N.
342 3907 378 3974 S.
410 3929 522 3991 pensa
555 3910 663 3971 molto
689 3912 797 3990 bene,
834 3907 878 3970 ne
914 3910 948 3970 al
983 3920 1150 3990 presente
1186 3912 1203 3973 ὲ
1244 3912 1291 3973 da
1325 3921 1464 3975 tentare

185 4016 296 4079 simile
321 4015 480 4097 rimedi0,
503 4016 634 4097 perche
659 4016 768 4097 quelli
791 4014 943 4097 principi
968 4016 1079 4077 sendo
1104 4017 1137 4078 la
1161 4017 1300 4079 tumulti
1315 4018 1349 4080 in
1364 4028 1464 4081 tanto

184 4122 347 4186 cresciuti
377 4143 465 4186 sono
490 4122 675 4186 constretti
708 4143 729 4185 a
757 4121 961 4205 provederli
998 4124 1043 4184 da
1076 4143 1114 4186 se
1138 4125 1259 4206 stessi,
1293 4136 1328 4188 et
1356 4129 1463 4190 credo

186 4232 251 4293 che
276 4228 349 4293 cosi
365 4230 531 4301 farann0;
556 4230 618 4312 poi
633 4251 671 4294 se
684 4231 721 4292 la
736 4229 875 4292 Maesta
891 4227 1045 4292 Cesarea
1060 4230 1157 4311 vora,
1182 4251 1283 4295 come
1299 4233 1333 4296 la
1350 4218 1464 4296 scrire

185 4336 390 4401 facilmente
413 4338 443 4400 si
466 4336 645 4400 restituira
669 4337 753 4419 ogni
778 4355 862 4406 cosa
885 4337 920 4397 al
944 4336 1069 4399 ordine
1094 4358 1168 4401 suo.

275 4446 333 4509 Ho
357 4445 472 4509 inteso
496 4446 520 4508 il
543 4445 703 4526 ricordo,
737 4446 803 4507 che
831 4442 860 4505 si
884 4444 930 4505 da
954 4444 991 4506 di
1014 4443 1185 4507 Balibech
1215 4455 1251 4509 et
1274 4467 1313 4509 se
1337 4467 1382 4510 ne
1406 4449 1464 4509 ad·

186 4553 318 4616 vertira
342 4552 556 4634 Colocense,
580 4553 604 4615 il
632 4553 737 4634 quale
766 4570 831 4632 per
861 4570 981 4612 essere
1011 4554 1187 4631 prudente
1212 4562 1248 4615 et
1271 4573 1464 4616 conoscere

188 4681 255 4723 con
279 4661 335 4724 chi
352 4662 398 4726 ha
412 4680 434 4722 a
451 4660 526 4723 fare
541 4659 643 4723 stimo
660 4657 794 4721 andara
817 4657 851 4719 in
868 4667 970 4738 tutto,
986 4667 1240 4740 pesatamente.
1267 4660 1376 4723 Detto
1401 4661 1464 4723 Co-

189 4770 331 4831 locense
356 4768 471 4831 scrive
495 4789 560 4850 per
575 4787 644 4830 una
669 4786 733 4828 soa
756 4765 802 4826 de
819 4785 870 4842 ²3·
895 4766 940 4827 de
956 4763 1079 4847 Magio
1096 4786 1196 4828 come
1220 4786 1285 4848 per
1301 4767 1464 4849 replicati

188 4875 276 4938 avisi
301 4876 470 4939 intendea
493 4877 572 4938 chel
595 4875 712 4938 Turco
735 4872 915 4936 indixerat
940 4873 1069 4934 bellum
1085 4873 1194 4956 etqui
1209 4894 1331 4936 omnes
1346 4884 1466 4939 essent
