3559 5734
780 463 1028 524 *estod—«r

265 631 331 699 per
363 613 398 679 la
421 613 561 697 ragioni
593 615 629 679 in
654 616 676 679 l'
693 618 782 679 altre
816 616 884 679 mie
917 616 1054 688 scritte;
1092 627 1128 679 et
1152 617 1377 699 quantunche
1413 618 1474 701 gia
1497 637 1545 682 un

265 744 361 787 mese
386 732 422 786 et
446 744 542 787 mezo
568 724 614 787 mi
640 723 815 787 dicessino
838 726 970 787 havere
996 724 1117 787 scritto
1142 747 1163 787 a
1180 725 1310 789 Cesare
1334 747 1399 809 per
1420 737 1547 808 questa

264 834 353 895 total
375 831 606 910 rivocatione,
632 831 667 893 di
691 852 809 895 nuovo
834 833 968 894 anchor
992 830 1038 893 mi
1058 832 1185 894 dicono
1207 835 1340 895 havere
1360 834 1546 917 replicato,

353 939 406 1002 La
436 938 540 1020 copia
570 942 614 1000 de
647 939 682 1000 la
711 938 944 1001 instructione
976 959 1041 1020 per
1073 937 1221 1022 Spagna
1251 953 1384 1004 venuta
1414 962 1481 1004 con
1513 944 1547 1004 le

264 1049 391 1109 lettere
416 1045 451 1107 di
476 1046 575 1108 detto
600 1045 722 1127 Capua
746 1045 792 1107 mi
816 1046 862 1107 ha
886 1047 995 1108 molto
1020 1046 1113 1108 assai
1137 1046 1326 1127 satisfatto,
1351 1059 1386 1110 et
1411 1048 1547 1111 deside·

263 1154 357 1217 rarei
381 1155 446 1217 che
464 1153 594 1215 Cesare
620 1161 787 1215 mettesse
811 1172 882 1214 una
907 1152 943 1214 di
967 1163 1092 1234 queste
1116 1163 1209 1216 terre
1234 1155 1269 1216 in
1294 1157 1413 1217 bando
1438 1155 1545 1238 impe·

264 1262 368 1342 riade,
405 1281 504 1324 come
535 1261 677 1323 ricorda
701 1258 737 1323 S.
763 1257 814 1321 St*
834 1260 859 1321 il
889 1262 994 1341 quale
1018 1264 1171 1324 sarebbe
1202 1262 1262 1343 piri
1287 1271 1420 1324 temuto
1451 1274 1487 1325 et
1510 1262 1548 1324 di

265 1369 451 1451 maggiore
476 1366 636 1431 efficacia
661 1375 793 1448 quanto
818 1369 961 1429 chatra
986 1368 1093 1449 quelli
1117 1369 1149 1430 d'
1167 1389 1238 1431 una
1252 1369 1447 1432 medesima
1463 1370 1548 1432 citta

265 1477 285 1539 e
309 1476 473 1558 maggior
497 1473 727 1537 dissensione.
774 1474 819 1536 Et
843 1474 1028 1538 essendosi
1052 1475 1142 1538 fatto
1167 1497 1232 1560 per
1256 1496 1341 1539 cosa
1355 1479 1464 1540 molto
1488 1476 1543 1540 fri·

264 1585 347 1646 vola
371 1590 495 1644 contro
520 1584 554 1644 la
579 1581 699 1643 chiesa
722 1580 1024 1660 hildeshemense‚
1060 1602 1125 1664 per
1148 1585 1183 1645 la
1206 1582 1289 1646 fede
1314 1592 1349 1646 et
1372 1604 1438 1666 per
1463 1604 1548 1647 cosa

265 1691 300 1752 di
318 1699 417 1753 tanta
431 1688 652 1771 importanza
667 1709 738 1750 non
756 1688 941 1751 dovrebbe
957 1709 1085 1771 parere
1103 1698 1232 1771 troppo
1248 1709 1360 1770 grave
1376 1711 1397 1753 o
1415 1701 1547 1773 troppo

265 1799 406 1861 acerbo,

354 1905 515 1967 Essendo
540 1911 671 1965 venuto
696 1901 720 1964 il
738 1902 906 1985 Principe
930 1924 952 1965 a
975 1904 1156 1983 visitarmi‚
1180 1904 1266 1966 holli
1291 1913 1497 1987 presentato
1521 1903 1545 1967 11

265 2012 382 2074 Breve
414 2032 477 2074 suo
502 2011 742 2073 ultimamente
773 2030 839 2073 con
872 2012 906 2073 le
931 2012 1057 2074 lettere
1089 2011 1148 2073 del
1172 2010 1343 2093 Capuano
1373 2011 1545 2091 ricevuto,

266 2121 299 2183 el
323 2120 428 2200 quale
453 2119 502 2199 gli
528 2119 545 2180 ὲ
570 2127 662 2180 stato
687 2120 796 2181 molto
822 2128 925 2199 grato
951 2128 987 2180 et
1010 2119 1107 2181 hollo
1132 2127 1415 2200 accompagnato
1432 2138 1498 2199 per
1513 2120 1547 2179 la

266 2229 423 2289 clausula
447 2225 662 2288 credentiale
695 2226 760 2287 che
785 2224 821 2286 in
845 2246 901 2287 me
933 2244 1000 2288 con
1025 2227 1142 2306 quelle
1166 2226 1396 2288 accomodate
1421 2227 1546 2306 parole

266 2334 320 2396 ch'
335 2334 369 2396 io
394 2335 440 2396 ho
455 2333 610 2396 iudicato
632 2333 666 2395 in
682 2332 877 2413 proposito.
919 2331 955 2394 S.
973 2330 1065 2396 Serti
1087 2333 1254 2414 dissegna
1279 2353 1300 2394 a
1316 2342 1435 2414 tempo
1453 2352 1546 2396 novo

266 2442 451 2504 attendere
475 2441 546 2502 alla
569 2438 840 2521 recuperatione
872 2439 909 2501 di
934 2439 1015 2521 quei
1039 2439 1162 2519 luoghi
1193 2442 1258 2502 che
1283 2459 1327 2502 ne
1351 2441 1385 2502 le
1409 2438 1547 2502 confine

266 2549 317 2630 gli
340 2569 426 2611 sono
452 2547 616 2628 occupati
640 2547 687 2609 da
701 2546 832 2609 Turchi
857 2556 892 2608 et
917 2546 995 2609 dice
1020 2549 1085 2610 che
1109 2545 1156 2609 mi
1179 2546 1266 2608 dara
1289 2546 1326 2609 in
1350 2557 1435 2608 nota
1455 2555 1547 2609 tutto

266 2658 290 2719 il
315 2657 482 2738 dissegno
508 2676 571 2718 suo
596 2664 632 2718 et
656 2656 761 2717 modo
787 2656 853 2717 che
877 2656 937 2717 vol
961 2664 1094 2734 tenere,
1119 2654 1218 2717 accio
1243 2654 1309 2715 che
1333 2652 1367 2715 io
1386 2653 1408 2714 'l
1432 2674 1546 2716 comu-

266 2763 361 2826 nichi
392 2783 459 2826 con
484 2761 520 2825 S.
547 2761 597 2824 gn
627 2782 694 2824 con
725 2781 897 2844 speranza
927 2761 964 2823 di
987 2763 1120 2824 havere
1151 2760 1198 2823 da
1227 2760 1273 2822 lei
1305 2768 1396 2823 tutto
1429 2761 1547 2843 quello

267 2870 362 2933 aiuto
388 2871 453 2932 che
477 2871 746 2932 comodamente
771 2869 820 2949 gli
845 2868 948 2951 potra
973 2869 1059 2931 dare
1084 2890 1105 2931 a
1129 2869 1246 2951 quella
1270 2867 1436 2949 impresa‚
1461 2877 1496 2930 et
1512 2867 1546 2930 io

267 2977 317 3060 gli
351 2978 397 3040 ho
431 2997 614 3058 promesso
648 2977 713 3038 che
747 2996 818 3038 non
843 2975 894 3057 gli
918 2975 1109 3039 manchara
1142 2976 1210 3039 mai
1244 2975 1280 3037 di
1311 2984 1402 3038 tutto
1428 2977 1547 3057 quello

268 3087 332 3148 che
357 3083 471 3165 potra,
496 3084 735 3146 ricordandoli
759 3085 846 3165 perd
871 3083 918 3144 da
942 3093 1072 3164 quante
1097 3085 1186 3146 altre
1210 3080 1414 3146 necessitati
1438 3082 1472 3144 la
1495 3080 1548 3144 sia

269 3211 452 3274 oppressa.
478 3238 510 3253 ..
530 3237 563 3255 ..

358 3298 400 3360 Li
424 3296 550 3376 Brevi,
582 3299 648 3359 che
679 3296 724 3359 mi
748 3295 852 3360 furon
882 3296 1040 3359 mandati
1063 3317 1129 3380 per
1152 3295 1241 3359 darli
1273 3306 1308 3360 et
1331 3295 1505 3359 mandarli
1528 3317 1550 3359 a

269 3406 378 3487 quelli
402 3406 467 3467 che
492 3404 619 3467 furono
644 3405 678 3465 in
697 3414 875 3466 conventu
889 3403 1159 3485 Ratisponensi,
1184 3423 1254 3466 non
1271 3404 1300 3465 si
1315 3423 1447 3483 reser0,
1471 3423 1548 3485 per-

269 3514 334 3576 che
365 3532 500 3594 pareva
524 3509 560 3576 S.
585 3508 636 3573 gn
657 3509 838 3573 inclinassi
869 3511 905 3573 in
930 3521 1056 3593 questo
1082 3519 1117 3574 et
1142 3511 1207 3572 che
1238 3530 1305 3573 con
1330 3511 1398 3573 mie
1423 3512 1548 3573 lettere

269 3620 425 3702 piutosto
450 3619 479 3681 si
503 3618 642 3681 facesse
666 3620 826 3700 segondo
852 3620 919 3681 che
943 3638 1009 3680 con
1035 3618 1103 3680 essi
1128 3616 1236 3681 Brevi
1260 3618 1297 3680 fu
1321 3617 1460 3692 scritto;
1483 3618 1550 3680 hor

269 3724 322 3789 ch'
340 3726 373 3788 io
406 3725 552 3787 intendo
586 3746 704 3788 essere
728 3727 938 3788 altramente
969 3726 998 3787 si
1023 3725 1265 3787 mandaranno
1300 3725 1380 3786 tutti
1404 3733 1547 3787 excetto

269 3832 376 3914 quelli
405 3832 441 3894 di
466 3833 630 3912 Augusta
654 3833 725 3894 alla
748 3831 833 3894 cittii
859 3835 903 3895 ed
928 3833 962 3894 al
986 3832 1221 3914 Paytegnier,
1258 3832 1282 3893 11
1306 3831 1402 3912 quali
1426 3851 1491 3914 per
1515 3831 1548 3894 le

269 3938 418 4002 novitati
443 3958 589 4001 occorse
614 3939 648 4000 la
671 3940 762 4001 oltre
787 3960 857 4002 non
883 3940 929 4002 mi
953 3960 1088 4021 pareno
1113 3938 1288 4020 oportuni.

358 4047 413 4109 De
430 4046 455 4108 11
468 4045 577 4107 Brevi
593 4046 627 4107 in
644 4045 845 4109 differentia
859 4046 1031 4109 Polonica
1046 4056 1081 4108 et
1096 4044 1287 4107 Prutenica
1305 4064 1371 4107 con
1387 4046 1421 4106 le
1437 4043 1548 4124 prime

268 4154 534 4217 risolutamente
560 4153 715 4216 scrivero
740 4154 765 4214 il
788 4153 941 4234 bisogno
967 4163 1003 4216 et
1027 4154 1145 4234 quello
1170 4172 1225 4214 me
1250 4151 1436 4214 occorreri
1439 4198 1548 4217 .....

358 4260 432 4324 Con
465 4261 702 4342 grandissima
734 4259 956 4322 satisfatione
989 4261 1134 4323 intendo
1169 4261 1204 4322 la
1236 4268 1354 4320 mente
1379 4268 1480 4320 santa
1514 4268 1550 4320 et

269 4390 419 4451 syncera
450 4368 486 4429 di
510 4367 552 4432 N.
574 4366 610 4430 S.
642 4368 677 4429 in
702 4367 897 4430 reformare
926 4370 1057 4429 abusus
1087 4366 1225 4442 curiae,
1257 4366 1291 4428 di
1317 4368 1383 4428 che
1407 4384 1478 4428 non
1501 4384 1549 4447 po

268 4476 305 4540 S.
330 4474 382 4539 St*
403 4494 556 4557 pensare
588 4495 672 4536 cosa
696 4475 755 4557 piu
780 4475 939 4556 gloriosa
963 4484 999 4536 et
1022 4473 1205 4536 salutifera
1237 4491 1307 4535 non
1333 4493 1399 4554 pur
1428 4492 1493 4553 per
1516 4475 1550 4535 le

268 4604 352 4647 cose
377 4583 412 4645 di
429 4583 548 4645 Roma
571 4602 629 4643 ma
653 4581 688 4643 di
712 4591 804 4642 tutta
818 4579 1056 4659 Christianita,
1082 4591 1117 4642 et
1141 4600 1180 4643 so
1198 4588 1366 4660 quantum
1382 4577 1551 4641 momenti

268 4691 418 4753 allatura
442 4689 487 4751 sit
512 4688 677 4768 dignitati
694 4688 965 4751 Ecclesiasticae
990 4698 1025 4749 et
1049 4686 1213 4768 religioni
1238 4684 1266 4748 si
1287 4683 1490 4767 perficiatur
1514 4697 1552 4747 et

267 4797 551 4861 massimamente
582 4794 677 4857 circa
706 4795 935 4876 magistratus
971 4802 1006 4856 et
1036 4793 1276 4856 ministrantes
1303 4790 1490 4874 justitiam,
1526 4791 1553 4855 li
