3559 5734
717 549 928 605 &7820

187 713 353 794 pestifera
382 712 484 775 radix
510 714 818 795 pestilentissimos
842 736 959 778 ramos
985 726 1019 777 et
1043 714 1208 797 palmites
1232 719 1407 800 producat
1431 730 1467 783 et

186 820 328 884 ulterius
344 831 474 901 serpat.
508 812 640 884 Omnes
660 833 696 885 et
715 822 876 905 singulos
901 825 1054 905 partium
1077 826 1318 906 predictarum
1342 825 1464 888 utrius·

185 950 249 1009 que
265 949 374 990 sexus
391 929 641 1010 cujuscumque
662 939 774 994 status
791 931 986 994 nobilitatis
1004 939 1040 994 et
1060 933 1294 995 condictionis
1310 933 1467 995 existant

184 1037 217 1099 in
239 1036 439 1116 hujusmodi
463 1037 638 1099 haeresim
664 1047 699 1099 et
723 1058 862 1100 errores
887 1038 972 1101 dicti
988 1038 1133 1101 Martini
1159 1042 1347 1121 prolapsos
1371 1051 1407 1101 nt
1430 1039 1464 1101 in

184 1164 316 1224 poenas
326 1142 361 1205 in
375 1143 478 1205 dictis
490 1142 617 1206 litteris
630 1155 815 1207 contentas
828 1145 999 1225 incursos,
1016 1146 1075 1227 qui
1089 1166 1229 1209 errores
1242 1167 1324 1209 suos
1338 1157 1466 1228 sponte

184 1250 393 1313 confitentes
423 1251 599 1313 haeresim
623 1253 806 1333 objurare,
841 1263 876 1316 et
900 1255 946 1316 ad
970 1273 1092 1315 veram
1115 1252 1222 1315 fidem
1247 1252 1466 1317 Catholicam

183 1358 341 1421 converti
365 1357 551 1433 voluerint,
584 1358 612 1420 si
637 1361 705 1420 hoc
729 1359 908 1422 humiliter
931 1360 1101 1440 petierint
1126 1361 1170 1422 ad
1194 1361 1403 1442 hujusmodi,
1430 1370 1466 1423 et

183 1465 259 1528 aliis
277 1485 397 1527 eorum
413 1465 621 1528 excessibus
635 1466 740 1528 etiam
754 1466 929 1530 haeresim
947 1466 1179 1548 sapientibus
1196 1476 1232 1529 et
1246 1467 1372 1550 poenis
1387 1487 1464 1549 pre·

182 1573 295 1652 dictis,
320 1570 471 1653 prestito
496 1582 614 1633 tamen
639 1572 737 1653 prius
760 1593 826 1653 per
850 1593 913 1636 eos
937 1574 1114 1655 corporali
1136 1574 1343 1653 Juramento
1369 1576 1465 1655 quod

182 1681 308 1743 similia
333 1681 377 1741 de
401 1688 545 1740 coetero
570 1699 639 1740 non
665 1680 896 1759 committent,
921 1701 987 1743 nec
1012 1701 1055 1743 ea
1072 1682 1371 1745 committentibus
1388 1702 1465 1763 pre-

181 1790 327 1849 stabunt
350 1786 531 1864 auxilium,
553 1785 746 1849 Consilium
771 1797 807 1849 et
821 1788 993 1867 favorem,
1018 1809 1084 1851 nec
1101 1808 1170 1851 non
1186 1791 1233 1851 ab
1249 1788 1328 1852 aliis
1343 1809 1465 1851 eorum

181 1894 351 1976 peccatis,
380 1894 570 1955 dummodo
596 1913 665 1956 non
692 1893 761 1956 sint
785 1893 870 1957 talia
893 1904 1043 1975 propter
1067 1915 1159 1976 quae
1183 1894 1287 1958 sedes
1312 1896 1463 1977 Aposto-

182 2003 249 2064 lica
263 2002 360 2064 foret
376 2000 501 2063 merito
519 2002 747 2079 consulenda,
772 2002 983 2065 auctoritate
999 2012 1130 2081 nostra,
1155 2004 1265 2065 semel
1281 2003 1466 2065 dumtaxat

181 2129 246 2191 pro
272 2105 433 2190 quolibet
457 2127 594 2187 eorum,
618 2108 775 2171 iniuncta
800 2109 906 2173 etiam
931 2108 982 2172 eis
1005 2130 1071 2190 pro
1096 2110 1201 2172 modo
1218 2110 1353 2191 Culpae
1370 2109 1465 2192 peni-

181 2215 293 2279 tentia
317 2214 473 2293 salutari‚
499 2223 534 2276 et
559 2214 635 2277 aliis
660 2235 751 2296 quae
776 2217 821 2278 de
846 2216 920 2279 iure
944 2216 1076 2279 fuerint
1096 2217 1325 2298 injungenda,
1351 2219 1464 2280 absol-

183 2323 306 2399 vendi,
341 2340 406 2383 nec
439 2341 509 2383 non
538 2342 601 2385 eos
632 2324 678 2385 ad
709 2323 838 2386 famam
870 2334 905 2386 et
933 2326 1087 2387 honores
1111 2323 1298 2405 pristinos,
1332 2324 1466 2386 abolita

180 2431 279 2512 prius
309 2428 472 2509 infamia,
507 2428 716 2492 restituendi
748 2439 783 2493 et
813 2430 981 2512 ponendi.
1030 2430 1161 2494 Contra
1191 2431 1271 2494 illos
1295 2451 1381 2495 vero
1406 2430 1467 2513 qui

180 2538 312 2599 talibus
346 2535 527 2599 erroribus
557 2537 813 2600 contumaciter
836 2538 1028 2619 persistere
1052 2516 1230 2600 voluerint
1254 2539 1466 2602 auctoritate

180 2654 315 2723 nostra,
340 2654 447 2725 prout
466 2643 553 2725 juris
577 2643 702 2725 fuerit,
728 2645 965 2726 procedendi,
990 2645 1158 2727 ipsosque
1183 2646 1386 2727 corrigendi
1411 2666 1465 2707 ca·

179 2751 338 2832 stigandi
355 2761 390 2812 et
406 2750 588 2831 puniendi,
613 2760 649 2813 et
665 2750 772 2814 Curia
788 2753 963 2814 saeculari
988 2751 1163 2831 tradendi,
1187 2773 1229 2814 ac
1254 2754 1323 2815 alia
1345 2762 1466 2817 nostra

180 2867 217 2920 et
248 2856 390 2938 singula
424 2878 515 2939 quae
543 2857 722 2920 hereticae
747 2859 934 2939 pravitatis
958 2858 1205 2940 inquisitores,
1239 2861 1284 2922 de
1306 2861 1383 2942 jure
1407 2861 1465 2922 vel

180 2965 440 3028 consuetudine
463 2964 584 3028 facere
608 2976 764 3046 possent,
800 2976 835 3028 et
858 2968 1044 3047 deberent,
1068 2966 1222 3030 faciendi
1255 2967 1405 3050 gerendi
1430 2979 1466 3031 et

180 3072 395 3154 exequendi.
432 3072 476 3135 Et
501 3073 583 3154 quia
607 3076 808 3156 complures
832 3075 913 3136 libri
937 3074 1106 3137 articulos
1126 3075 1213 3137 alias
1229 3075 1467 3138 conciliariter

179 3181 369 3243 damnatos
394 3179 616 3243 continentes
639 3200 682 3243 ac
707 3190 827 3245 nostro
853 3191 888 3244 et
911 3182 1013 3262 hujus
1038 3179 1194 3244 Sanctae
1212 3179 1317 3244 Sedis
1340 3182 1466 3244 honori

180 3289 412 3350 detrahentes
446 3297 571 3350 contra
594 3288 786 3350 Decretum
814 3288 976 3351 moderni
1000 3288 1234 3351 lateranensis
1258 3288 1406 3352 Concilii
1430 3289 1464 3352 in

180 3395 260 3476 ipsa
284 3393 477 3457 Germania
501 3394 662 3475 impressi
686 3395 845 3476 fuerunt,
879 3396 990 3459 libros
1014 3396 1213 3478 hujusmodi
1236 3396 1272 3458 in
1297 3396 1406 3459 officii
1431 3408 1467 3460 et

180 3501 367 3584 dignitatis
392 3513 535 3565 nostrae
560 3522 601 3564 ac
617 3503 745 3565 Dictae
761 3502 865 3565 Sedis
883 3504 1151 3585 depressionem
1168 3513 1302 3566 temere
1322 3504 1464 3585 loquen-

180 3619 250 3689 teS,
283 3608 427 3690 publice
461 3630 502 3671 ac
535 3612 654 3690 palam
688 3610 847 3672 comburi
871 3610 1027 3672 faciendi
1052 3621 1087 3673 et
1112 3619 1236 3673 contra
1261 3613 1465 3674 eorumdem

180 3718 351 3779 librorum
382 3727 547 3779 auctores
570 3717 805 3798 procedendi,
840 3718 982 3798 plenam
1007 3726 1043 3779 et
1066 3717 1213 3780 liberam
1240 3718 1465 3781 Auctoritate

182 3822 395 3905 Apostolica
430 3833 554 3886 tenore
590 3823 807 3905 presentium
842 3823 1070 3886 concedimus
1109 3823 1325 3887 facultatem.
1386 3825 1466 3889 Non

180 3931 405 3994 obstantibus
421 3930 732 3993 constitutionibus
747 3941 782 3993 et
798 3930 1092 4009 ordinationibus,
1116 3952 1181 3993 nec
1197 3952 1268 3995 non
1290 3932 1464 4012 quibisvis

181 4038 381 4120 privilegiis
396 4037 541 4099 indultis
559 4048 594 4099 et
608 4036 735 4100 litteris
750 4036 981 4119 ApostoliciS,
999 4036 1183 4118 quibusvis
1201 4037 1235 4099 in
1253 4058 1387 4119 genere
1408 4040 1464 4100 vel

182 4146 217 4208 in
234 4145 355 4227 specie
371 4145 562 4224 concessis,
578 4163 878 4225 quorumcumque
895 4155 1056 4206 tenorum
1073 4143 1213 4221 fuerint,
1239 4164 1330 4225 quae
1347 4146 1466 4225 quoad

182 4253 357 4336 premissa
380 4252 432 4315 eis
457 4253 618 4314 nolumus
643 4250 846 4331 suffragari,
875 4250 1083 4331 Ceterisque
1111 4251 1297 4313 contrariis
1325 4251 1465 4332 quibus·

183 4379 345 4440 cumque.
370 4358 501 4421 Datum
525 4359 666 4421 Romae
697 4360 793 4439 apud
819 4358 989 4420 Sanctum
1016 4358 1159 4421 Petrum
1190 4379 1283 4421 anno
1305 4358 1464 4421 lncarna-

183 4466 290 4529 tionis
314 4466 457 4528 Domini
472 4466 661 4529 Millesimo
691 4465 977 4547 quingentesimo
1002 4465 1184 4537 vicesimo;
1215 4465 1362 4527 Decimo
1388 4485 1465 4547 sep·

183 4573 268 4636 timo
294 4574 364 4636 kal.
391 4574 555 4654 Augusti,
581 4572 812 4637 Pontificatus
836 4572 947 4634 nostri
972 4592 1065 4635 anno
1091 4580 1228 4636 octavo.
