3559 5734
706 512 936 571 θμῦθὸῦνο

178 658 333 723 Martino
357 657 470 731 favet;
495 662 649 741 populus
674 662 767 726 enim
790 665 925 724 vultum
955 672 990 724 et
1022 672 1175 725 mentem
1201 662 1377 745 Principis
1410 683 1461 726 re·

178 766 295 849 spicit:
343 767 388 829 Et
412 770 462 849 (ut
486 766 572 830 dicit
595 767 834 850 Herodianus)
858 771 974 832 solent
998 768 1129 831 subditi
1154 770 1262 832 vitam
1286 771 1463 853 Principis

179 875 359 939 aemulari.

267 981 388 1044 Habet
411 992 599 1062 praeterea
623 983 855 1064 consiliarios
879 994 916 1046 et
932 985 1210 1065 praedicatores,
1235 985 1295 1067 qui
1313 986 1462 1067 siquan-

178 1101 250 1150 turn
282 1088 381 1170 prius
410 1088 566 1152 Martino
598 1090 784 1169 favebant,
819 1111 912 1153 nunc
943 1093 1046 1154 aliter
1076 1093 1211 1174 populo
1244 1094 1461 1173 persuadere

178 1196 355 1275 studeant,
380 1196 570 1278 dicantque
594 1217 664 1259 non
690 1208 834 1279 putasse
853 1218 890 1260 se
907 1198 1084 1279 principio
1100 1208 1235 1261 tantam
1252 1199 1461 1263 seditionem

178 1313 214 1364 et
244 1302 397 1365 schisma
428 1304 573 1367 existis
598 1304 898 1387 disputationibus
922 1306 1108 1384 orituram,
1139 1317 1237 1369 certe
1263 1306 1380 1370 omnia
1403 1309 1462 1369 vel

177 1407 283 1472 facile
307 1412 536 1473 sedabuntur.

270 1516 434 1581 Addatur
457 1520 563 1582 etiam
589 1521 683 1602 quod
700 1520 874 1582 Martinus
900 1519 1022 1582 scribit
1035 1519 1312 1583 lllustrissimum
1325 1522 1460 1584 Ducem

177 1621 376 1687 Fridricum
401 1646 479 1689 cum
504 1637 579 1689 tota
603 1647 667 1689 sua
691 1629 771 1690 aula
796 1627 863 1690 sibi
884 1627 1027 1689 favere:
1054 1626 1193 1708 quodsi
1210 1638 1274 1708 est,
1300 1638 1462 1690 cessante

177 1730 242 1792 tali
266 1731 401 1812 lavore,
431 1735 587 1797 cessabit
610 1733 716 1796 etiam
740 1733 891 1797 hominis
915 1734 1122 1815 petulantia.
1171 1733 1321 1817 Scripsit
1345 1745 1462 1798 autem

177 1839 246 1899 hoc
270 1838 446 1903 Martinus
471 1843 515 1904 ad
542 1841 686 1905 Crotum
710 1840 950 1904 Erfordiensis
977 1841 1193 1904 Academiae
1218 1855 1402 1906 rectorem.

270 1946 310 2009 In
334 1940 528 2028 postremis
548 1948 687 2011 dicatur
711 1948 847 2011 animus
871 1948 1046 2029 Caesaris,
1079 1970 1183 2032 quem
1207 1951 1403 2013 declaravit
1426 1951 1462 2014 in

178 2052 327 2115 consilio
359 2075 499 2117 suarum
533 2057 713 2119 nationum
746 2056 867 2118 habito
892 2057 950 2118 die
975 2055 1123 2119 XXIX.
1170 2056 1394 2120 Decembris:
1428 2068 1463 2120 et

178 2160 400 2240 significetur
431 2182 509 2224 eum
542 2182 607 2244 pro
632 2184 694 2226 sua
719 2163 853 2244 pietate
878 2174 913 2227 et
937 2164 1111 2245 religione
1136 2164 1242 2226 etiam
1263 2165 1463 2245 juramento

178 2277 215 2329 et
240 2267 435 2350 imperialis
459 2269 653 2351 Dignitatis
677 2270 807 2350 officio,
832 2291 902 2352 quo
928 2271 1123 2334 advocatus
1148 2281 1202 2334 est
1226 2286 1371 2335 sanctae
1390 2272 1463 2334 Ro-

178 2394 306 2437 manae
337 2386 374 2438 et
404 2376 613 2440 universalis
638 2377 836 2457 Ecclesiae,
871 2387 906 2439 et
936 2378 1093 2462 debiturn
1125 2381 1296 2442 honorem
1329 2401 1464 2442 summo

178 2481 347 2545 Pontifici
377 2484 556 2565 promisit,
587 2505 659 2548 non
690 2504 894 2566 passurum,
927 2496 965 2546 ut
994 2485 1063 2547 ista
1093 2485 1179 2547 talia
1210 2506 1274 2548 suo
1303 2498 1464 2567 tempore

177 2601 243 2651 aut
266 2591 488 2672 suscitentur,
513 2602 573 2654 aut
598 2593 802 2673 perdurent,
835 2604 870 2654 et
895 2592 929 2654 in
953 2594 1021 2654 hoc
1047 2593 1250 2655 decrevisse
1274 2614 1390 2675 neque
1414 2593 1464 2655 la·

178 2696 372 2760 cultatibus
398 2718 462 2761 nec
487 2700 655 2781 propriae
680 2719 857 2780 personae
882 2720 1040 2782 parcere.

271 2808 448 2868 Advertat
479 2807 621 2869 tandem
648 2806 906 2869 illustrissimus
932 2808 1014 2869 Dux
1039 2806 1190 2887 imperia
1214 2819 1249 2869 et
1273 2807 1464 2887 regnabis

178 2912 401 2995 potissimum
426 2914 562 2977 artibus
587 2913 803 2994 conservari,
828 2914 955 2995 quibus
970 2925 1073 2994 parta
1088 2923 1179 2993 sunt,
1204 2924 1239 2976 et
1257 2913 1360 2975 sicuti
1377 2912 1462 2977 Ger·

178 3019 275 3101 mani
299 3020 455 3084 favendo
472 3020 653 3083 Ecclesiae
668 3020 856 3084 Romanae
879 3020 1017 3101 imperii
1034 3020 1153 3081 titulos
1169 3030 1205 3082 et
1220 3021 1464 3084 electoriatum

177 3127 460 3209 acquisiverunt,
492 3128 542 3190 ita
572 3138 722 3190 caveant
755 3128 804 3190 illi
835 3127 895 3209 qui
923 3131 969 3190 ab
994 3129 1118 3190 eadem
1144 3127 1305 3190 Ecclesia
1330 3128 1463 3190 dissen-

177 3234 272 3297 tiunt
296 3246 331 3298 et
356 3256 434 3298 eam
458 3245 639 3317 spernunt,
664 3256 709 3299 ne
734 3236 808 3298 istis
832 3236 1067 3318 dignitatibus
1092 3245 1127 3297 et
1143 3236 1210 3297 Dei
1232 3244 1267 3297 et
1285 3235 1463 3298 hominum

174 3341 309 3423 judicio
335 3341 473 3424 indigni
497 3342 696 3422 videantur,
722 3352 757 3404 et
781 3353 1003 3406 censeantur.

271 3450 363 3512 Illud
400 3450 505 3513 etiam
542 3452 577 3512 in
613 3460 796 3530 comperto
829 3452 960 3512 habeat
992 3448 1182 3512 Caesarem
1217 3449 1356 3512 interim
1393 3470 1462 3511 non

179 3568 400 3620 cessaturum
432 3579 454 3621 a
491 3558 733 3621 destructione
768 3571 803 3619 et
833 3556 1082 3638 persecutione
1113 3556 1258 3619 istorum
1292 3557 1463 3619 librorum

179 3683 224 3725 eo
249 3676 460 3747 argumento
485 3666 581 3746 quod
605 3684 746 3746 semper
769 3664 841 3726 dux
857 3665 1002 3746 allegat,
1027 3664 1137 3726 libros
1154 3663 1262 3725 luisse
1278 3665 1464 3725 damnatos

179 3791 251 3833 non
283 3770 405 3834 audito
433 3771 617 3852 scriptore.
665 3770 770 3851 Quod
795 3774 845 3852 (ut
870 3768 1146 3855 supradiximus)
1171 3791 1240 3832 non
1267 3781 1320 3831 est
1344 3791 1462 3832 neces-

178 3878 321 3958 sarium,
346 3888 407 3941 aut
430 3878 656 3958 rationabile,
691 3899 771 3941 nam
795 3878 970 3941 Martinus
994 3878 1029 3939 in
1054 3878 1127 3939 suis
1151 3877 1291 3957 scriptis
1315 3898 1384 3939 non
1410 3898 1458 3939 so·

179 3988 253 4048 lum
285 3985 567 4066 evidentissime,
604 3986 698 4066 quod
731 3984 837 4047 sentit
871 3985 1042 4067 loquitur,
1074 3994 1109 4047 et
1141 4005 1229 4065 quas
1260 3993 1361 4062 putat
1385 3984 1462 4064 ipse

179 4093 417 4156 validissimas
447 4093 604 4157 rationes
628 4093 790 4173 adducit,
821 4112 944 4155 verum
968 4093 1074 4154 etiam
1098 4091 1345 4152 resolutorium
1371 4111 1461 4153 corn·

179 4199 310 4279 posuit,
335 4199 370 4262 in
396 4220 466 4281 quo
490 4220 529 4263 se
552 4201 602 4262 ita
626 4198 757 4262 sentire
781 4201 891 4262 multo
918 4199 1021 4261 etiam
1047 4198 1268 4260 manifestius
1292 4200 1461 4262 declarat.

270 4306 374 4386 Quod
412 4306 441 4367 si
477 4305 741 4387 propositiones
775 4307 891 4368 nudae
927 4317 1063 4385 essent,
1100 4305 1205 4367 nullis
1238 4306 1463 4387 argumentis

181 4415 446 4493 corroboratae,
469 4415 528 4476 vel
553 4413 646 4476 forte
670 4412 814 4477 fortuna
833 4424 952 4476 essent
967 4412 1166 4493 ambiguae,
1191 4424 1273 4473 tunc
1291 4414 1460 4493 loquendi

181 4521 326 4582 daretur
350 4521 465 4601 copia,
491 4530 528 4582 ut
550 4522 646 4602 quod
662 4524 850 4584 obscurum
869 4533 973 4598 esset,
998 4520 1186 4582 dilucidius
1204 4515 1460 4601 exponeretur:

180 4627 239 4687 ubi
260 4647 346 4690 vero
364 4648 418 4707 ea,
442 4648 534 4709 quae
557 4629 743 4690 traduntur
767 4637 901 4710 aperte,
927 4629 973 4688 ab
989 4647 1054 4689 usu
1069 4627 1251 4690 Ecclesiae
1276 4630 1459 4705 recedunt,

182 4754 226 4795 ea
254 4755 318 4816 per
351 4756 390 4798 se
422 4737 477 4797 vel
507 4735 622 4816 primo
654 4744 800 4816 aspectu
833 4748 913 4797 sunt
945 4736 1190 4797 condemnata.
1239 4732 1297 4798 Sic
1323 4755 1462 4797 errores

180 4842 296 4921 multi,
321 4842 582 4926 opinionesque
606 4852 642 4907 et
665 4845 851 4924 haereses,
884 4864 905 4906 a
930 4842 1082 4905 Summis
1106 4842 1347 4927 Pontificibus,
1373 4844 1460 4906 Con·
