3559 5734
770 947 831 1013 131

426 1063 608 1147 Gustatus
634 1066 711 1147 Rex
739 997 885 1146 sueciae
912 1061 1070 1143 Adriano
1098 1055 1189 1156 W)

506 1214 601 1285 (eroli
620 1229 690 1274 teor.
706 1214 782 1273 Arm
800 1212 847 1272 tr.
865 1213 952 1286 capra
969 1210 993 1269 a.
1011 1209 1045 1268 ll.
1062 1209 1116 1279 te.)

639 1332 692 1401 (lo.
712 1334 875 1398 Septembris
897 1328 984 1394 1523.)

257 1456 1447 1548 Devotapedumosculabeatorum.Beatissimepater.Gratissimus

168 1582 244 1635 erat
261 1572 366 1636 nobis
383 1582 419 1635 et
436 1572 601 1636 universo
621 1575 755 1656 populo
771 1573 873 1636 nobis
890 1571 1051 1635 subiecto
1068 1568 1244 1632 adventus
1258 1562 1447 1628 reverendi

167 1678 279 1761 patris
292 1679 425 1743 domini
436 1680 584 1760 Joannis
596 1680 721 1762 Magni
737 1678 846 1743 Gothi
858 1678 987 1763 Legati
1009 1687 1044 1740 et
1059 1672 1299 1739 Commissarii
1322 1671 1447 1734 sancti·

168 1785 250 1850 tatis
273 1795 415 1849 vestrae
439 1788 485 1850 ad
520 1808 586 1850 nos
617 1787 652 1849 in
685 1786 793 1850 variis
824 1796 860 1850 et
891 1784 1011 1849 arduis
1043 1781 1233 1847 christiane
1263 1777 1447 1861 religionis

170 1890 324 1975 negotiis
351 1894 529 1975 destinati,
553 1893 609 1957 cui
632 1894 669 1956 in
693 1893 857 1958 omnibus
880 1893 974 1956 votis
998 1889 1194 1956 sanctitatis
1208 1888 1252 1950 V.
1278 1895 1447 1969 quantum

169 1999 329 2062 turbacio
361 2002 484 2063 horum
508 2012 707 2084 temporum
731 2000 870 2064 sinebat
894 2000 1091 2071 annuimus;
1124 1997 1188 2061 sed
1218 1997 1448 2058 vehementer

169 2107 345 2170 doluimus
376 2108 471 2189 quod
494 2108 754 2190 periclitantem
777 2118 906 2172 statum
930 2105 1089 2170 Ecclesie
1107 2102 1270 2168 Suecane
1293 2102 1339 2164 ad
1363 2101 1447 2163 inte-

170 2232 271 2295 grum
281 2214 468 2277 restituere
483 2215 692 2297 nequiverit,
701 2219 867 2279 obstante
878 2213 937 2297 pie
946 2212 1132 2276 intentioni
1143 2211 1219 2275 eius
1227 2213 1336 2291 longa
1344 2204 1450 2270 vacil-

170 2320 302 2384 latione
315 2322 573 2385 chatedralium
589 2323 818 2387 ecclesiarum
835 2343 904 2404 que
921 2322 967 2385 ad
984 2324 1105 2403 plures
1121 2339 1233 2381 annos
1247 2336 1312 2401 per
1336 2325 1450 2378 terras

169 2437 307 2491 nostras
331 2428 407 2491 sine
431 2428 690 2512 Episcoporum
713 2430 841 2494 solatio
864 2428 1124 2492 fluctuaverunt
1148 2434 1184 2488 et
1207 2426 1322 2488 adhuc
1346 2423 1446 2486 mise·

168 2534 327 2598 rabiliter
349 2533 541 2614 fluctuant,
566 2537 694 2618 quibus
717 2537 767 2601 sic
791 2536 962 2601 desolatis
986 2556 1057 2598 non
1080 2534 1241 2597 videmus
1265 2530 1447 2594 efficacem

169 2643 312 2705 modum
335 2663 405 2723 quo
430 2641 629 2706 defectibus
654 2644 689 2706 in
713 2644 875 2707 Ecclesia
895 2642 1026 2707 Christi
1050 2640 1317 2723 emergentibus
1340 2639 1447 2721 plene

170 2758 384 2812 occurratur.
437 2749 590 2812 Videtur
624 2751 728 2814 nobis
762 2752 859 2833 quod
889 2760 972 2813 ante
1008 2748 1127 2831 omnia
1159 2756 1195 2810 et
1227 2743 1447 2828 quamtocius

169 2855 338 2938 Episcopi
362 2876 427 2938 per
450 2856 585 2939 Regna
609 2867 731 2921 nostra
765 2879 786 2921 a
810 2855 846 2921 S.
872 2856 917 2921 V.
948 2856 1197 2925 restituantur:
1229 2854 1325 2935 quod
1352 2862 1446 2935 post·

170 2984 274 3045 quam
298 2963 417 3027 Rome
440 2962 573 3028 factum
589 2964 696 3028 fuerit
720 2974 756 3028 et
771 2964 933 3048 prelatus
949 2961 1217 3028 Commissarius
1241 2957 1449 3023 Sanctitatis

171 3070 369 3153 Vestread
393 3090 459 3133 nos
483 3071 600 3133 denuo
625 3092 703 3134 cum
727 3074 835 3154 plena
868 3071 1082 3135 auctoritate
1106 3067 1210 3133 Sedis
1236 3067 1446 3151 Apostolice

170 3177 325 3259 redierit,
348 3189 432 3240 tunc
446 3180 582 3241 adeam
597 3178 883 3243 informationem
900 3178 1080 3243 efficacius
1094 3176 1319 3240 assisteretur
1335 3175 1446 3238 eccle-

170 3284 310 3347 siastice
335 3285 537 3348 auctoritati
561 3294 596 3349 et
619 3286 703 3350 fidei
726 3286 917 3350 christiane
941 3286 976 3349 in
1001 3285 1165 3349 omnibus
1193 3282 1263 3345 illis
1287 3280 1447 3362 negociis

170 3412 237 3473 que
269 3392 338 3455 iarn
371 3390 550 3456 Sanctitas
573 3394 617 3456 V.
647 3415 713 3477 per
742 3394 856 3477 ipsum
890 3393 995 3458 nobis
1025 3392 1347 3456 commendaverat.
1405 3389 1445 3451 In

170 3498 289 3580 primis
313 3519 453 3562 errores
477 3510 513 3563 et
535 3521 725 3583 perversas
748 3501 929 3565 doctrinas
952 3500 1191 3565 Ecclesiarum
1215 3496 1345 3560 Christi
1376 3506 1444 3559 tur-

170 3606 323 3669 batrices
346 3605 447 3668 iuxta
470 3605 727 3690 Episcoporum
751 3608 900 3672 consilia
922 3608 1160 3689 expellemus;
1196 3605 1326 3669 deinde
1350 3604 1444 3685 cogi·

171 3712 321 3775 tabimus
345 3714 390 3776 de
414 3712 551 3776 meliori
576 3714 724 3779 consilio
749 3737 819 3798 quo
851 3715 1065 3779 schismatici
1094 3712 1290 3779 moscovite
1323 3720 1445 3774 nostro

170 3837 279 3902 regno
307 3819 416 3882 vicini
450 3820 496 3882 ad
526 3821 697 3884 unitatem
731 3822 915 3886 Ecclesiae
945 3828 1212 3900 convertantur,
1243 3828 1445 3900 terramque

172 3924 351 4008 Lapponie
376 3924 497 3988 Nostri
521 3927 642 4009 Regni
667 3927 794 3993 Suecie
818 3938 957 4012 partem
977 3932 1022 3992 ab
1039 3927 1218 4011 ydolatria
1241 3928 1287 3990 ad
1302 3926 1444 3991 Christi·

172 4051 271 4095 anam
295 4032 482 4095 Ecclesium
506 4034 643 4096 restitui
667 4035 847 4100 faciemus.
893 4037 970 4100 Nec
994 4037 1156 4100 omittere
1175 4036 1337 4098 volumus
1361 4034 1445 4117 quin

172 4138 300 4220 aliquid
324 4139 448 4202 auxilii
477 4149 601 4204 contra
617 4142 723 4205 Turci
747 4143 943 4224 potentiam
966 4163 1031 4225 per
1055 4143 1235 4206 subiectos
1258 4141 1361 4205 nobis
1384 4162 1444 4224 po·

201 4342 221 4411 ¹)
239 4345 371 4393 Gustarus
388 4344 505 4393 Erilrson
525 4347 616 4405 wasa,
635 4349 721 4410 patria
739 4347 851 4398 liberata
870 4365 885 4398 a
904 4350 1083 4398 dominatione
1102 4350 1253 4408 Dauorum,
1273 4349 1361 4398 animo
1381 4365 1444 4399 con-

238 4431 343 4488 ceperat
362 4425 516 4488 religionem
535 4427 576 4476 sui
595 4428 669 4490 regni
684 4429 822 4479 immutare
840 4438 866 4479 et
885 4430 1038 4479 lutheranae
1052 4430 1176 4478 novitatis
1187 4430 1364 4492 dogmatibus,
1377 4431 1445 4479 sicut

238 4507 409 4555 instrumento
429 4506 582 4555 rad-clerum
601 4515 628 4556 et
646 4508 785 4558 ecclesiam
806 4510 1006 4576 expoliandam,
1030 4512 1078 4560 uti.
1116 4511 1171 4559 Sub
1189 4511 1354 4575 protectione
1372 4512 1445 4573 regia

238 4586 355 4650 permisit
375 4585 443 4636 Olao
465 4587 536 4635 Petri
563 4594 589 4636 et
607 4589 666 4637 aliis
691 4590 803 4639 occultis
821 4591 967 4641 lutheranis
995 4605 1090 4639 novam
1109 4592 1257 4640 doctrinam
1282 4591 1444 4656 praedicare.

237 4667 337 4715 Eodem
357 4674 475 4731 tempore
494 4668 594 4731 Joanni
612 4671 712 4731 Magno
732 4671 869 4722 Pontificis
888 4673 977 4733 legato
1005 4677 1031 4720 et
1050 4672 1168 4720 Gustare
1188 4671 1299 4720 Braslrio
1318 4671 1444 4735 episcopo

238 4747 407 4811 promittebat
432 4747 613 4798 defensionem
638 4757 664 4797 et
689 4751 797 4800 tutelam
822 4752 970 4801 catholicae
995 4751 1131 4803 ecclesiae.
1169 4752 1255 4816 Ipsius¹
1281 4751 1444 4814 duplicitatis

238 4842 332 4876 novum
359 4827 412 4876 hoe
440 4829 626 4878 documentum
654 4831 756 4881 edimus
784 4847 836 4896 quo
860 4831 999 4882 Pontificis
1027 4832 1209 4882 auctoritatem
1237 4831 1443 4881 luculentissime

239 4907 434 4973 recognoscitur
452 4923 468 4957 a
486 4924 556 4973 rege.

1743 3522 1767 4209 4QQ.Q²QQ(
1744 3504 1762 3513 .“
1745 3482 1750 3489 '
1753 3424 1755 3427 -
1743 3380 1746 3397 ‘⁴
1749 3244 1752 3251 ν

1743 4374 1767 4447 ..Ἓξ-ι
1755 4252 1767 4367 >sch-u,-
1758 4216 1767 4243 -v

1757 4848 1767 4865 -.
1760 4834 1767 4841 λ
1743 4638 1767 4811 *ἐμ-,ᾳ
1743 4450 1767 4631 ἑαᾈμᾳὲῖεψ

1744 4886 1761 4919 ἶ.

1652 5484 1767 5680 ιῑ-Ζ..-
1755 5296 1767 5469 *λζ-ὴ*-
1755 5186 1767 5293 ;-“<
1745 5040 1767 5221 ἰ’-’ὶ-ΔΜἈ
1748 4930 1767 5031 ,μ-Λὶξ
