3559 5734
801 558 1050 615 0-1322411-ο

286 697 440 761 deducat
464 701 509 761 ad
534 712 749 785 extremum,
783 714 819 765 ut
851 705 921 767 iam
953 705 1108 769 omnium
1133 705 1358 769 confessione
1383 706 1508 769 nefarii
1532 717 1569 769 et

286 805 502 868 contumacis
538 808 684 871 heretici
709 810 853 874 Martini
888 833 953 874 nee
991 833 1117 875 nomen
1154 834 1220 875 nec
1255 813 1444 894 vestigium
1475 813 1569 876 inter

285 911 411 975 fideles
434 916 587 995 populos
611 915 645 979 in
664 917 856 981 Germania
880 920 1060 999 consistat,
1086 920 1120 983 in
1145 941 1214 1002 quo
1240 920 1410 1002 optimum
1434 929 1470 982 et
1487 941 1567 984 con-

285 1020 536 1084 stantissimum
561 1024 734 1087 habemus
748 1025 949 1107 Caesarem,
974 1028 1038 1089 sed
1063 1038 1099 1090 et
1121 1036 1182 1089 tua
1197 1026 1390 1090 auctoritas
1412 1048 1482 1091 non
1499 1049 1567 1091 me·

286 1127 396 1190 diocri
420 1128 624 1193 adiumento
642 1132 854 1195 christianae
871 1134 1090 1215 reipublicae
1115 1155 1193 1196 esse
1209 1144 1338 1216 potest,
1363 1145 1401 1196 ut
1425 1134 1566 1216 quidem

285 1235 354 1298 iam
378 1236 455 1315 fuit,
479 1240 573 1318 quod
599 1259 799 1320 supremum
825 1240 894 1302 iam
919 1241 953 1303 in
979 1261 1086 1303 causa
1116 1243 1183 1303 hac
1208 1240 1364 1304 officium
1388 1241 1457 1304 tuis
1480 1242 1567 1324 pris-

288 1343 369 1405 tinis
404 1343 523 1406 multis
559 1356 594 1407 et
630 1347 829 1409 actionibus
865 1359 901 1409 et
937 1347 1065 1410 officiis
1102 1349 1227 1410 summi
1252 1348 1366 1411 meriti
1391 1350 1568 1411 cumulum

286 1449 488 1512 adiunctum
514 1462 578 1531 est,
603 1453 693 1515 sicut
717 1474 795 1515 cum
820 1454 1044 1517 fraternitate
1068 1464 1129 1517 tua
1152 1454 1331 1535 copiosius
1355 1454 1467 1517 nuntii
1492 1475 1568 1517 nos·

286 1557 330 1618 tri
363 1569 484 1620 nostro
516 1559 658 1622 nomine
690 1572 815 1642 agent,
849 1562 979 1643 quibus
1001 1561 1106 1624 fidem
1132 1562 1292 1624 habebis.
1339 1562 1469 1626 Datum
1495 1563 1568 1626 Ma·

286 1664 402 1726 lianae
426 1663 488 1728 IV.
513 1665 598 1728 Maii
629 1687 706 1747 152¹
735 1688 829 1731 anno
855 1688 959 1732 non0.

901 2119 954 2185 89.

564 2234 804 2316 lleunder
838 2235 1281 2317 110000000113110.

715 2351 857 2455 truatur.
877 2385 1003 2444 remu.
1021 2383 1052 2441 u.
1069 2383 1136 2450 ue.)

803 2507 854 2569 (15.
878 2506 943 2554 htaii
966 2509 1051 2565 1521.)

379 2624 444 2687 Poi
467 2626 591 2689 scritta
614 2640 650 2689 et
673 2627 795 2690 chiusa
820 2628 840 2690 l'
855 2631 946 2690 altra
970 2629 1039 2691 mia
1061 2648 1151 2691 sono
1175 2626 1330 2690 arrivate
1355 2629 1387 2690 le
1409 2628 1454 2689 de
1471 2627 1513 2691 V.
1532 2626 1569 2692 S.

290 2732 385 2794 Rma
409 2743 445 2795 et
468 2734 503 2794 la
526 2735 622 2796 bulla
647 2735 739 2796 dove
764 2734 782 2796 ὲ
807 2735 989 2797 nominato
1014 2736 1090 2797 solo
1111 2730 1244 2797 Luther
1268 2744 1304 2797 et
1327 2733 1362 2797 in
1387 2754 1521 2816 genere
1545 2733 1570 2796 li

289 2838 440 2920 fautori,
475 2841 511 2902 13
534 2842 639 2922 quale
663 2841 786 2904 venira
809 2845 879 2905 ben
905 2865 926 2904 a
950 2844 1134 2926 proposito
1143 2889 1152 2921 ,
1186 2851 1293 2923 atque
1317 2843 1450 2936 utinam
1473 2841 1570 2905 fusse

290 2956 383 3008 stata
414 2948 579 3010 mandata
608 2950 777 3030 alquanto
809 2950 869 3032 piu
894 2959 1015 3031 presto
1040 2947 1172 3031 perche
1205 2946 1358 3010 l'harrei
1388 2948 1571 3029 publicata

291 3064 325 3114 et
357 3054 521 3135 quieta
545 3055 751 3139 Moguntia,
783 3077 884 3119 como
909 3056 1075 3120 reehiede
1106 3056 1205 3117 detta
1228 3055 1326 3116 bulla
1356 3063 1390 3116 et
1422 3056 1466 3117 de
1491 3074 1571 3117 essa

290 3181 333 3221 ne
359 3161 608 3226 haveressemo
630 3163 718 3227 satta
735 3164 893 3226 mention
916 3163 987 3226 neli
1005 3162 1161 3225 mandati
1185 3162 1281 3243 quod
1305 3182 1398 3223 nunc
1414 3181 1484 3224 non
1509 3180 1569 3242 po·

290 3276 360 3330 test
392 3267 467 3330 fieri
501 3269 633 3350 perche
667 3291 737 3333 non
772 3273 935 3350 besogna
967 3270 1130 3332 retarder
1162 3270 1212 3332 tal
1241 3288 1341 3347 cosa,
1377 3266 1405 3330 si
1438 3267 1570 3350 perche

290 3374 407 3437 subito
432 3397 539 3438 nasce
573 3379 723 3459 qualche
748 3380 817 3440 mal
842 3388 878 3439 et
902 3375 1035 3458 perche
1059 3376 1168 3438 Cesar
1193 3374 1366 3438 minaccia
1390 3375 1433 3436 de
1459 3374 1571 3456 partir

290 3495 411 3562 presto
437 3493 472 3545 et
495 3484 678 3547 dubitamo
703 3487 768 3548 che
794 3485 815 3546 ’l
840 3493 960 3566 tempo
985 3504 1056 3546 non
1081 3482 1113 3545 01
1137 3481 1288 3545 manchi.

380 3590 468 3653 Heri
493 3591 625 3654 matino
650 3602 686 3654 et
706 3591 746 3654 S‘
763 3591 901 3654 Nuncio
927 3590 1019 3653 etio
1044 3591 1203 3671 parlamo
1228 3589 1273 3650 ad
1291 3588 1410 3665 Cesar,
1436 3588 1468 3649 01
1488 3587 1572 3668 qual

292 3697 310 3759 ὁ
335 3709 372 3759 ut
404 3717 512 3779 supra
543 3700 612 3760 ben
637 3698 798 3780 disposto
830 3709 867 3761 et
892 3701 963 3760 ben
994 3701 1025 3760 si
1049 3698 1140 3760 vede
1171 3695 1303 3778 perche
1335 3693 1357 3757 li
1389 3692 1572 3756 secretarii

291 3806 400 3866 molto
424 3804 453 3868 si
478 3825 566 3868 sono
591 3804 761 3868 affaticati
786 3804 821 3868 in
846 3806 969 3868 tradur
993 3806 1025 3867 el
1051 3805 1217 3866 mandato
1241 3802 1275 3865 in
1300 3803 1440 3863 almano
1465 3819 1573 3862 senza

291 3912 419 3974 alcuna
442 3911 711 3977 intermessione
735 3916 780 3976 de
794 3923 926 3995 tempo,
952 3914 1018 3975 che
1038 3912 1074 3974 in
1091 3932 1177 3974 vero
1195 3909 1333 3973 Sichler
1348 3917 1383 3971 et
1398 3905 1572 3989 Spieghel

291 4020 410 4081 hanno
443 4019 533 4082 fatto
567 4021 627 4104 piu
660 4022 695 4084 in
722 4042 768 4083 un
793 4019 828 4082 di
862 4031 898 4083 et
921 4041 992 4083 una
1015 4028 1114 4082 notte
1149 4020 1214 4081 che
1248 4019 1337 4080 altre
1371 4016 1467 4077 volte
1500 4034 1573 4077 non

291 4128 498 4190 harebbeno
527 4128 617 4190 latto
649 4128 684 4191 in
709 4150 753 4191 un
780 4148 886 4191 mese.
935 4126 1070 4208 Questa
1100 4145 1203 4188 mane
1237 4124 1271 4187 io
1295 4124 1346 4186 fui
1370 4123 1406 4185 in
1431 4141 1573 4184 camera

292 4234 337 4294 de
362 4232 470 4296 Cesar
502 4245 536 4297 et
560 4236 725 4316 procurai
749 4256 828 4298 cum
852 4235 944 4297 assai
969 4232 1142 4296 difficulta
1171 4233 1236 4294 che
1262 4231 1283 4293 ’1
1308 4230 1475 4294 mandato
1499 4247 1573 4290 non

292 4339 319 4400 si
354 4349 521 4403 mettesse
554 4341 614 4423 piu
647 4344 681 4405 al
706 4343 864 4406 conselio
899 4339 1031 4423 perche
1064 4341 1306 4404 l'harebbeno
1338 4344 1503 4400 truncato
1537 4343 1574 4397 et

293 4458 414 4509 tenuto
438 4448 498 4510 doi
522 4449 625 4529 mesi,
651 4461 686 4511 et
710 4453 782 4512 cosl
806 4449 845 4512 fu
869 4449 1034 4511 ordinato
1059 4448 1124 4510 01ιο
1149 4444 1291 4508 omnino
1316 4464 1354 4506 se
1378 4442 1574 4542 expetiisca

293 4554 409 4616 subito
434 4555 575 4634 scritto,
599 4558 665 4619 che
690 4555 770 4618 sara
791 4556 913 4619 Vener
936 4554 1101 4637 proximo
1125 4571 1226 4615 como
1250 4550 1284 4613 io
1309 4570 1432 4633 spero;
1458 4566 1573 4631 prego

294 4661 361 4723 Dio
380 4662 518 4724 interim
533 4664 684 4745 qualche
700 4666 793 4726 mala
809 4663 931 4744 lingua
953 4681 1023 4724 non
1039 4682 1077 4724 se
1094 4659 1334 4741 interpongha
1349 4657 1396 4719 ad
1411 4655 1572 4737 impedit.

383 4769 424 4831 El
450 4768 583 4851 §ignor
612 4771 657 4832 de
682 4770 839 4833 Chevres
870 4768 931 4852 gia
955 4778 1008 4831 tre
1033 4766 1069 4830 dl
1092 4769 1139 4829 ha
1162 4768 1271 4828 hauto
1304 4766 1338 4826 la
1361 4763 1462 4826 febre
1494 4782 1573 4826 cum

295 4887 531 4963 symptomate
556 4889 592 4940 et
615 4877 782 4946 continuo
808 4879 910 4947 dolor
934 4875 971 4946 di
995 4895 1085 4957 capo
1110 4885 1147 4942 et
1170 4894 1240 4942 non
1263 4874 1359 4941 bone
1382 4869 1498 4946 urin&
1527 4889 1573 4937 1¹6
