3559 5734
686 546 932 603 &totid-0

771 694 835 758 184

599 799 811 902 (lampugius
840 798 1014 880 Sarioleta.

555 928 726 1002 munitat
746 928 897 989 German
916 928 991 987 im
1009 927 1062 1000 44.)

638 1030 691 1096 (29.
710 1031 867 1080 Decembris
892 1030 980 1097 1524.)

254 1198 261 1212 .
280 1201 285 1211 .
304 1194 312 1210 .
337 1146 470 1210 Bench’
487 1146 523 1208 io
547 1146 639 1210 stimi
664 1148 730 1210 che
740 1146 767 1226 51
791 1145 921 1210 noncio
939 1147 984 1209 de
1000 1145 1175 1232 Inspruck
1197 1146 1314 1210 scriva
1329 1148 1448 1228 quello

164 1255 230 1316 che
255 1253 290 1317 la
315 1256 404 1316 oltre
430 1255 459 1316 si
482 1253 519 1316 fa
543 1264 579 1317 et
600 1254 756 1335 intende,
781 1253 901 1317 niente
926 1253 962 1316 di
978 1271 1083 1316 meno
1099 1251 1175 1316 diro
1193 1272 1281 1336 pure
1298 1254 1400 1317 anch’
1413 1254 1448 1316 io

164 1362 246 1443 quel
278 1361 332 1424 eh’
350 1360 383 1424 io
416 1381 460 1425 ne
491 1370 604 1425 sento.
650 1361 694 1423 El
723 1362 923 1444 regimento
947 1358 1132 1442 imperiale
1164 1359 1199 1423 in
1223 1360 1372 1443 Eslinga
1403 1363 1449 1424 ha

164 1469 334 1531 mandato
359 1469 392 1530 al
416 1466 584 1550 Principe
616 1470 651 1531 la
674 1469 891 1531 resolutione
926 1468 982 1530 del
1007 1488 1114 1549 parer
1138 1486 1202 1529 suo
1226 1467 1262 1529 di
1286 1468 1449 1532 intimare

164 1595 259 1638 nova
287 1575 384 1637 dieta
408 1596 429 1636 a
453 1573 523 1638 San
547 1575 684 1657 Jacopo
709 1576 753 1637 de
778 1574 907 1657 Luglio
932 1583 968 1637 et
992 1576 1057 1637 che
1082 1563 1252 1637 si'scriva
1275 1595 1296 1637 a
1318 1572 1449 1637 Cesare

165 1683 231 1744 che
256 1680 293 1745 S.
317 1681 364 1743 M.
389 1683 424 1744 la
447 1681 658 1761 instituisca,
689 1691 724 1744 et
747 1681 894 1745 intendo
919 1683 985 1744 che
1010 1683 1056 1742 ha
1079 1681 1246 1744 mandato
1271 1701 1341 1743 una
1365 1692 1450 1744 nota

164 1790 210 1851 de
236 1790 270 1850 le
290 1808 373 1852 cose
398 1790 463 1851 che
488 1810 509 1851 a
532 1790 609 1851 loro
631 1808 766 1871 pareno
790 1787 819 1851 si
836 1789 1004 1851 debbano
1021 1796 1170 1850 trattare
1186 1785 1222 1849 in
1238 1787 1328 1851 ditta
1342 1788 1448 1851 dieta.

163 1896 193 1958 Il
218 1895 382 1979 principe
406 1898 453 1958 ha
477 1904 653 1959 accettato
678 1896 712 1958 el
736 1915 863 1978 parere
888 1897 976 1977 loro,
1000 1916 1058 1957 ma
1079 1895 1170 1957 inter
1186 1894 1257 1957 alia
1271 1896 1449 1957 vorrebbe

164 2004 233 2065 che
265 2003 379 2084 prima
402 2023 440 2065 se
472 2023 517 2065 ne
546 2001 662 2065 scriva
693 2022 715 2064 a
739 2000 774 2064 C·
790 2022 869 2064 sare
902 2002 967 2064 che
999 2004 1033 2064 al
1057 2003 1156 2064 detto
1188 2011 1307 2084 tempo
1332 2001 1450 2065 indica

164 2111 200 2172 la
225 2107 332 2189 dieta,
357 2119 393 2171 et
416 2109 630 2172 conformasi
655 2130 723 2173 con
747 2108 816 2172 essi
840 2109 982 2171 mutatis
1006 2106 1145 2190 paucis;
1171 2110 1205 2170 el
1228 2110 1362 2190 luogho
1387 2129 1450 2171 soa

165 2214 322 2279 serenitai
352 2219 531 2280 vorrebbe
562 2217 629 2279 che
661 2215 759 2278 fusse
784 2215 950 2296 Augusta
981 2223 1016 2278 et
1046 2216 1078 2277 el
1103 2213 1302 2296 regimento
1334 2214 1448 2277 scrive

165 2343 236 2386 non
261 2343 340 2385 esse
365 2326 569 2387 mutandum
599 2325 716 2386 locum
741 2321 885 2404 Spirae,
922 2342 979 2386 ma
1002 2322 1025 2384 il
1051 2320 1212 2404 principe
1242 2321 1287 2383 ad
1311 2333 1448 2401 partem

165 2429 324 2493 scrivere
353 2451 374 2493 a
400 2430 530 2493 Cesare
561 2451 626 2513 per
656 2432 828 2492 obtenere
860 2430 926 2491 che
958 2428 987 2491 si
1017 2425 1132 2491 faccia
1155 2427 1191 2490 in
1217 2427 1382 2508 Augusta
1414 2435 1449 2490 et

166 2538 289 2601 iaciasi
314 2558 414 2601 come
439 2538 475 2601 di
499 2536 643 2600 volonta
668 2536 704 2599 di
723 2533 798 2600 Sua
813 2535 962 2619 Maesta,
987 2544 1023 2599 et
1046 2556 1117 2600 non
1142 2555 1207 2617 per
1230 2534 1446 2614 movimento

168 2646 226 2709 del
243 2644 409 2727 Principe
434 2664 498 2726 per
523 2665 593 2707 non
618 2663 746 2726 parere
771 2641 805 2706 di
830 2642 1078 2706 contravenire
1103 2644 1173 2705 aila
1198 2642 1365 2724 opinione
1389 2641 1449 2704 del

167 2751 382 2835 regimento:
409 2761 444 2814 et
468 2772 532 2834 per
556 2750 705 2832 rispetto
730 2751 775 2812 de
799 2749 824 2813 li
848 2748 1006 2833 Principi
1021 2749 1200 2829 Rhenani‚
1224 2748 1284 2811 alli
1309 2748 1404 2830 quali
1429 2747 1448 2809 ὲ

167 2859 226 2940 piu
251 2859 437 2921 commoda
460 2856 574 2939 Spita,
599 2866 635 2921 et
657 2857 750 2921 inter
774 2857 844 2920 alia
868 2856 1076 2920 ricerchano
1100 2877 1122 2918 a
1145 2855 1275 2919 Cesare
1300 2858 1366 2919 che
1389 2856 1446 2918 ad·

167 2965 276 3048 iunga
308 2965 367 3027 doi
398 2963 556 3047 Principi
587 2963 756 3028 Germani
787 2966 819 3026 al
850 2963 1016 3045 Principe
1047 2983 1113 3045 per
1144 2962 1219 3025 suoi
1251 2961 1382 3025 oratori
1413 2962 1448 3024 in
1534 2980 1538 2994 ·

169 3076 274 3136 rebus
298 3072 493 3135 tractandis
518 3081 554 3134 et
577 3092 647 3134 non
673 3071 771 3135 sieno
796 3071 828 3132 d’
846 3073 938 3133 altra
962 3071 1106 3133 natione
1131 3079 1166 3133 et
1189 3069 1240 3151 gli
1257 3068 1448 3132 nominano

169 3201 189 3242 a
212 3180 344 3243 Cesare
368 3179 468 3241 accio
493 3179 558 3241 che
583 3178 700 3261 elegia
724 3178 781 3240 chi
805 3178 864 3260 piu
889 3178 939 3258 gli
964 3177 1091 3259 pareri
1115 3177 1151 3240 in
1176 3176 1378 3259 proposito,
1414 3187 1449 3238 et

170 3308 256 3350 sono
287 3285 402 3367 questi
426 3285 586 3348 Marchio
611 3284 799 3366 Philippus
823 3284 1015 3364 Badensis,
1047 3283 1250 3346 Fridericus
1273 3284 1357 3357 Dux
1383 3283 1448 3346 Ba·

168 3394 288 3457 variae
312 3393 423 3455 irater
439 3391 623 3466 electoris;
649 3390 827 3474 Georgius
843 3392 927 3454 Dux
943 3391 1141 3466 Saxoniae;
1166 3389 1390 3471 Guglielmus
1414 3403 1450 3454 et

169 3500 372 3564 Ludovicus
402 3500 545 3562 Fratres
569 3501 688 3562 Duces
712 3498 904 3573 Bavariae;
941 3497 1130 3561 Casimirus
1154 3497 1315 3560 Marchio
1340 3497 1449 3561 Bran-

170 3607 456 3688 demburgensis,
480 3606 656 3669 Henricus
680 3606 764 3668 Dux
788 3604 1140 3687 Meckleburgensis,
1165 3603 1342 3666 Henricus
1366 3605 1450 3667 Dux

169 3714 449 3777 Brunsvicensis.
497 3710 698 3776 Sollicitare
731 3733 798 3775 con
821 3715 917 3775 buon
941 3713 1047 3775 modo
1079 3712 1190 3774 haver
1214 3712 1249 3773 la
1272 3720 1358 3773 nota
1390 3712 1449 3774 dal

168 3821 388 3904 Regimento
412 3820 601 3903 Imperiale
626 3821 670 3882 de
695 3823 802 3883 rebus
826 3820 976 3902 agendis
1001 3827 1036 3882 et
1060 3818 1255 3881 tractandis
1279 3816 1314 3879 in
1331 3817 1449 3895 Dieta,

169 3929 301 4012 perche
326 3914 660 4011 possiamo'vedere
685 3947 852 4008 quorsum
876 3927 1035 3989 tendant.

258 4034 356 4098 Sono
392 4034 547 4113 avisat0‚
584 4035 649 4097 che
685 4033 827 4097 l'homo
863 4034 1030 4096 mandato
1064 4052 1129 4115 per
1161 4033 1184 4095 il
1213 4031 1381 4114 Principe
1414 4030 1450 4092 al

169 4142 381 4224 Moguntino
412 4142 545 4204 ritorno
576 4142 622 4203 ad
653 4140 828 4222 Inspruck
864 4150 900 4203 et
930 4160 996 4222 per
1026 4141 1094 4203 doe
1125 4140 1212 4202 hore
1243 4139 1340 4202 solus
1370 4158 1449 4200 cum
1539 4211 1545 4228 Ι

170 4252 245 4313 solo
270 4248 431 4332 principe
455 4250 556 4331 pario
581 4250 624 4311 ne
653 4247 682 4310 si
706 4267 753 4329 po
777 4247 964 4310 intendere
989 4247 1106 4329 quello
1131 4245 1241 4308 habbi
1264 4244 1449 4327 riportato,

170 4356 299 4419 dicono
331 4358 396 4420 che
426 4355 526 4418 finito
551 4354 729 4436 colloquio
754 4354 927 4436 Princeps
958 4362 1102 4437 praeter
1130 4373 1245 4417 mores
1277 4350 1372 4414 visus
1396 4361 1450 4414 est

170 4474 326 4526 moestus
359 4464 553 4546 perplexus
583 4460 844 4542 cogitabundus
877 4470 913 4523 et
936 4470 1031 4524 totus
1055 4460 1217 4541 stupidus
1248 4466 1284 4522 et
1314 4458 1451 4520 chime

171 4591 216 4634 ne
240 4570 357 4649 avisa,
389 4570 467 4633 dice
491 4571 571 4632 chel
595 4580 768 4651 seguente
792 4567 919 4650 giorno
943 4567 1056 4630 intese
1080 4567 1177 4629 iilum
1208 4584 1332 4649 parurn
1355 4566 1450 4627 laeta

172 4675 411 4740 renunciasse.
449 4677 489 4740 In
513 4675 633 4758 specie
657 4696 729 4737 non
753 4673 782 4736 si
806 4685 938 4758 poteva
961 4673 1148 4736 intendere
1165 4674 1270 4747 altro;
1295 4672 1330 4733 la
1344 4670 1449 4752 fama,

173 4785 237 4847 che
268 4784 362 4846 ando
386 4782 406 4846 l'
424 4784 515 4845 altro
539 4782 666 4864 giorno
691 4790 827 4843 mentre
859 4801 978 4843 eramo
1009 4781 1045 4843 in
1071 4780 1228 4858 Vienna,
1260 4779 1305 4841 de
1336 4778 1450 4840 salute

175 4889 324 4972 CesariS‚
347 4892 523 4974 potrebbe
547 4888 654 4951 tirare
679 4889 714 4950 la
736 4886 926 4969 phantasia
950 4908 987 4950 se
1009 4907 1079 4949 non
1103 4887 1168 4949 che
1192 4906 1264 4949 non
1288 4904 1376 4968 pare
1391 4904 1448 4949 ve·
