3559 5734
816 526 874 585 0²3
915 531 967 585 144
1006 529 1062 582 ΞΗ

299 671 357 732 del
382 673 447 735 che
472 673 604 735 Nostro
629 675 799 756 signore,
836 688 871 738 et
895 677 1028 739 Vostra
1062 677 1230 759 Signoria
1266 673 1581 739 Reverendissima

300 800 354 841 me
378 779 577 875 perdonino
603 792 637 844 et
662 782 780 847 facino
805 784 841 846 in
865 785 901 846 lo
926 783 1078 846 exaudit
1100 794 1232 865 quanto
1257 806 1278 845 a
1302 806 1340 845 se
1365 783 1485 864 piace;
1511 803 1581 864 ego

299 908 385 949 vero
410 887 445 949 in
470 890 537 952 hoc
562 909 634 952 non
658 912 768 972 quero
794 912 884 974 quae
910 911 989 954 mea
1012 901 1105 968 sunt,
1129 892 1192 953 sed
1218 911 1308 972 quae
1334 890 1482 963 Christi;
1508 889 1581 951 cosi

300 995 348 1057 lui
372 997 449 1057 solo
474 1016 529 1058 me
554 997 665 1059 nesii
691 998 902 1062 testimonio.

388 1103 703 1167 Reverendissime
715 1106 877 1187 Domine,
889 1105 908 1168 ὲ
920 1105 1122 1169 necessario
1133 1106 1199 1168 che
1210 1105 1268 1167 noi
1280 1104 1310 1166 ci
1323 1104 1502 1167 adiutamo
1514 1124 1580 1165 con

301 1210 383 1272 tutti
408 1210 432 1273 li
456 1212 598 1275 honesti
625 1223 660 1275 et
683 1212 826 1295 posibili
850 1214 946 1276 modi
970 1213 1069 1276 accio
1093 1233 1159 1295 per
1182 1212 1241 1274 noi
1266 1234 1336 1275 non
1362 1211 1502 1274 manchi
1526 1211 1582 1272 far

301 1318 335 1379 el
360 1318 481 1381 debito
516 1330 641 1384 contra
671 1321 695 1384 li
726 1320 857 1383 inimici
892 1322 987 1384 della
1011 1319 1152 1383 Chiesia
1184 1330 1220 1382 et
1250 1339 1339 1401 pace
1370 1318 1581 1396 Christiana,

299 1425 388 1506 perd
420 1426 582 1508 supplico
613 1430 679 1491 che
703 1428 837 1491 Vestra
861 1425 1029 1511 Signoria
1053 1426 1370 1490 Reverendissima
1400 1425 1583 1488 interceda

301 1534 366 1595 che
396 1531 528 1595 Nostro
560 1531 716 1617 Signore
750 1536 899 1598 concedi
931 1534 1182 1598 l'inirascritte
1218 1534 1333 1615 gratie
1367 1555 1388 1595 a
1418 1553 1582 1614 persone,

301 1641 367 1702 cho
391 1639 422 1701 ci
447 1639 591 1720 possino
616 1641 743 1723 giovar
768 1652 803 1705 et
827 1663 969 1705 nocere.

390 1746 510 1809 Primo
524 1750 556 1810 el
575 1750 858 1830 protonotariato
867 1770 934 1832 per
942 1753 1074 1814 bullam
1083 1751 1117 1811 al
1126 1749 1456 1813 summulariodella
1465 1749 1582 1828 capel·

301 1854 336 1915 la
353 1853 507 1917 Cesarea
524 1856 714 1920 substituto
731 1857 789 1920 del
806 1857 1000 1939 confessor,
1019 1858 1052 1921 el
1067 1859 1149 1940 qual
1174 1866 1271 1919 certo
1297 1878 1334 1919 se
1359 1858 1405 1918 ha
1429 1863 1583 1936 portato,

302 1972 337 2023 et
360 1970 505 2043 portase
529 1983 595 2044 per
619 1964 678 2027 noi
703 1964 972 2047 egregiamente
997 1975 1034 2029 et
1049 1965 1086 2068 ‘si
1120 1964 1197 2027 fara
1226 1984 1311 2027 cosa
1334 1962 1538 2046 gratissima
1563 1983 1584 2025 a

301 2068 400 2132 detto
424 2070 619 2133 confessor.

392 2177 429 2239 Ι]
443 2178 535 2239 altra
559 2179 676 2261 gratia
705 2181 723 2243 ἐ
747 2201 813 2262 per
836 2179 861 2242 il
884 2179 958 2243 filio
983 2180 1019 2242 di
1043 2202 1112 2242 uno
1138 2178 1294 2262 portiore
1320 2179 1355 2239 di
1380 2177 1530 2255 Cesarea,
1559 2176 1583 2238 il

304 2286 387 2366 qual
411 2306 551 2367 sempre
569 2286 587 2348 ὲ
603 2296 697 2349 stato
712 2287 918 2350 Lutherano
944 2297 979 2349 et
1003 2285 1139 2350 nemico
1164 2286 1200 2348 di
1217 2287 1346 2365 Roma,
1371 2305 1427 2347 ma
1450 2283 1584 2366 perche

301 2393 348 2454 ha
376 2412 550 2473 speranza
575 2394 668 2456 delle
698 2414 806 2476 prece
839 2393 1030 2476 imperiali,
1062 2406 1098 2456 ot
1128 2395 1160 2457 el
1192 2391 1265 2455 filio
1300 2412 1369 2455 non
1404 2392 1422 2454 c
1454 2391 1491 2453 in
1525 2390 1585 2453 eta

304 2499 493 2562 sufficienti
518 2502 563 2562 ad
584 2512 716 2580 curata,
742 2502 919 2564 demanda
943 2502 1122 2582 dispensa,
1146 2502 1180 2563 la
1205 2501 1288 2582 qual
1303 2500 1410 2562 credo
1436 2498 1465 2561 si
1480 2496 1584 2579 potra

302 2609 374 2688 far,
398 2610 469 2670 ben
494 2628 559 2691 per
582 2591 711 2681 breue:
737 2609 862 2690 depol,
887 2610 953 2671 che
978 2608 1009 2671 ci
1035 2609 1210 2671 demando
1235 2608 1284 2669 tal
1309 2605 1467 2689 gratiae
1491 2614 1585 2666 tutto

303 2715 465 2796 mitigato
500 2724 535 2778 et
573 2718 604 2777 ci
635 2714 672 2778 fa
704 2715 802 2778 molti
833 2715 1031 2798 appiaceri;
1070 2718 1231 2796 besogna
1264 2712 1488 2777 confirmarlo
1520 2732 1586 2794 per

304 2834 432 2904 questa
456 2822 622 2903 gratuita.

395 2931 444 2991 La
469 2941 565 2992 terza
590 2930 609 2992 ὲ
634 2952 699 3013 per
723 2933 755 2993 el
780 2932 912 2994 Dottor
937 2931 1135 2994 Brochardi
1156 2932 1221 2993 che
1247 2929 1392 3011 predico
1417 2950 1439 2990 a
1463 2937 1587 2991 nostra

303 3037 473 3101 instantia
495 3037 531 3099 in
556 3037 743 3117 Moguntia
768 3050 892 3101 contra
917 3039 1051 3101 Lutlrer
1083 3059 1148 3101 con
1181 3058 1269 3119 gran
1306 3036 1464 3117 periculo
1490 3037 1586 3097 della

304 3145 393 3225 vita,
429 3145 571 3225 quando
596 3143 784 3207 facessimo
810 3147 844 3208 la
861 3146 1090 3217 executione;
1117 3146 1279 3208 Dondee
1305 3154 1397 3206 stato
1423 3163 1584 3205 necessa·

305 3252 356 3314 rio
381 3272 402 3313 a
426 3250 586 3334 partimi,
619 3262 654 3313 et
686 3252 704 3314 ὲ
741 3253 801 3334 qui
833 3253 869 3315 in
894 3253 1079 3333 WormeS,
1112 3262 1147 3315 et
1171 3252 1208 3314 fa
1232 3255 1351 3314 buono
1376 3249 1513 3327 offici0‚
1549 3262 1587 3312 et

304 3359 436 3440 perche
460 3378 532 3420 non
556 3360 602 3420 ha
626 3379 798 3439 speranza
824 3379 957 3422 senon
984 3360 1019 3421 di
1043 3380 1226 3422 recorrere
1250 3358 1284 3420 in
1306 3380 1353 3420 un
1369 3356 1586 3419 monasterio

306 3465 387 3528 dell'
413 3467 518 3528 abate
542 3465 721 3528 Fuldense
747 3477 782 3529 et
809 3468 921 3529 haver
945 3469 1095 3548 qualche
1119 3465 1311 3545 beneficio,
1351 3466 1528 3527 demanda
1552 3464 1586 3524 la

306 3573 475 3654 dispensa
498 3573 655 3635 secundo
681 3574 715 3635 la
739 3573 1011 3656 supplicatione,
1036 3573 1101 3637 che
1126 3574 1160 3635 io
1187 3573 1332 3643 mando;
1358 3572 1521 3653 supplico
1546 3593 1587 3633 se

306 3681 330 3742 li
355 3678 469 3742 faccia
494 3682 575 3759 quel
600 3681 665 3742 che
690 3680 719 3743 si
743 3693 839 3761 pote,
865 3682 910 3743 de
927 3702 1035 3763 more,
1060 3682 1257 3744 advisando
1282 3682 1347 3742 che
1368 3679 1415 3742 lui
1441 3678 1603 3741 emolto

307 3787 465 3849 cacciato
491 3788 537 3848 da
561 3786 755 3849 Lutherani
780 3808 844 3868 per
875 3787 1037 3850 retirarlo
1070 3810 1090 3849 a
1115 3790 1208 3866 loro,
1241 3788 1371 3869 perche
1404 3789 1421 3849 ὸ
1455 3788 1587 3847 huomo

307 3895 442 3956 audace
476 3902 512 3955 et
543 3913 660 3956 rerum
692 3915 863 3957 novarum
898 3895 1116 3976 aliquantum
1155 3896 1322 3976 cupidus,
1364 3914 1435 3956 non
1468 3904 1586 3954 tamen

307 4002 430 4065 malus.

396 4108 512 4171 Credo
549 4110 614 4171 che
647 4107 779 4172 Vostra
811 4108 981 4191 Signoria
1011 4108 1328 4172 Reverendissima
1358 4118 1393 4169 et
1427 4106 1589 4169 Illustris·

308 4216 396 4278 sima
423 4217 470 4277 ha
502 4214 631 4278 sentito
663 4216 824 4279 nominar
856 4219 887 4279 el
921 4216 1113 4279 secretario
1137 4216 1327 4299 Spieghel;
1363 4226 1489 4297 questo
1522 4236 1591 4297 per

308 4343 414 4404 parer
447 4324 514 4383 cho
538 4342 648 4384 ancor
679 4323 726 4384 lui
755 4323 796 4386 sii
829 4345 899 4386 uno
932 4324 966 4384 di
1000 4324 1135 4405 satrapi
1167 4325 1259 4385 delle
1291 4326 1413 4402 lettre,
1445 4323 1463 4385 ὸ
1496 4341 1588 4404 gran

309 4429 540 4492 confederato
566 4450 633 4492 con
658 4432 691 4491 la
716 4429 913 4493 Academia
937 4430 1150 4493 Germanica
1181 4433 1216 4492 la
1248 4432 1328 4511 qual
1360 4429 1380 4492 e
1414 4428 1591 4510 complice

309 4537 345 4598 di
369 4537 522 4611 Luther;
556 4546 647 4598 tutta
679 4538 777 4598 volta
807 4557 872 4618 per
904 4557 1002 4599 esser
1034 4537 1081 4599 lui
1116 4538 1279 4600 maritato
1311 4547 1346 4599 et
1370 4556 1524 4618 pover0‚
1550 4558 1592 4597 se

309 4645 403 4705 lassa
428 4644 563 4705 condur
586 4646 713 4705 alcuna
743 4642 827 4705 fiata
857 4664 879 4705 a
910 4644 1107 4725 discoprire
1132 4645 1167 4706 di
1192 4647 1309 4706 buone
1335 4662 1437 4723 cose,
1469 4654 1505 4705 et
1534 4643 1593 4705 far

310 4751 461 4831 qualche
492 4752 611 4811 buono
646 4749 764 4811 officio
788 4770 853 4831 per
885 4750 962 4828 noi,
994 4753 1059 4812 sub
1089 4772 1152 4830 spe
1177 4751 1325 4813 alicuius
1350 4750 1592 4829 emolumenti,

310 4857 354 4919 Et
378 4858 508 4937 perche
534 4856 582 4918 lui
607 4877 677 4919 non
709 4868 792 4940 pote
817 4860 930 4920 haver
961 4858 1142 4939 beneficii,
1176 4869 1299 4940 aperte
1336 4857 1381 4921 mi
1414 4858 1593 4920 demanda
