3559 5734
764 535 1011 597 &biblii-0

246 686 314 766 fui;
340 690 403 755 sed
429 689 511 773 quia
534 688 648 754 visum
672 702 726 753 est
749 689 833 753 mihi
857 692 904 754 ad
928 689 1084 753 officium
1107 710 1222 753 meum
1246 700 1282 754 et
1305 685 1410 752 fidem
1424 707 1527 771 quam

247 797 387 862 Christo
425 797 571 879 eiusque
596 797 740 860 Vicario
774 800 910 877 debeo,
949 797 1149 879 pertinere,
1187 808 1225 860 ut
1248 797 1347 860 R¹²¹⁸¹¹¹
1371 797 1459 858 Dl‘m
1482 796 1527 859 V.

248 903 589 968 commonefacerem
615 906 659 967 de
683 903 726 967 iis
749 904 1082 967 inconvenientibus
1103 914 1139 967 et
1154 904 1330 967 scandalis
1354 923 1446 986 quae
1477 922 1527 965 se·

246 1012 305 1094 qui
322 1032 429 1094 posse
441 1012 549 1074 video
562 1011 592 1075 si
603 1009 682 1073 S¹¹¹¹¹¹
695 1011 738 1073 D.
752 1011 795 1073 N.
807 1032 872 1092 per
886 1011 1146 1093 impositionem
1160 1011 1290 1075 silentii
1303 1013 1349 1073 de
1362 1030 1431 1092 qua
1455 1010 1526 1091 agi·

245 1140 331 1200 muS,
349 1118 551 1182 hominibus
567 1118 713 1182 istarum
729 1119 883 1201 partium
905 1118 1128 1182 occasionem
1146 1117 1285 1181 dederit
1301 1116 1528 1180 existimandi

245 1246 344 1289 suam
379 1223 613 1289 Sanctitatem
648 1236 742 1289 stare
779 1245 845 1308 pro
880 1225 1028 1289 Erasmo
1065 1227 1181 1307 (quem
1216 1227 1326 1288 multa
1356 1244 1527 1306 perversa

245 1333 430 1414 scripsisse
455 1333 687 1396 certissimum
711 1333 777 1414 est)
801 1333 973 1396 adversus
997 1333 1077 1396 illos
1094 1353 1242 1415 quorum
1259 1352 1370 1415 opera
1394 1329 1524 1394 factum

245 1451 299 1503 est
323 1450 360 1502 et
383 1440 542 1522 quotidie
565 1438 605 1503 fit
628 1451 667 1503 ut
689 1440 903 1502 Lutheranis
935 1460 1006 1503 non
1040 1441 1086 1502 sit
1109 1439 1259 1503 liberum
1282 1440 1317 1502 in
1341 1438 1396 1502 his
1419 1438 1526 1520 parti·

244 1550 311 1610 bus
335 1548 454 1629 (prout
477 1547 514 1609 in
538 1546 656 1609 multis
680 1546 771 1629 aliis)
795 1568 917 1610 omnes
941 1550 1150 1611 subvertere
1186 1556 1221 1611 et
1251 1547 1288 1610 in
1313 1546 1525 1610 sententiam

150 1650 154 1658 '
243 1674 319 1717 sum
344 1656 534 1716 attrahere.
581 1653 714 1716 Credat
737 1653 820 1716 mihi
845 1654 922 1718 R¹¹¹²
945 1653 1149 1717 Dominatio
1167 1654 1210 1717 V.
1236 1674 1306 1716 non
1332 1673 1410 1716 esse
1433 1655 1525 1715 adeo

243 1762 373 1823 multos
396 1760 433 1823 in
456 1761 511 1823 his
535 1760 697 1843 partibus
721 1760 781 1842 qui
808 1761 1022 1824 Lutheranis
1050 1782 1090 1824 se
1118 1761 1232 1824 libera
1255 1781 1345 1823 voce
1369 1759 1525 1823 obiicere

244 1868 357 1931 velint
381 1877 416 1931 et
439 1868 476 1931 id
499 1867 760 1931 rationabiliter
784 1867 933 1951 possint,
958 1878 996 1931 ut
1010 1868 1264 1950 imponendum
1287 1867 1332 1930 sit
1347 1867 1524 1930 silentium

243 1974 287 2037 iis
310 1974 371 2056 qui
394 1975 441 2038 ad
464 1976 533 2038 hoc
558 1974 632 2056 apti
664 1983 700 2037 et
723 1974 915 2038 voluntarii
947 1975 1186 2056 inveniuntur,
1220 1974 1524 2056 certissimumque

246 2090 301 2145 est
332 2102 404 2145 non
439 2101 547 2163 posse
580 2102 651 2145 non
684 2082 887 2163 improbare
921 2083 1030 2145 multa
1065 2082 1203 2145 Erasmi
1238 2080 1297 2167 (de
1328 2081 1525 2144 intentione

244 2188 321 2252 eius
345 2210 416 2252 non
441 2192 585 2271 loquor,
610 2209 715 2271 quam
740 2209 845 2272 spero
870 2192 1000 2251 bonam
1025 2191 1115 2269 esse)
1152 2210 1215 2252 eos
1250 2187 1309 2270 qui
1339 2208 1525 2271 synceram

242 2295 350 2360 fidem
373 2318 415 2360 ac
439 2296 651 2379 religionem
674 2299 839 2378 probant.
887 2296 993 2377 Quod
1009 2298 1037 2359 si
1061 2297 1112 2360 ita
1136 2306 1198 2373 est,
1224 2295 1327 2358 sicuti
1341 2296 1525 2358 verissime

242 2413 307 2484 est,
332 2424 394 2467 cur
418 2424 551 2485 quaeso
576 2404 812 2482 claudendum
836 2413 892 2467 est
915 2423 955 2466 os
979 2404 1049 2467 illis
1072 2403 1134 2485 qui
1158 2423 1201 2466 ea
1224 2403 1259 2465 in
1284 2403 1421 2465 Erasini
1443 2403 1523 2465 scri-

242 2510 313 2592 ptis
337 2512 522 2592 damnant,
547 2530 639 2594 quae
663 2511 709 2573 ab
733 2510 896 2572 Ecclesia
928 2521 962 2573 et
993 2531 1014 2573 a
1045 2511 1196 2573 veritate
1228 2510 1389 2593 damnari
1418 2510 1522 2573 mani-

241 2617 371 2681 festum
395 2627 466 2692 est;
492 2627 528 2681 et
551 2637 622 2680 non
646 2616 765 2699 potius
794 2637 917 2679 omnes
946 2617 1176 2699 permittendi
1207 2616 1267 2702 (ne
1301 2618 1416 2680 dicam
1446 2638 1522 2701 pro·

242 2722 410 2810 vocandi)
435 2734 473 2786 ut
496 2724 573 2787 sine
603 2733 770 2806 respectu
805 2744 1038 2806 personarum
1073 2724 1274 2804 veritatem,
1310 2744 1416 2806 quam
1448 2744 1521 2786 sen·

241 2832 343 2913 tiunt,
368 2834 501 2914 populo
526 2831 763 2895 annuncient?
818 2832 893 2894 Aut
924 2851 1015 2913 quae
1048 2830 1139 2894 ratio
1170 2831 1262 2895 sinat
1293 2841 1331 2895 ut
1363 2831 1455 2896 falsa
1487 2841 1523 2894 et

241 2938 438 3021 pernitiosa
473 2938 508 3001 in
544 2938 623 3001 aliis
658 2940 888 3018 damnentur,
925 2959 996 3001 non
1034 2941 1245 3003 damnentur
1279 2940 1314 3002 in
1350 2940 1522 3004 Erasmo?

242 3046 451 3109 Animamus
474 3045 653 3108 hominem
676 3047 722 3107 ad
746 3044 974 3107 scribendum
998 3057 1123 3109 contra
1148 3047 1359 3121 Lutherum;
1393 3060 1428 3112 et
1452 3049 1519 3112 iarn

241 3152 348 3216 audio
386 3174 465 3216 eum
503 3163 627 3217 contra
664 3149 980 3232 Oecolampadium
1018 3154 1062 3216 de
1098 3153 1320 3218 Eucharistia
1355 3157 1522 3238 scribere,

241 3261 305 3323 sed
329 3259 436 3323 timeo
461 3263 556 3342 quod
580 3262 689 3341 longe
713 3258 837 3322 melius
862 3269 957 3321 esset
974 3280 1053 3322 eum
1067 3261 1251 3324 dehortari
1264 3283 1310 3325 ne
1333 3264 1522 3346 quicquam

244 3347 337 3431 ultra
360 3366 542 3446 scriberet,
568 3366 635 3429 nisi
658 3365 751 3428 forte
768 3365 886 3428 omnia
902 3386 1003 3428 sacra
1027 3375 1063 3429 et
1084 3387 1235 3449 syncera
1251 3389 1329 3432 esse
1347 3372 1522 3434 credimus

242 3495 333 3557 quae
358 3475 416 3538 vel
440 3475 485 3536 de
509 3472 753 3552 confessione,
787 3474 846 3535 vel
881 3472 927 3535 de
963 3473 1076 3536 libero
1106 3475 1271 3557 arbitrio,
1307 3478 1366 3540 vel
1389 3478 1435 3542 de
1459 3499 1521 3542 esu

241 3581 398 3644 carnium
434 3591 470 3644 et
504 3589 682 3663 potestate
718 3599 781 3642 seu
823 3579 859 3641 vi
894 3580 1126 3644 humanarum
1161 3582 1451 3648 constitutionum
1486 3597 1522 3648 et

241 3687 412 3751 similibus
436 3688 620 3769 scripsisse
645 3685 809 3750 cernitur.
858 3685 963 3766 Quod
993 3687 1023 3751 si
1046 3688 1140 3751 forte
1165 3689 1225 3752 alii
1248 3691 1352 3754 aliter
1385 3695 1430 3755 de
1461 3695 1520 3756 ho·

240 3794 343 3857 minis
366 3794 508 3876 scriptis
532 3794 704 3874 sentiunt,
734 3812 803 3874 ego
838 3796 906 3855 hoc
935 3795 1049 3858 sentio
1074 3796 1170 3877 quod
1197 3797 1284 3878 dixi,
1317 3808 1425 3881 atque
1453 3801 1520 3863 hoe

242 3901 319 3963 sine
343 3900 549 3964 circuitione
581 3902 699 3964 clarae
724 3901 813 3963 R¹¹²²⁰
833 3901 892 3962 D¹¹¹
917 3901 960 3963 V.
992 3903 1168 3985 expressi;
1201 3923 1292 3985 quae
1323 3906 1398 3970 sive
1430 3910 1520 3971 haec

241 4027 321 4070 mea
355 4006 488 4089 scripta
521 4008 729 4089 probaverit
763 4007 838 4070 sive
863 4029 944 4087 non,
981 4029 1114 4089 quaeso
1150 4019 1189 4072 ut
1226 4013 1342 4075 nullus
1375 4026 1520 4095 praeter

241 4113 355 4196 ipsam
380 4135 422 4176 ea
446 4113 577 4196 videat,
615 4115 645 4178 si
680 4124 798 4178 tamen
831 4114 867 4177 in
903 4114 957 4177 his
992 4116 1155 4197 partibus
1184 4119 1316 4183 habere
1341 4120 1521 4185 desiderat

239 4221 401 4284 homines
424 4222 484 4302 qui
507 4221 693 4285 veritatem
718 4242 868 4304 syncere
893 4232 929 4285 et
953 4223 1028 4286 sine
1051 4223 1134 4287 fuco
1159 4227 1204 4287 ad
1220 4223 1351 4291 Sedem
1366 4229 1520 4310 Aposto-

239 4328 343 4391 licam
367 4329 540 4401 referant;
566 4349 655 4410 quos
679 4339 775 4392 certe
798 4328 1030 4411 paucissimos
1053 4330 1245 4414 inveniret,
1270 4334 1337 4397 nisi
1361 4356 1520 4418 eaquae

240 4437 330 4498 tales
355 4435 400 4498 de
424 4434 501 4498 aliis
525 4434 740 4516 scriberent,
771 4446 911 4500 secreta
941 4449 1176 4505 remanerent.
1224 4441 1274 4504 In
1290 4462 1425 4506 summa
1449 4465 1518 4527 ego

240 4539 370 4603 infide
394 4541 582 4622 probitatis
607 4552 642 4604 et
673 4542 867 4607 nobilitatis
899 4545 990 4607 ΚΜ
1012 4546 1055 4608 D.
1081 4546 1125 4609 V.
1158 4569 1214 4611 me
1250 4550 1329 4612 huic
1361 4554 1519 4632 periculo

240 4647 390 4731 exposui
415 4658 563 4731 propter
587 4648 761 4712 Christum
787 4649 934 4733 eiusque
956 4652 1073 4716 fidem.
1119 4651 1235 4737 Spero
1260 4658 1355 4738 quod
1379 4659 1456 4721 R¹¹¹⁸
1475 4662 1519 4723 D.

239 4756 283 4818 V.
309 4754 413 4818 fidem
438 4757 529 4819 hanc
553 4779 666 4820 meam
697 4778 767 4821 non
799 4757 906 4822 faciet
930 4761 1074 4824 irritam.
1125 4762 1190 4826 Cui
1219 4784 1275 4827 me
1303 4743 1429 4830 iteruin
1458 4771 1517 4830 hu·

239 4861 368 4930 militer
392 4865 612 4930 commendo.
658 4864 782 4928 Leodii
807 4865 959 4929 XXVII
983 4865 1150 4931 Octobris
1178 4890 1271 4952 ¹525·
