3559 5734
777 555 1024 618 0⁴35le

350 705 468 773 Ambo
498 707 550 773 illi
582 708 743 790 theologi
771 709 997 773 lovanienses
1028 709 1178 792 polliciti
1210 720 1291 773 sunt
1321 730 1360 774 se
1391 705 1541 794 amplius

261 837 331 878 non
356 816 599 880 nominaturos
622 815 804 879 Erasmum
828 817 1063 897 haereticum,
1097 818 1286 880 dummodo
1315 827 1433 880 tamen
1464 818 1541 899 ipse

260 944 281 986 a
304 923 500 988 mordendo
525 933 561 985 et
584 943 755 1005 perversa
779 923 971 987 scribendo
995 933 1188 1005 temperet;
1212 944 1292 987 meo
1317 924 1446 987 iudicio
1471 945 1540 986 am·

260 1028 353 1111 plius
377 1032 424 1092 ab
449 1030 500 1092 eis
524 1030 657 1112 requiri
682 1051 753 1092 non
778 1030 896 1094 debet.
955 1028 994 1092 Si
1023 1031 1109 1112 quid
1143 1031 1239 1093 aliud
1271 1041 1325 1094 est
1355 1031 1450 1112 quod
1486 1032 1542 1093 vel

259 1138 326 1198 hac
351 1136 386 1199 in
409 1157 459 1216 re,
484 1136 543 1198 vel
567 1136 600 1198 in
626 1136 697 1198 alia
721 1135 799 1199 S¹¹²¹¹⁸
817 1137 861 1199 D.
891 1137 934 1200 N.
963 1138 1021 1199 vel
1052 1138 1129 1200 Ru
1157 1137 1200 1200 D.
1231 1136 1274 1200 V.
1299 1138 1436 1200 interea
1461 1138 1541 1199 dum

259 1243 316 1306 hic
341 1263 460 1306 moror
482 1265 504 1306 a
527 1263 582 1305 me
607 1243 710 1323 velit,
747 1265 822 1306 sum
853 1244 899 1306 ad
933 1243 1068 1324 omnia,
1105 1244 1195 1308 sicut
1224 1246 1357 1326 debeo,
1395 1246 1538 1327 paratis-

261 1370 378 1413 s1mus
1162 1353 1170 1372 “

1148 1457 1342 1521 monnau
1360 1458 1472 1521 nerlu.

861 1994 936 2061 263.

263 2128 506 2208 Communitus
533 2128 670 2230 Progne
697 2128 829 2207 Buroni
856 2129 989 2230 Burgio
1019 2128 1155 2209 Orutori
1183 2126 1282 2209 Sedis
1310 2128 1543 2229 Apostolum.

660 2276 780 2345 (Aruer.
799 2275 847 2333 11.
868 2291 950 2349 capsa
967 2276 1030 2334 111.
1049 2276 1082 2334 ll.
1101 2276 1151 2349 17.)

747 2392 800 2461 (29.
823 2395 948 2444 Octobris
971 2393 1057 2462 1525.)

351 2527 543 2610 Magnifice
567 2527 866 2610 Nobilissimeque
891 2528 1062 2607 Domine,
1087 2528 1240 2592 Domine
1263 2527 1367 2591 nobis
1393 2527 1545 2609 plurima

263 2635 515 2699 benevolentia
539 2633 737 2697 conciliate.
783 2635 969 2698 Nobilitati
995 2635 1146 2697 Vestrae
1179 2635 1453 2698 eminentissime
1486 2639 1542 2698 ob·

263 2743 386 2826 sequia
409 2753 530 2806 nostra
556 2763 697 2824 semper
719 2743 754 2806 in
780 2743 944 2806 omnibus
968 2742 1193 2823 paratissima
1216 2742 1364 2805 dicimus
1389 2753 1424 2805 et
1439 2741 1544 2824 signi·

263 2850 418 2915 ficamus.
434 2849 593 2912 Certiore
611 2849 796 2912 didicimus
809 2862 1019 2931 argumento
1043 2849 1184 2912 virtutis
1201 2849 1307 2912 etiam
1324 2849 1546 2931 experientia

264 2957 495 3037 cognovimus
520 2954 780 3019 Sublimitatem
805 2957 971 3019 Vestram
997 2968 1030 3019 et
1048 2954 1350 3037 Magnificentiam
1368 2956 1545 3038 ‚singulari

264 3065 416 3146 quadam
451 3063 568 3144 gratia
602 3084 680 3125 cum
716 3074 865 3146 propter
898 3063 968 3126 alia
1002 3066 1128 3141 multa,
1165 3071 1237 3124 tum
1272 3083 1359 3125 vero
1393 3062 1545 3125 maxime

263 3181 411 3252 propter
445 3168 669 3233 Serenissimi
704 3170 821 3251 Regis
859 3171 1032 3233 Ludovici
1063 3169 1224 3249 Domini,
1256 3168 1400 3232 Domini
1435 3169 1546 3232 nostri

264 3276 525 3359 gratiosissimi,
561 3276 757 3339 arctissima
786 3296 918 3356 magna
950 3276 1092 3356 quidem
1118 3285 1153 3338 et
1177 3276 1377 3339 necessaria
1403 3277 1547 3358 negotia

265 3404 352 3466 erga
376 3383 544 3446 Boemiae
568 3384 739 3464 Regnum
762 3404 874 3465 usque
899 3386 989 3445 adeo
1015 3382 1135 3460 adfici,
1171 3384 1222 3446 uti
1253 3384 1415 3445 omnibus
1439 3387 1546 3446 rebus

264 3491 409 3553 utilibus
434 3500 469 3553 et
502 3489 661 3554 honestis
690 3490 727 3553 in
762 3491 923 3572 predicto
956 3490 1101 3552 Boemie
1134 3510 1247 3572 regno
1279 3490 1450 3553 ordinatis
1475 3492 1546 3553 Re·

265 3597 394 3679 gieque
418 3596 599 3660 Maiestati
622 3597 765 3659 Domini
789 3598 901 3661 nostri
926 3597 1170 3679 gratiosissimi
1194 3617 1259 3679 pro
1285 3596 1412 3660 futuris
1428 3609 1543 3681 gratu-

265 3705 374 3782 letur,
410 3723 481 3765 non
504 3702 682 3766 minimam
707 3724 848 3786 quoque
873 3704 955 3767 inde
980 3704 1158 3785 concipiat
1183 3705 1461 3767 consolationem
1486 3705 1546 3767 ubi

267 3830 331 3873 nos
355 3811 463 3873 multa
484 3819 583 3872 tenet
599 3810 823 3892 ambiguitas,
849 3811 934 3892 quin
950 3821 986 3872 et
999 3811 1106 3873 hodie
1132 3831 1273 3892 quoque
1291 3814 1415 3875 eadem
1430 3811 1547 3893 gratia

267 3917 446 3980 Nobilitas
474 3917 606 3979 Vestra
640 3937 728 3998 erga
761 3917 947 3980 Civitatem
982 3918 1296 3999 Metropolitanam
1328 3919 1546 4000 Pragensem

269 4045 337 4106 que
362 4024 464 4107 regni
489 4032 596 4105 caput
620 4035 655 4086 et
678 4025 739 4086 ubi
762 4024 905 4104 Regiae
930 4033 985 4086 est
1006 4024 1203 4087 Maiestatis
1229 4023 1343 4087 Sedes
1373 4035 1546 4088 teneatur.

268 4133 373 4195 Unde
397 4142 433 4194 et
457 4153 548 4193 nunc
573 4151 618 4195 ex
645 4152 688 4193 eo
719 4132 939 4213 potissimum
969 4151 1074 4213 quam
1104 4152 1169 4213 per
1192 4131 1392 4194 Eminentie
1416 4132 1547 4195 Vestre

268 4239 475 4321 diligentem
499 4258 645 4320 operam
669 4237 758 4300 fides
783 4258 869 4300 vera
893 4238 1079 4317 catholica,
1103 4238 1252 4319 pristina
1272 4238 1342 4301 iam
1362 4242 1457 4321 apud
1482 4259 1547 4301 nos

268 4344 329 4427 pia
361 4355 458 4408 certe
492 4356 529 4406 et
564 4354 688 4406 sancta
711 4346 845 4427 gaudet
869 4345 1044 4423 libertate,
1074 4343 1237 4424 ingentes
1261 4345 1399 4427 agimus
1423 4346 1546 4409 Excel-

267 4452 376 4515 lentie
406 4451 537 4514 Vestre
569 4451 704 4533 gratias
742 4461 778 4515 et
814 4454 1003 4532 habemus,
1035 4471 1076 4513 ac
1101 4450 1257 4513 futurum
1288 4462 1341 4514 est
1373 4462 1411 4514 ut
1442 4463 1547 4515 nacta

267 4561 481 4641 quandoque
506 4567 649 4640 gratum
674 4558 829 4621 faciendi
853 4558 1120 4641 opportunitate
1144 4579 1209 4639 pro
1232 4569 1355 4621 nostra
1378 4557 1471 4621 virili
1495 4580 1546 4622 re-

267 4667 433 4746 feramus
457 4666 539 4729 hinc
565 4675 619 4728 est
643 4675 681 4726 ut
705 4666 829 4728 sedulo
854 4685 1042 4746 cogemus,
1071 4686 1112 4728 ac
1145 4665 1252 4746 paulo
1277 4665 1464 4727 instantius
1488 4687 1546 4748 pe·

268 4784 383 4836 tamus
418 4793 487 4855 quo
524 4770 731 4834 Sublimitas
755 4772 886 4835 Vestra
919 4772 1009 4836 sicut
1045 4771 1143 4854 prius
1179 4770 1228 4832 ita
1263 4774 1320 4833 vel
1358 4773 1466 4834 hodie
1489 4793 1547 4835 res

268 4891 408 4948 nostras
432 4901 558 4942 curare
580 4880 617 4941 in
642 4879 780 4960 hiisque
804 4880 907 4942 nobis
931 4880 1064 4942 auxilio
1098 4899 1176 4941 esse
1200 4878 1287 4940 velit
1310 4889 1346 4940 et
1370 4880 1546 4960 dignetur.

1338 5001 1390 5065 36*
