3559 5734
714 508 962 564 <’·<{35'I3{>·0

199 655 379 719 Cardinali
403 676 444 718 ac
474 655 637 735 Johanne
663 662 699 716 et
722 652 864 718 Gentile
888 655 1125 718 Auditoribus
1148 657 1243 738 apud
1268 667 1349 719 acta
1373 678 1478 721 cause

199 761 435 844 inquisitionis
458 760 659 824 huiusmodi
683 760 852 841 exhibuit,
878 770 914 824 et
929 761 1059 824 deinde
1083 762 1153 824 alio
1177 763 1280 825 simili
1304 763 1479 827 citationis

199 869 315 931 edicto
347 868 507 932 similiter
542 869 588 932 ad
619 868 807 930 dicendum
837 877 873 930 et
905 869 1153 950 excipiendum
1185 880 1310 932 contra
1343 870 1412 933 illis
1443 880 1479 933 et

199 975 391 1038 videndum
409 996 471 1038 eos
486 975 624 1039 admitti
639 995 681 1038 ac
697 975 814 1037 iurare
830 975 957 1038 Testes
973 985 1044 1038 tam
1059 996 1166 1058 super
1190 977 1258 1039 illis
1275 998 1380 1059 quam
1404 987 1480 1040 tota

199 1103 308 1146 causa
332 1083 509 1145 huismodi
531 1085 577 1146 ab
601 1081 687 1164 ipsis
712 1082 960 1145 Cardinalibus
984 1084 1128 1146 decreto
1160 1093 1196 1146 et
1224 1094 1408 1166 emanato,
1437 1106 1477 1147 ac

199 1190 278 1273 pari
309 1191 415 1252 modo
446 1191 589 1271 publice
618 1188 728 1252 affixo
755 1199 790 1251 et
817 1190 939 1252 debite
968 1190 1169 1253 executioni
1197 1193 1410 1255 demandato
1437 1212 1479 1254 ac

199 1297 285 1379 ipsis
308 1297 474 1360 Testibus
499 1297 590 1360 sicut
613 1296 792 1380 prefertur
823 1297 897 1358 iam
927 1297 1079 1359 inductis
1114 1309 1151 1360 et
1169 1299 1311 1381 juratis,
1341 1309 1376 1361 et
1400 1319 1478 1362 con-

199 1404 337 1485 spectui
361 1406 555 1467 eorundem
580 1403 760 1466 Francisci
796 1413 832 1466 et
857 1404 1035 1466 Leonardi
1061 1404 1300 1469 Cardinalium
1334 1427 1477 1488 presen-

199 1512 282 1573 tatis
306 1521 342 1573 et
365 1532 431 1594 per
455 1532 516 1575 eos
540 1531 648 1594 super
672 1511 775 1574 dictis
800 1511 957 1574 articulis
981 1521 1016 1573 et
1040 1514 1216 1576 contentis
1239 1513 1275 1576 in
1300 1514 1361 1594 eiS,
1381 1515 1479 1595 prius

199 1639 241 1681 ac
267 1619 397 1681 deinde
421 1639 486 1701 per
514 1617 611 1700 ipsos
635 1618 833 1697 Johannem
866 1627 902 1680 et
937 1616 1115 1683 Gentilem
1147 1621 1341 1684 Auditores
1372 1622 1478 1684 etiam

201 1736 340 1788 secreto
365 1735 401 1788 et
424 1725 605 1806 sigillatim
631 1726 857 1807 examinatis,
886 1746 1078 1809 eorumque
1111 1729 1214 1790 dictis
1248 1741 1284 1791 et
1314 1728 1478 1810 depositi-

199 1833 326 1895 onibus
350 1832 385 1894 in
410 1831 552 1913 scriptis
575 1831 728 1896 fideliter
752 1833 925 1914 reductiS,
957 1833 1125 1916 ipsosque
1157 1835 1364 1915 posterioris
1395 1836 1478 1898 cita·

200 1938 305 2001 tionis
330 1940 462 2020 edicto,
488 1960 607 2002 coram
631 1939 717 2022 ipsis
742 1940 932 2002 Francisco
966 1939 1146 2004 Cardinali
1176 1962 1217 2004 ac
1250 1942 1413 2021 Johanne
1444 1956 1480 2005 et

199 2045 342 2109 Gentile
366 2047 602 2109 Auditoribus
626 2048 661 2108 in
686 2047 778 2110 illius
802 2047 953 2110 termino
978 2049 1194 2129 reproducto
1227 2058 1261 2111 et
1295 2048 1411 2112 citatis
1443 2050 1478 2111 in

201 2172 244 2214 eo
270 2153 447 2216 contentis
480 2174 545 2235 per
572 2154 670 2234 ipsos
689 2147 925 2216 'Franciscum
951 2153 1174 2220 Cardinalern
1208 2176 1249 2217 ac
1280 2155 1478 2235 Johannem

199 2268 235 2321 et
259 2257 437 2322 Gentilem
462 2260 656 2323 Auditores
688 2262 954 2323 contumacibus
977 2263 1162 2344 reputatis,
1194 2263 1308 2325 dictos
1332 2264 1478 2345 posteri-

199 2386 280 2429 ores
309 2367 478 2430 articulos
507 2367 666 2430 similiter
703 2369 749 2429 ad
786 2369 1011 2450 probandum
1046 2369 1183 2431 admitti
1221 2379 1257 2432 et
1291 2373 1480 2434 nonnullos

199 2474 289 2536 alios
322 2475 448 2537 Testes
484 2494 590 2556 super
622 2474 708 2556 ipsis
739 2474 996 2556 posterioribus
1026 2476 1183 2538 articulis
1207 2486 1243 2539 et
1266 2487 1342 2540 tota
1372 2499 1478 2541 causa

198 2580 399 2643 huiusmodi
433 2581 592 2644 similiter
624 2582 779 2662 induxit,
813 2592 848 2644 et
883 2584 930 2645 ad
961 2582 1148 2646 iurandum
1181 2584 1291 2666 recipi
1316 2586 1477 2666 obtinuit,

198 2699 304 2768 prout
327 2687 488 2751 similiter
511 2688 681 2767 iurarunt,
706 2698 741 2751 et
764 2689 915 2752 termino
940 2691 985 2752 ad
1015 2691 1170 2753 dandum
1203 2691 1478 2774 interrogatoria

199 2814 265 2875 pro
290 2794 429 2857 illorum
454 2795 617 2859 examine
642 2797 856 2877 competenti
880 2797 978 2879 prius
999 2801 1111 2878 lapse,
1129 2799 1321 2861 examinati
1336 2800 1479 2862 fuerunt

200 2902 303 2963 dictis
328 2912 363 2964 et
388 2902 670 2984 depositionibus
694 2923 815 2967 eorum
839 2904 875 2966 in
900 2904 1041 2986 scriptis
1064 2907 1198 2987 pariter
1221 2907 1386 2970 redactis.
1433 2907 1477 2969 Et

200 3009 341 3070 tandem
367 3008 435 3090 ipsi
468 3010 678 3074 Franciscus
707 3019 743 3073 et
774 3011 983 3075 Leonardus
1014 3012 1221 3076 Cardinales
1252 3014 1340 3076 actis
1371 3033 1478 3095 super

199 3116 381 3198 premissis
405 3116 509 3179 factis
534 3127 569 3179 et
592 3118 628 3180 in
653 3117 704 3179 eis
728 3120 906 3181 contentis
930 3140 995 3201 per
1019 3140 1081 3183 eos
1104 3119 1190 3181 visis
1219 3140 1261 3181 ac
1286 3120 1477 3202 diligenter

199 3221 384 3303 inspectis,
409 3245 449 3285 ac
475 3224 638 3287 omnibus
662 3235 698 3286 et
722 3224 871 3307 singulis
895 3246 964 3307 que
994 3227 1029 3288 in
1059 3246 1166 3289 causa
1197 3227 1293 3308 ipsa,
1327 3236 1407 3289 acta
1441 3237 1476 3290 et

199 3329 345 3392 actitata
368 3328 510 3392 fuerunt
535 3330 726 3412 diligenter
750 3339 785 3392 et
807 3342 972 3394 accurate
989 3353 1053 3414 per
1071 3353 1133 3395 eos
1147 3332 1252 3395 etiam
1268 3333 1478 3396 examinatis

200 3436 234 3497 in
251 3435 468 3498 Consistorio
493 3438 634 3519 prefato
658 3438 831 3519 premissa
854 3439 971 3502 omnia
988 3450 1024 3502 et
1043 3439 1183 3522 singula
1198 3441 1304 3503 etiam
1320 3441 1478 3503 Testium

203 3542 444 3624 depositiones
469 3565 587 3606 coram
611 3544 714 3607 nobis
738 3555 774 3608 et
789 3544 866 3608 aliis
882 3547 1149 3609 venerabilibus
1163 3546 1332 3611 fratribus
1349 3547 1478 3611 nostris

200 3660 321 3712 sancte
346 3649 511 3713 Romane
535 3650 694 3715 Ecclesie
718 3651 966 3715 Cardinalibus
990 3653 1173 3716 nobiscum
1196 3655 1284 3717 inibi
1308 3655 1476 3718 consisto-

199 3756 332 3819 rialiter
344 3758 560 3837 sedentibus,
575 3779 705 3841 magna
720 3780 798 3822 cum
814 3761 1016 3824 maturitate
1031 3763 1227 3824 retulerunt
1238 3773 1478 3843 exposuerunt

200 3873 235 3925 et
245 3874 443 3927 narrarunt.
469 3864 543 3927 Nos
554 3866 630 3928 visa
642 3867 861 3929 citationead
871 3868 1083 3930 audiendum
1098 3868 1308 3930 sententiam
1322 3880 1476 3932 nostram

199 3972 245 4032 ad
269 3971 359 4033 hanc
385 3971 478 4033 diem
502 3972 597 4035 facta
621 3994 663 4036 ac
687 3974 860 4036 relatione
876 3974 1075 4037 huiusmodi
1092 3976 1212 4038 audita
1228 3985 1262 4038 et
1286 3976 1476 4058 intellecta,

202 4098 244 4140 ac
278 4077 348 4140 illis
382 4087 417 4140 et
451 4078 529 4141 aliis
564 4100 633 4161 que
669 4101 714 4142 ex
742 4101 912 4162 processu
951 4091 986 4143 et
1014 4082 1296 4163 depositionibus
1320 4084 1476 4147 Testium

199 4184 398 4247 huiusmodi
410 4187 641 4266 resultabant,
655 4186 758 4249 simili
770 4188 973 4251 maturitate
988 4189 1146 4270 pensatis
1160 4199 1195 4252 et
1212 4189 1349 4252 libratis
1364 4212 1405 4253 ac
1431 4214 1476 4254 ex

200 4291 268 4354 illis
302 4294 397 4354 clare
431 4303 613 4374 comperto
644 4296 739 4375 quod
770 4294 931 4374 Julianus
962 4307 997 4358 et
1030 4296 1174 4358 Floreta
1198 4310 1366 4378 parentes
1390 4299 1475 4362 dicti

200 4397 282 4477 Julii
307 4399 430 4480 Electi,
446 4399 599 4481 fuerunt,
624 4402 706 4463 dum
731 4401 894 4464 viverent
918 4402 1067 4483 legitimi
1093 4402 1280 4483 Coniuges,
1306 4415 1342 4466 et
1358 4406 1472 4467 matri-

198 4505 354 4567 monium
377 4505 469 4568 inter
493 4527 531 4568 se
554 4528 620 4589 per
642 4510 755 4570 verba
777 4508 936 4589 legitime
961 4511 1006 4571 de
1030 4513 1187 4592 presenti
1211 4519 1474 4588 contraxerant,

199 4613 365 4694 quodque
390 4611 504 4674 dictus
518 4613 631 4692 Julius
647 4614 790 4676 Electus
813 4616 888 4676 iure
913 4615 1086 4697 dictante,
1118 4636 1238 4679 eorum
1263 4617 1354 4681 filius
1379 4640 1473 4682 natu*

199 4719 284 4781 ralis
308 4729 343 4781 et
367 4719 545 4802 legitimus
570 4721 710 4801 existit,
741 4723 909 4803 quodque
933 4732 1125 4805 propterea
1150 4727 1283 4787 nullum
1308 4727 1474 4790 natalium

200 4824 378 4889 defectum
401 4847 527 4908 passus
557 4827 640 4908 fuit,
669 4849 734 4891 nec
768 4829 920 4911 patitur,
950 4832 995 4892 de
1029 4830 1202 4894 dictorum
1236 4832 1476 4899 Cardinalium
