3559 5734
779 871 849 936 m

206 987 430 1088 Exemplum·
451 981 609 1088 Capituli
635 988 843 1068 1111333333
871 987 1033 1069 caesaria
1061 988 1107 1069 ed
1134 988 1266 1069 Ducem
1294 986 1417 1071 Sessae

541 1113 1079 1195 uwwmmuffim

548 1224 550 1235 '
574 1261 693 1335 (mu.
712 1260 761 1319 11.
780 1259 841 1334 up.
860 1260 923 1319 m
941 1261 974 1320 u.
992 1261 1047 1332 3.)

658 1381 745 1444 (Circa
765 1383 865 1431 Malum
888 1384 973 1445 1524.)

264 1524 406 1586 Ancora
422 1524 454 1586 ci
469 1524 517 1586 ha
535 1522 658 1586 scritto
673 1523 731 1587 un’
745 1525 836 1587 altro
853 1527 965 1587 breve
987 1544 1094 1607 supra
1110 1528 1144 1588 le
1159 1544 1242 1588 cose
1260 1525 1304 1588 de
1322 1524 1454 1589 Luther

170 1641 206 1693 et
230 1632 266 1693 la
289 1631 517 1702 conclusione
542 1633 608 1694 che
632 1652 670 1695 se
694 1632 713 1694 ὲ
737 1651 844 1714 presa
868 1633 925 1706 nel
949 1630 1072 1695 ultima
1094 1631 1190 1695 dicta
1210 1631 1393 1715 imperiale
1416 1632 1453 1695 in

169 1735 410 1819 Nurimberga
432 1757 500 1800 con
525 1740 560 1801 la
584 1736 804 1801 intimatione
829 1738 865 1800 di
889 1758 1006 1802 nuova
1030 1738 1127 1802 dieta
1151 1759 1173 1801 a
1197 1736 1304 1822 Spira
1328 1758 1393 1821 per
1420 1740 1454 1801 13

169 1846 429 1909 convocatione
453 1845 488 1907 di
513 1854 604 1908 tutta
628 1848 664 1909 la
686 1846 830 1909 natione
845 1843 1070 1926 Germanica,
1094 1866 1160 1930 per
1180 1846 1368 1910 attendere
1383 1847 1454 1910 alle

168 1971 253 2014 cose
277 1954 323 2014 de
348 1953 443 2015 dicto
466 1952 623 2016 Martino
647 1952 781 2015 Luther
810 1961 846 2017 et
870 1954 960 2015 altre
985 1953 1043 2016 del
1067 1953 1184 2016 Turco
1210 1961 1246 2016 et
1269 1954 1364 2016 dello
1389 1952 1452 2015 Im·

167 2059 271 2141 perio
296 2059 424 2123 dirette
449 2081 470 2123 a
494 2059 567 2123 Sua
591 2058 742 2142 Santita,
767 2061 833 2123 che
857 2059 889 2123 31
914 2059 936 2122 e
959 2060 1081 2123 doluta
1105 2059 1199 2123 assai
1224 2069 1349 2143 questa
1372 2080 1451 2123 con-

167 2166 359 2232 vocatione
391 2177 426 2230 et
449 2167 678 2231 conclusione
710 2169 865 2252 perche
890 2166 1055 2232 vediamo
1086 2170 1151 2231 che
1180 2166 1216 2230 di
1239 2168 1358 2249 quella
1381 2188 1452 2230 non
1509 2227 1511 2231 Α

165 2275 240 2355 pud
264 2273 387 2355 seguir
409 2294 448 2337 se
474 2295 544 2338 non
568 2273 745 2357 maggiori
768 2274 929 2338 scandali
954 2284 989 2337 et
1014 2272 1143 2354 errori,
1179 2273 1238 2337 alli
1263 2273 1358 2356 quali
1383 2274 1452 2336 Dio

166 2401 207 2443 sa
232 2390 365 2462 quanto
390 2382 449 2444 noi
473 2402 672 2446 vorremmo
697 2403 764 2446 con
788 2392 878 2446 tutte
903 2383 937 2446 le
961 2390 1082 2445 nostre
1105 2379 1203 2444 forze
1228 2382 1391 2462 ovviare,
1417 2391 1453 2445 et

165 2508 234 2569 per
267 2497 393 2569 questo
427 2488 550 2554 effetto
583 2491 775 2554 habbiamo
809 2492 1023 2553 comandato
1057 2489 1123 2551 che
1158 2486 1193 2549 di
1222 2500 1389 2570 presente
1422 2488 1452 2551 si

165 2594 324 2658 scrivino
348 2597 475 2659 lettere
498 2598 533 2660 al
557 2596 797 2660 Illustrissimo
813 2596 955 2661 Infante
980 2605 1102 2659 nostro
1126 2594 1280 2676 fratello,
1304 2597 1339 2658 al
1354 2595 1452 2677 Reg-

165 2702 339 2785 gimento,
365 2703 425 2766 3111
449 2704 600 2768 Elettori
623 2704 781 2788 Principi
805 2714 841 2768 et
865 2703 959 2767 Stati
983 2704 1041 2766 del
1066 2702 1207 2783 Impero
1232 2702 1392 2784 generali
1417 2713 1453 2766 et

164 2808 385 2891 particulari,
409 2813 444 2874 la
467 2811 571 2893 copia
591 2813 684 2875 delle
704 2812 800 2894 quali
814 2832 968 2875 saranno
985 2832 1051 2876 con
1068 2813 1103 2874 la
1122 2821 1291 2894 presente
1308 2833 1330 2875 a
1345 2832 1453 2876 causa

165 2919 200 2979 le
232 2916 390 2998 possiate
416 2926 588 2981 mostrare
619 2938 640 2980 a
664 2916 738 2981 Sua
762 2915 919 2990 Santita3
956 2929 991 2982 et
1021 2917 1154 3000 perche
1185 2917 1303 2999 putria
1333 2939 1452 2983 essere

165 3025 235 3086 che
265 3024 361 3086 dette
385 3024 490 3087 lettre
514 3045 584 3088 non
609 3024 787 3088 facessino
810 3025 831 3088 l’
847 3024 971 3090 effetto
1001 3028 1067 3089 che
1092 3025 1279 3089 converria
1302 3046 1368 3107 per
1391 3026 1450 3089 im·

164 3130 293 3212 pedire
317 3133 352 3194 la
376 3133 475 3194 detta
498 3133 767 3212 convocatione,
792 3142 828 3195 et
851 3153 873 3196 a
896 3132 957 3196 noi
981 3152 1026 3196 ne
1049 3132 1168 3215 potria
1189 3132 1331 3214 seguire
1355 3153 1450 3216 mag·

165 3235 248 3320 gior
278 3237 502 3320 displicentia
532 3238 568 3301 in
598 3223 678 3302 303Ι
694 3240 845 3303 obbedir
875 3225 944 3302 alle
969 3251 1090 3303 nostre
1114 3241 1219 3303 lettre
1250 3259 1350 3303 come
1381 3239 1449 3304 fec-

165 3345 272 3407 31030
305 3346 400 3409 dello
425 3344 536 3409 editto
561 3355 661 3409 tanto
690 3348 958 3410 solennemente
989 3347 1215 3428 promulgato
1247 3348 1343 3409 nella
1366 3346 1450 3410 citta

165 3452 203 3515 di
230 3451 469 3532 Wuormatia,
501 3463 540 3517 et
570 3453 735 3517 vedendo
767 3455 834 3516 che
865 3465 991 3536 questo
1022 3453 1113 3516 male
1137 3472 1259 3516 cresce
1283 3462 1383 3516 tanto
1415 3463 1451 3517 et

164 3558 280 3641 piglia
303 3562 352 3623 tal
378 3561 502 3643 vigore
533 3563 599 3624 che
623 3581 694 3623 non
719 3559 749 3623 si
772 3559 889 3642 potria
914 3559 1111 3643 extirparlo
1142 3581 1248 3624 senza
1271 3582 1341 3624 uno
1366 3561 1450 3625 delli

166 3666 228 3730 dui
253 3667 410 3746 remedii,
435 3689 456 3730 0
480 3688 547 3731 303
572 3669 607 3732 la
630 3667 811 3751 presentia
836 3676 958 3730 nostra
981 3687 1047 3750 per
1070 3666 1258 3750 gastigarli
1276 3666 1450 3749 rigorosa-

164 3783 296 3855 mente,
321 3777 355 3838 la
379 3776 462 3855 qual
487 3795 557 3837 non
581 3774 700 3856 potria
723 3794 841 3838 essere
866 3784 966 3838 tanto
983 3784 1117 3856 presto,
1141 3793 1163 3835 0
1184 3774 1249 3837 che
1266 3774 1295 3837 si
1311 3774 1450 3838 facesse

166 3903 237 3945 una
261 3882 519 3945 convocatione
544 3882 577 3945 d‘
592 3902 639 3943 un
663 3880 815 3944 concilio
839 3881 1010 3963 generale
1029 3900 1095 3963 per
1120 3880 1302 3944 eradicare
1324 3889 1450 3962 questa

165 3999 259 4053 setta
283 4010 351 4053 con
375 3988 524 4071 ragione
548 4000 584 4052 et
608 3987 776 4070 giustitia,
801 3990 834 4052 el
858 3989 941 4070 qual
966 3987 1076 4051 siamo
1101 3987 1246 4050 resoluti
1269 3985 1449 4050 rimettere

165 4119 188 4161 a
211 4095 286 4161 Sua
310 4093 466 4178 Santita,
498 4095 665 4159 accioche
690 4116 810 4179 vegga
842 4104 877 4158 et
908 4115 1064 4159 conosca
1091 4096 1263 4176 quelche
1295 4093 1319 4155 li
1343 4095 1449 4175 parra

165 4203 297 4287 meglio
330 4201 520 4266 debbiamo
551 4202 607 4265 far
629 4204 690 4266 dal
717 4214 821 4266 canto
846 4211 969 4265 nostro
999 4200 1131 4284 perche
1162 4220 1233 4264 non
1257 4200 1448 4266 habbiamo

166 4332 187 4375 a
211 4330 378 4375 mancare
409 4330 476 4374 con
508 4311 543 4373 la
567 4312 699 4391 robba,
734 4330 800 4372 con
825 4310 849 4372 li
874 4309 958 4371 stati
988 4317 1024 4374 et
1047 4317 1170 4372 nostra
1193 4307 1340 4391 propria
1369 4328 1447 4391 per·

166 4439 255 4482 sona
279 4438 380 4482 come
403 4420 524 4480 buono
550 4426 585 4480 et
602 4437 687 4480 vero
707 4416 843 4499 figliolo
868 4415 904 4477 di
921 4413 995 4479 Sua
1009 4413 1151 4479 Santita
1174 4425 1209 4478 et
1225 4416 1320 4478 della
1336 4411 1448 4478 Santa

166 4523 280 4605 Sede,
316 4526 350 4588 al
373 4523 531 4588 remedio
564 4523 600 4586 di
623 4537 749 4605 questo
780 4532 879 4586 tanto
904 4522 1070 4586 evidente
1101 4524 1220 4585 danno
1252 4521 1348 4584 della
1370 4521 1447 4584 reli-

165 4632 273 4714 gione
296 4642 430 4715 quanto
453 4631 489 4693 in
513 4630 571 4693 noi
588 4632 668 4694 sara
691 4629 862 4713 possibile
886 4640 922 4693 et
942 4632 979 4693 la
992 4626 1066 4692 Sua
1082 4627 1223 4693 Santita
1239 4629 1448 4692 deliberassi

166 4749 202 4803 et
224 4741 249 4804 li
273 4739 425 4822 piacessi
449 4738 485 4801 di
500 4747 674 4803 mostrare
697 4739 763 4801 che
779 4739 862 4800 vuol
886 4736 1110 4820 complacere
1132 4757 1154 4798 a
1169 4737 1287 4818 quella
1303 4735 1447 4799 natione

166 4848 201 4912 in
222 4866 423 4912 convocare
443 4848 475 4910 el
496 4846 646 4910 30331110
664 4845 864 4910 universale
886 4843 922 4905 di
942 4852 1034 4907 tutta
1050 4845 1085 4906 la
1100 4842 1327 4906 Christianita
1347 4862 1446 4909 come
