3559 5734
818 487 1066 545 &mih-0

391 636 494 700 Circa
518 637 551 700 el
575 636 751 719 procedet
782 637 840 699 del
863 614 1084 718 Regimento
1117 634 1151 699 in
1177 634 1324 719 Eslinge
1349 644 1384 700 et
1408 638 1466 702 del
1490 637 1586 702 Mar-

301 746 408 808 chese
443 745 478 806 di
503 745 605 808 Bada
635 743 660 806 il
691 741 925 807 Serenissimo
958 741 1123 824 Principe
1158 743 1205 806 ha
1237 743 1359 808 scritto
1394 744 1430 807 in
1462 747 1588 809 buona

301 852 425 932 forme,
451 861 487 914 et
510 855 581 913 cosi
607 850 653 913 mi
678 850 794 912 scrive
818 851 850 912 el
876 848 1004 914 noncio
1029 850 1075 914 de
1098 850 1273 932 Inspruck
1298 861 1334 913 et
1357 852 1526 934 risponde
1551 853 1588 916 el

302 958 469 1040 Principe
494 977 593 1020 come
618 957 653 1019 13
676 956 810 1019 vedere
836 976 902 1038 per
925 957 960 1021 13
984 977 1057 1022 soa.

392 1064 421 1126 Il
444 1063 601 1127 Rorario
625 1065 672 1125 ha
695 1064 828 1126 havuto
853 1064 887 1126 le
912 1064 1016 1127 lettre
1042 1065 1101 1127 del
1124 1066 1344 1129 Reverendo
1368 1066 1518 1129 Deterio
1551 1075 1590 1130 et

302 1174 413 1234 breve
438 1171 474 1231 di
490 1169 621 1233 Nostro
637 1167 803 1253 Signore‚
828 1189 893 1252 per
914 1171 947 1232 el
963 1171 1277 1234 Reverendissimo
1295 1171 1590 1254 Saltzburgense,

303 1288 339 1342 et
362 1279 565 1341 mandatolo
590 1297 655 1359 per
680 1279 800 1341 lhomo
829 1297 893 1339 suo
927 1296 1101 1359 appresso
1125 1277 1150 1341 il
1173 1277 1352 1361 principe;
1384 1301 1441 1342 me
1475 1281 1589 1344 credo

305 1406 375 1448 non
399 1384 522 1448 veniri
558 1385 669 1447 sendo
701 1386 735 1447 le
769 1405 852 1448 cose
882 1385 918 1446 in
951 1384 1091 1448 termini
1119 1385 1187 1448 che
1217 1406 1314 1449 son0.
1370 1386 1442 1450 Tre
1477 1387 1591 1468 quelli

304 1491 462 1557 huomini
488 1492 579 1553 dotti
603 1490 684 1554 chio
707 1490 846 1568 scrissi,
883 1511 954 1554 non
979 1492 1085 1554 credo
1117 1492 1184 1555 che
1214 1492 1246 1554 ci
1270 1492 1323 1555 sie
1354 1495 1480 1557 alcuno
1511 1504 1591 1556 atto

304 1621 370 1682 per
393 1601 428 1662 13
451 1609 528 1661 rota
554 1609 589 1662 et
624 1617 737 1679 penso
769 1598 848 1661 seri
881 1596 1026 1660 difficile
1061 1598 1250 1662 ritrovarlo
1286 1619 1352 1681 per
1382 1600 1415 1661 le
1445 1599 1592 1677 regioni

307 1709 397 1769 altre
421 1707 517 1768 volte
543 1704 692 1787 scripte;
717 1724 785 1786 pur
808 1724 853 1767 ne
876 1703 956 1767 fero
981 1704 1176 1788 diligentia.

394 1812 497 1876 Circe
527 1812 550 1874 li
581 1821 685 1875 cento
716 1811 877 1892 gravami
910 1820 946 1874 et
977 1813 1011 1875 13
1049 1820 1135 1875 nota
1164 1813 1230 1874 che
1265 1811 1311 1875 mi
1342 1813 1389 1875 ha
1416 1814 1592 1876 mandato

304 1921 437 1984 vostra
460 1917 627 2001 Signoria
651 1920 696 1981 de
721 1918 836 2000 questi
861 1918 1169 1982 Reverendissimi
1183 1916 1329 2002 Signori
1352 1919 1526 2001 deputati,
1552 1920 1592 1984 io

304 2028 466 2090 rimando
481 2028 580 2094 detta
599 2036 683 2089 nota
701 2034 737 2089 et
753 2026 872 2107 quello
889 2026 955 2088 che
969 2024 1064 2087 circa
1077 2024 1132 2087 01ὸ
1145 2025 1192 2088 mi
1208 2045 1354 2088 occorre
1372 2025 1408 2088 in
1423 2025 1593 2108 risposta.

395 2134 452 2196 Ho
476 2133 609 2196 havuto
634 2133 742 2195 molto
768 2141 959 2211 contento,
993 2134 1059 2194 che
1091 2153 1112 2195 3
1144 2129 1217 2194 Sua
1242 2130 1383 2195 Santite
1413 2134 1465 2195 sia
1488 2133 1593 2197 satis-

306 2243 396 2305 fatte
420 2250 546 2322 queste
565 2249 697 2302 venuta
713 2239 784 2302 mia
799 2238 834 2301 in
848 2238 1036 2320 Hungaria
1053 2240 1146 2302 dove
1161 2240 1208 2301 mi
1226 2239 1377 2320 tornare,
1402 2241 1593 2322 seguendo

305 2350 328 2412 li
353 2347 511 2430 dissegni
527 2346 693 2424 00000111,
719 2345 775 2408 far
792 2348 875 2427 quel
890 2344 1021 2426 meglio
1034 2345 1115 2407 chio
1130 2348 1235 2425 petro
1260 2357 1296 2409 et
1311 2347 1392 2409 chio
1409 2365 1448 2409 so
1467 2367 1593 2411 essere

306 2476 441 2520 summo
466 2454 644 2518 desiderio
669 2453 705 2516 di
730 2451 803 2517 Sua
827 2453 1073 2531 Beatitudine‚
1106 2462 1142 2515 et
1173 2462 1290 2534 certo,
1325 2454 1391 2516 che
1420 2455 1593 2518 andando

306 2573 431 2646 queste
455 2582 538 2625 cose
563 2561 599 2624 di
623 2562 772 2623 Boemie
795 2561 855 2642 piu
880 2560 1016 2642 lunghe
1041 2558 1120 2621 chio
1146 2580 1216 2622 non
1241 2562 1413 2640 credam,
1438 2581 1509 2624 non
1534 2583 1592 2625 sa·

307 2673 417 2734 rebbe
442 2678 535 2732 stato
559 2688 625 2750 pro
651 2668 824 2749 dignitate
849 2666 1083 2748 Apostolicae
1114 2663 1220 2729 Sedis
1249 2667 1328 2731 chio
1352 2668 1399 2730 mi
1423 2667 1511 2731 fussi
1534 2689 1592 2731 re·

307 2787 400 2840 stato
425 2786 525 2839 tanto
548 2785 669 2858 tempo
693 2773 730 2836 in
744 2773 883 2835 Vienna
908 2793 1013 2835 senza
1037 2774 1128 2835 altra
1152 2773 1413 2856 negociatione,
1438 2776 1504 2838 che
1527 2777 1593 2857 qui

307 2886 341 2948 31
365 2884 515 2947 mancho
540 2903 603 2945 son
629 2901 696 2963 pur
720 2879 861 2942 stimulo
894 2901 915 2940 a
939 2889 1063 2960 queste
1088 2899 1170 2943 cose
1194 2879 1341 2943 insieme
1365 2884 1421 2944 col
1445 2881 1594 2946 Barone

308 2999 345 3054 et
367 2990 463 3053 forse
487 3008 553 3070 per
576 2987 804 3070 importuniti
828 2997 952 3049 nostra
976 2996 1012 3049 et
1035 3006 1223 3069 vergogna
1247 2988 1324 3050 loro
1348 2989 1377 3051 si
1398 2988 1475 3052 fari
1490 2992 1592 3072 qual·

307 3101 372 3161 che
397 3116 481 3159 cosa
503 3095 565 3177 pin
590 3094 626 3156 di
650 3096 769 3176 quello
793 3095 859 3156 che
883 3092 913 3156 si
937 3093 1031 3155 saria
1055 3092 1158 3158 fatto,

397 3204 501 3268 Circe
523 3203 548 3265 li
580 3201 783 3263 andamenti
808 3202 852 3263 de
877 3199 979 3262 [talia
1004 3209 1101 3262 certo
1127 3200 1145 3262 ὲ
1169 3220 1259 3282 gran
1285 3202 1494 3283 maraviglia
1522 3206 1594 3266 che

307 3321 407 3376 tanto
443 3311 556 3374 stiano
587 3308 622 3370 in
659 3307 798 3371 bilanzo
831 3316 955 3369 contra
983 3307 1101 3388 quello
1136 3308 1201 3369 che
1240 3307 1269 3370 si
1301 3307 1511 3371 existimatve
1541 3311 1593 3372 da

308 3439 469 3502 ognun03
502 3416 610 3479 credo
635 3416 700 3477 che
732 3436 753 3478 3
789 3415 982 3495 questhore
1011 3413 1047 3475 in
1082 3413 1183 3476 ltalia
1215 3414 1268 3476 sia
1297 3417 1329 3478 el
1360 3424 1455 3479 resto
1489 3416 1533 3478 de
1567 3417 1593 3480 li

308 3524 410 3589 Dieci
433 3524 516 3587 mile
538 3522 772 3600 Lanzchenet,
797 3541 854 3583 ma
877 3540 949 3582 non
974 3539 1013 3582 so
1039 3529 1171 3600 quanto
1197 3524 1413 3584 bastarenno
1441 3522 1487 3583 ad
1510 3522 1594 3585 unir

309 3636 342 3697 le
366 3632 463 3694 forze
487 3630 651 3708 Cesaree‚
675 3629 740 3690 che
766 3627 796 3689 si
820 3636 977 3690 mettano
1009 3626 1044 3688 in
1077 3646 1278 3708 compagne
1309 3637 1344 3691 et
1375 3648 1593 3692 soccorrano

309 3740 438 3812 Pavia3
464 3744 500 3800 et
525 3756 593 3798 non
618 3735 648 3798 si
671 3734 842 3813 facendo,
874 3743 911 3796 et
938 3733 1168 3815 procedendo
1201 3734 1370 3797 Francesi
1398 3754 1443 3797 ne
1466 3736 1501 3795 13
1524 3735 1592 3799 Im·

310 3866 417 3930 prese
441 3855 476 3906 et
500 3851 625 3905 contra
650 3841 780 3924 Napoli
811 3861 881 3902 non
915 3842 1007 3901 vedo
1040 3841 1123 3920 qual
1152 3839 1205 3902 sia
1228 3840 1252 3903 il
1277 3841 1444 3922 pensiero
1468 3840 1504 3904 di
1528 3841 1593 3905 Ce-

310 3973 408 4030 sare,
444 3972 482 4013 se
517 3949 614 4012 forse
649 3967 719 4010 non
753 3948 893 4010 vedeno
930 3954 965 4008 et
996 3945 1191 4009 intendano
1227 3947 1251 4009 il
1276 3947 1334 4010 Re
1360 3968 1430 4010 non
1465 3957 1594 4030 potere

310 4058 485 4124 sostenire
497 4065 597 4118 tanta
609 4056 764 4137 impresa
779 4064 815 4117 et
831 4074 947 4135 spese.
994 4053 1024 4115 Il
1048 4053 1114 4116 che
1138 4053 1185 4114 da
1201 4055 1236 4115 13
1252 4065 1355 4136 perte
1380 4075 1443 4117 soa
1457 4057 1596 4119 anchor

311 4186 380 4230 non
406 4166 424 4227 ἐ
448 4163 566 4242 facile,
591 4174 627 4224 et
650 4162 699 4224 tal
725 4181 807 4223 cosa
831 4163 1008 4243 potrebbe
1032 4160 1087 4223 far
1111 4161 1241 4222 cadere
1257 4159 1292 4222 in
1309 4181 1390 4222 man
1406 4161 1442 4224 di
1459 4161 1606 4238 Nostro

311 4271 466 4355 Signore
482 4271 563 4352 quel
587 4270 652 4332 che
677 4277 932 4331 summamente
957 4265 1029 4348 egli
1047 4265 1212 4330 desidera
1229 4266 1317 4344 eice,
1342 4269 1408 4330 che
1424 4270 1592 4332 ascoltes-

310 4380 386 4443 sino
411 4399 476 4461 per
500 4376 675 4440 necessita
701 4374 725 4438 11
742 4374 820 4438 suoi
843 4373 935 4437 santi
960 4371 1101 4454 ricordi‚
1125 4372 1149 4435 li
1174 4373 1269 4454 quali
1285 4373 1322 4435 di
1338 4376 1459 4436 buono
1474 4375 1594 4439 animo

311 4486 364 4549 sin
391 4484 450 4568 qui
474 4505 546 4547 non
571 4503 636 4564 par
660 4483 726 4544 che
750 4483 879 4558 edane,
905 4481 970 4544 che
995 4480 1065 4544 Dio
1089 4481 1124 4545 10
1148 4480 1280 4561 voglia.

399 4590 526 4655 Scrissi
545 4590 625 4653 nell'
642 4589 763 4651 ultime
779 4587 848 4650 mie
866 4590 934 4650 doe
955 4587 1080 4669 parole
1102 4587 1147 4650 de
1170 4588 1205 4649 13
1224 4607 1308 4650 cose
1331 4587 1594 4652 hildesemense

311 4710 348 4763 et
387 4696 528 4761 mandai
561 4716 631 4759 uno
666 4694 807 4757 ricordo
844 4693 939 4756 circe
971 4694 996 4756 il
1026 4694 1131 4756 modo
1163 4693 1200 4755 di
1229 4713 1444 4776 componere
1475 4698 1595 4777 quelle

311 4805 513 4873 differentia
535 4807 668 4867 havuto
694 4803 752 4864 del
776 4801 961 4884 preposito
985 4801 1255 4870 hildesemense
1277 4802 1342 4863 che
1375 4800 1413 4864 fu
1446 4801 1505 4884 qui
1528 4822 1595 4884 per
