3559 5734
803 1016 877 1084 254.

542 1144 699 1226 ioannes
726 1142 836 1223 Fabri
864 1142 1036 1223 Clementi
1063 1142 1143 1221 VII.

633 1298 733 1373 (rpus
751 1297 871 1372 annus
889 1298 940 1356 111.
960 1298 1031 1371 aaa)

721 1435 755 1492 [9.
777 1428 850 1492 Sept.
873 1437 959 1490 1525.t

288 1607 411 1669 Multis
435 1608 543 1669 credo
569 1605 778 1668 testimoniis
804 1614 968 1668 constare
992 1615 1161 1687 quantum
1184 1626 1251 1687 pro
1276 1605 1367 1668 virili
1400 1626 1480 1669 mea

199 1723 324 1776 contra
348 1712 654 1778 Lutheranismum
679 1723 717 1774 ut
740 1713 800 1776 ille
825 1733 844 1774 e
868 1712 1006 1794 piorum
1030 1712 1206 1776 mentibus
1227 1714 1479 1776 adversaretur

199 1821 386 1901 adhucque
410 1821 523 1884 illaesi
549 1822 594 1883 ab
619 1840 662 1884 eo
686 1830 1021 1901 praeservarentur,
1055 1840 1163 1901 porro
1196 1819 1265 1882 iam
1299 1820 1359 1883 illo
1384 1821 1476 1881 labe·

200 1927 324 1989 iactati
348 1927 627 2007 restituerentur,
657 1927 914 2000 laboraverim;
939 1927 974 1989 id
999 1929 1094 2008 quod
1119 1926 1223 1989 etiam
1247 1946 1318 1989 non
1343 1937 1414 1989 tam
1442 1926 1477 1989 in

199 2034 413 2098 serenissimi
437 2034 610 2118 principis
633 2034 701 2097 mei
726 2034 940 2097 Archiducis
964 2034 1132 2097 Austriae
1156 2036 1254 2116 aula,
1290 2054 1412 2096 verum
1442 2044 1478 2095 et

199 2141 412 2224 ubicumque
436 2144 593 2205 locorum
618 2142 681 2205 sim
697 2141 799 2204 facin.
847 2139 919 2205 Sed
936 2153 1032 2205 certe
1048 2141 1159 2223 serpit
1173 2144 1242 2204 hoc
1266 2142 1316 2204 ita
1338 2143 1478 2220 malum,

201 2250 296 2312 utin
322 2252 430 2312 horas
454 2249 567 2331 magis
591 2249 775 2331 magisque
807 2265 970 2311 crescere
998 2247 1179 2329 videatur,
1210 2248 1352 2311 tametsi
1383 2258 1478 2310 totus

200 2357 268 2420 iam
293 2357 390 2420 orbis
423 2357 507 2438 quid
539 2357 668 2420 veneni
700 2358 733 2420 in
767 2378 805 2419 se
837 2358 969 2418 habeat
997 2376 1068 2419 non
1100 2356 1205 2418 modo
1236 2375 1308 2418 non
1339 2354 1479 2418 noverit

201 2465 265 2528 sed
288 2474 325 2527 et
347 2467 443 2527 bona
467 2484 550 2546 pars
573 2463 678 2527 huius
702 2485 766 2526 suo
784 2484 861 2526 cum
879 2461 1039 2545 periculo
1058 2462 1219 2527 senserit.
1266 2461 1362 2543 Quot
1385 2461 1478 2525 enim

204 2593 248 2633 ex
274 2592 317 2634 eo
341 2574 435 2634 malo
459 2572 588 2634 caedes
612 2571 862 2652 provenerint,
898 2581 983 2651 quot
1014 2569 1144 2632 viduae
1169 2579 1325 2652 quotque
1353 2567 1478 2652 pupilli

201 2678 282 2740 hinc
307 2677 437 2740 redditi
462 2677 542 2757 sint,
566 2678 666 2740 novit
689 2679 758 2739 heu
783 2676 986 2756 Germania,
1010 2676 1133 2758 inqua
1156 2681 1203 2740 ob
1227 2677 1262 2739 id
1287 2677 1356 2740 iam
1370 2678 1479 2759 longe

201 2787 294 2848 ultra
318 2794 470 2848 centena
495 2784 590 2847 milia
613 2785 790 2847 hominum
815 2787 1016 2847 occubuere
1050 2794 1086 2847 et
1109 2786 1225 2848 adhuc
1256 2785 1292 2847 in
1323 2784 1399 2847 dies
1423 2805 1478 2847 oc·

202 2894 380 2955 cumbunt.
426 2891 506 2954 Non
530 2891 704 2973 potuisset
726 2893 794 2954 hoc
818 2911 889 2954 uno
906 2891 1018 2955 maius
1035 2902 1070 2954 et
1085 2890 1313 2973 pernitiosius
1335 2891 1479 2974 aliquod

201 3011 273 3062 tam
296 2999 332 3061 in
356 2999 549 3061 animarum
574 3020 678 3080 quam
701 2999 796 3062 vitae
820 2999 999 3062 bominum
1023 2999 1194 3062 iacturam
1218 2999 1347 3062 enasci.
1394 2998 1478 3062 Cae·

201 3118 314 3169 terum
340 3127 410 3169 non
434 3105 576 3188 ignorat
600 3103 635 3169 S.
662 3106 705 3168 V.
730 3115 862 3168 utnon
888 3106 1011 3168 dubito
1036 3105 1196 3169 comitias
1215 3105 1417 3187 imperiales
1433 3106 1477 3167 ad

203 3215 295 3277 diem
321 3211 356 3276 Si
384 3212 529 3276 Martini
560 3213 722 3294 proxime
753 3213 907 3275 futurum
939 3213 1126 3292 Augustae
1151 3212 1359 3277 Vindelicae
1390 3215 1479 3275 cele·

202 3323 358 3384 brandas
382 3341 461 3383 esse
485 3319 652 3398 indictas,
687 3320 721 3382 in
755 3320 881 3401 quibus
905 3322 1029 3401 procul
1055 3320 1163 3382 dubio
1188 3319 1253 3382 nisi
1278 3329 1479 3402 opportune

204 3429 388 3507 renitatur,
401 3430 511 3490 multa
520 3448 585 3508 pro
593 3427 740 3489 Lutheri
748 3426 925 3489 sententia
937 3427 1197 3499 tractabuntur;
1209 3427 1407 3489 consultum
1419 3426 1480 3488 ita·

202 3556 271 3617 que
302 3533 385 3597 mihi
416 3533 558 3596 omnino
590 3533 770 3596 videretur
802 3542 841 3594 ut
864 3530 900 3596 S.
927 3532 960 3593 V
963 3580 970 3595 .
995 3533 1135 3595 interim
1160 3532 1374 3596 Germaniae
1399 3532 1477 3615 Epi·

204 3662 332 3723 scopos
355 3643 559 3704 hortaretur
582 3660 652 3720 quo
677 3640 820 3704 selectis
844 3660 890 3702 ex
915 3659 979 3702 suo
1003 3640 1100 3703 clero
1136 3640 1342 3703 doctoribus
1373 3639 1480 3703 iidem

203 3747 434 3812 convenirent
459 3756 494 3810 et
518 3748 563 3810 de
587 3746 734 3810 Lutheri
758 3746 977 3828 aliorumque
1003 3748 1245 3826 consimilium,
1270 3747 1479 3829 praesertim

205 3854 427 3935 Carlostadii,
451 3853 593 3937 seriptis
624 3853 738 3936 magis
771 3852 945 3936 suspectis
976 3854 1201 3917 confutandis
1229 3854 1480 3918 deliberarent.

204 3961 312 4025 Dedit
336 3971 371 4024 et
395 3960 478 4023 mihi
502 3960 744 4024 serenissimus
768 3961 935 4043 princeps
967 3981 1065 4022 meus
1097 3963 1143 4023 ad
1176 3960 1311 4042 aliquot
1341 3973 1481 4043 tempus

205 4090 261 4132 me
285 4071 332 4131 ab
356 4069 437 4131 aula
461 4066 682 4147 absentandi,
706 4077 744 4129 ut
768 4066 878 4130 sacris
902 4066 1013 4129 literis
1037 4068 1253 4131 commodius
1276 4068 1480 4133 incumbere

203 4176 345 4257 possim,
370 4174 527 4256 copiam;
553 4174 646 4255 quod
671 4186 709 4235 ut
733 4174 865 4255 optime
890 4176 1085 4238 collocetur
1109 4176 1223 4237 nullas
1256 4176 1349 4239 vires
1380 4198 1479 4258 prae-

204 4282 413 4356 termittam;
438 4281 579 4343 fuerunt
604 4279 766 4361 profecto
791 4292 827 4343 et
850 4291 941 4361 sunt,
961 4291 999 4344 ut
1013 4281 1200 4344 veritatem
1217 4281 1329 4345 libere
1346 4283 1481 4363 loquar,

206 4389 419 4452 Germaniae
443 4387 614 4470 Episcopi
637 4387 722 4449 satis
746 4387 780 4449 in
805 4388 872 4450 bac
897 4408 936 4450 re
961 4387 1195 4470 negligentes
1220 4387 1341 4451 forsan
1367 4389 1479 4469 gravi·

203 4506 277 4560 tate
300 4495 351 4560 rei
376 4494 547 4576 exterriti,
573 4506 610 4556 ut
634 4493 787 4556 animum
811 4492 1018 4576 abiecerint,
1032 4495 1126 4557 unde
1141 4494 1273 4557 factum
1289 4506 1327 4557 ut
1343 4515 1481 4557 omnem

202 4603 279 4665 fere
303 4621 401 4665 suam
426 4600 703 4664 iurisdictionem
727 4601 909 4664 amiserint
932 4613 968 4665 et
991 4602 1059 4664 iam
1084 4601 1284 4683 proximum
1317 4604 1413 4683 quod
1446 4613 1482 4665 et

204 4728 324 4772 eorum
349 4708 506 4791 dignitas
530 4718 637 4788 atque
661 4705 817 4770 officium
841 4707 875 4770 in
902 4707 1046 4770 nihilum
1070 4709 1264 4788 redigatur.
1311 4708 1411 4773 Haec
1437 4711 1482 4772 ad

204 4814 240 4879 S.
266 4815 310 4878 V.
334 4815 558 4897 perscribere
581 4816 679 4878 volui
703 4825 741 4876 ut
764 4814 982 4897 intelligeret
1015 4837 1070 4878 me
1104 4815 1228 4878 salutis
1261 4836 1345 4879 suae
1370 4827 1406 4880 et
1430 4839 1481 4880 sa·

203 4932 412 4986 crosanctae
441 4921 659 5004 apostolicae
691 4919 796 4984 Sedis
824 4941 896 4984 non
927 4921 1041 4984 minus
1072 4933 1265 4984 amatorem
1301 4921 1480 4986 studiosis·
