3559 5734
742 571 977 629 aomo*

215 719 371 802 scilicet,
404 721 556 784 laturum
581 722 663 784 dum
689 741 766 783 eum
793 716 898 783 Sedis
923 719 1135 800 Apostolica
1159 739 1228 780 non
1254 719 1502 799 reprobasset;

217 831 317 909 quod
340 829 370 891 si
393 828 526 892 factum
551 837 644 891 esset
673 848 712 890 se
747 828 881 890 nullum
912 827 964 890 illi
994 827 1144 908 amplius
1173 818 1334 888 favorem
1363 821 1501 905 praebi-

215 944 345 1002 turum.
392 936 448 999 De
473 934 526 998 his
551 935 713 998 omnibus
736 935 772 998 in
798 934 950 1016 epistola
975 933 1162 996 lutherana
1186 953 1230 995 ne
1255 935 1403 994 verbum
1430 928 1502 1011 qui·

218 1044 320 1115 dem:
346 1054 382 1106 et
405 1043 493 1122 iure,
517 1063 597 1105 nam
622 1042 652 1105 si
675 1044 763 1105 haec
789 1063 834 1104 ex
859 1062 930 1103 una
954 1051 1055 1123 parte
1080 1042 1376 1117 memorabantur,
1393 1036 1503 1099 luthe-

216 1171 385 1214 ranoram
409 1150 581 1214 intererat
606 1151 773 1231 ignorare
798 1157 833 1211 et
857 1158 1032 1230 perpetua
1056 1146 1245 1226 oblivione,
1272 1144 1300 1207 si
1324 1144 1401 1207 fieri
1424 1163 1502 1226 pos·

218 1268 286 1338 set,
312 1259 450 1323 delere.-

312 1400 385 1464 Leo
410 1401 532 1463 scribit
556 1401 755 1463 Friderico:
791 1401 927 1483 ,Testis
952 1420 990 1461 es
1014 1400 1090 1482 ipse
1116 1398 1283 1481 quamdiu
1307 1397 1502 1459 Lutherum

217 1508 469 1589 pertulerimus
508 1508 667 1591 paternis
702 1528 794 1570 nunc
833 1506 1114 1586 hortationibus,
1150 1507 1363 1587 quandoque
1402 1501 1504 1564 minis

220 1615 411 1694 menende,
426 1615 657 1696 increpando,
674 1614 851 1677 interdum
869 1626 904 1675 et
919 1614 1076 1696 benigne
1092 1612 1344 1696 promittendo,
1369 1632 1390 1673 a
1404 1618 1504 1672 tanto

220 1741 302 1783 eum
326 1721 447 1784 furore
477 1741 650 1784 revocare
682 1720 832 1784 conati“.
897 1721 936 1782 In
969 1721 1121 1802 epistola
1152 1721 1339 1782 lutherana
1369 1717 1430 1780 vix
1462 1736 1503 1778 ac

219 1848 266 1891 ne
292 1829 352 1890 vix
377 1828 517 1910 quidem
543 1827 727 1891 Pontificis
759 1827 1011 1910 longanimitas
1044 1839 1080 1890 et
1109 1827 1342 1889 mansuetudo
1376 1844 1499 1887 memo·

219 1942 335 2007 ratur;
375 1955 445 1998 non
484 1935 577 1999 enim
610 1944 806 2018 perpetuae
843 1954 951 1998 curae
986 1934 1181 1997 lutheranis
1216 1933 1505 2014 suffragabantur

224 2040 409 2104 Pontificis
433 2062 498 2123 pro
523 2043 728 2105 reducendo
751 2042 787 2104 in
812 2052 946 2105 rectum
971 2042 1147 2104 tramitem
1171 2041 1339 2104 Luther0.

313 2184 472 2247 Tandem
497 2205 561 2246 nec
586 2183 769 2247 Friderico
793 2205 857 2247 nec
883 2185 1078 2247 lutheranis
1110 2184 1279 2247 memoria
1302 2182 1502 2266 promissio·

222 2311 305 2353 num
329 2290 486 2373 ipsorum
512 2290 709 2370 arridebat,
742 2312 784 2353 ac
818 2304 1011 2373 propterea
1044 2292 1186 2355 omnino
1220 2292 1256 2353 in
1281 2291 1431 2373 epistola
1454 2291 1502 2351 lu·

221 2400 373 2461 therana
396 2400 581 2480 praeclara
605 2401 715 2461 verba
741 2399 988 2461 desiderantur
1016 2420 1106 2481 quae
1137 2399 1173 2461 in
1197 2400 1360 2461 vaticana
1385 2397 1434 2459 sic
1460 2398 1504 2459 de

221 2503 309 2587 ipsis
332 2506 542 2587 loquuntur;
570 2505 690 2585 ,Haec
715 2506 807 2568 enim
832 2505 893 2567 illa
918 2517 972 2568 est
995 2507 1145 2569 hominis
1169 2506 1272 2569 huius
1295 2516 1330 2569 et
1347 2505 1503 2567 eiusdem

225 2632 384 2675 errorum
408 2633 472 2695 per
498 2610 628 2675 Sedem
659 2612 905 2694 Apostolicam
939 2614 973 2675 in
1006 2613 1188 2677 Catholico
1213 2613 1505 2695 peritissimorum

223 2729 404 2782 conventu
436 2715 571 2801 Spiritu
604 2718 738 2782 Sancto
770 2730 966 2800 praeeunte
1000 2724 1058 2801 qui
1090 2721 1125 2783 in
1157 2720 1357 2783 huiusmodi
1390 2716 1505 2781 causis

222 2825 305 2888 huic
330 2823 485 2888 Sanctae
510 2823 595 2888 Sedi
620 2846 799 2907 nunquam
823 2824 954 2906 abluit,
978 2827 1074 2890 facta
1098 2827 1315 2909 reprobati0,
1341 2846 1445 2909 quam
1469 2834 1504 2888 te

223 2943 417 3014 expectare
451 2932 590 3004 dixisti3
630 2954 720 3014 quae
749 2945 867 2995 tamen
899 2944 1088 3016 antequam
1126 2934 1227 2997 fieret
1259 2933 1404 3016 potuisti
1438 2953 1503 3015 pro

221 3050 285 3102 tua
307 3039 495 3121 prudentia
520 3038 805 3103 animadvertere
829 3061 922 3122 quae
947 3050 1041 3104 esset
1061 3041 1205 3104 Martini
1220 3040 1379 3104 Lutherii
1396 3061 1503 3123 mens,

222 3167 328 3228 quam
366 3145 474 3227 impia
514 3145 717 3227 cogitatio“.
776 3147 821 3208 Et
855 3147 1071 3210 renunciatis
1104 3147 1249 3209 Lutheri
1286 3147 1504 3226 excessibus

224 3251 393 3315 Pontifex
417 3253 615 3316 concludit:
653 3253 774 3336 ,Quae
800 3273 879 3316 cum
903 3255 1028 3335 gravia
1053 3275 1118 3336 per
1142 3275 1191 3334 se,
1216 3263 1288 3317 tum
1305 3275 1391 3318 vero
1411 3265 1505 3336 post·

222 3381 329 3442 quam
353 3359 456 3423 huius
480 3358 633 3423 Sanctae
667 3371 702 3423 et
736 3361 967 3442 Apostolicae
999 3360 1103 3425 Sedis
1136 3362 1270 3424 accesit
1300 3361 1505 3440 declarati0,

221 3482 320 3530 tuum
330 3468 402 3548 jam
416 3479 479 3547 est,
497 3468 624 3531 dilecte
637 3467 697 3546 fili,
711 3468 839 3530 omissa
852 3458 1032 3531 hominurn
1050 3468 1213 3548 amicitia,
1235 3489 1312 3531 eam
1330 3489 1421 3550 quae
1437 3469 1505 3532 Dei

223 3588 279 3638 est
291 3575 442 3637 caeteris
454 3578 562 3638 rebus
576 3587 804 3657 anteponere,
818 3575 1158 3661 nobisqucpraeslure
1169 3576 1263 3643 fidem
1274 3574 1504 3661 elpromr'srr'o-

229 3703 305 3745 nem
336 3703 437 3765 quam
470 3681 508 3745 in
540 3681 674 3767 pt'gnus
705 3688 738 3745 el
770 3682 909 3766 ragnum
941 3689 1018 3745 taur
1048 3682 1354 3746 chrrsltum'srr'mor
1386 3682 1507 3745 mentri

221 3787 368 3861 dcdr'slt',·
396 3800 433 3851 ut
456 3787 601 3851 extincto
616 3810 769 3852 rerumne
793 3790 968 3851 lanzanum
987 3790 1045 3870 qui
1059 3796 1118 3852 lua
1132 3788 1267 3875 fiducia
1283 3793 1376 3853 hunc
1397 3811 1505 3872 saepe

223 3895 293 3957 iam
319 3894 449 3957 dictum
474 3895 669 3977 iniquitatis
700 3896 807 3958 lilium
840 3895 1030 3959 Martinum
1063 3896 1255 3960 Lutherum
1279 3897 1391 3967 foetere
1414 3896 1506 3982 offir-

224 4008 328 4083 uzani,
352 4014 412 4065 tua
438 4004 619 4065 excellens
639 4003 750 4065 virtus
775 4024 815 4065 ac
841 4003 1007 4066 nobilitas
1037 4025 1136 4066 suum
1162 4004 1318 4066 debitum
1343 4006 1506 4086 splendo-

223 4130 298 4171 rem
332 4111 425 4190 apud
461 4110 576 4172 Deum
606 4111 839 4192 hominesque
872 4109 1042 4174 obtineat.
1098 4110 1201 4191 Quod
1232 4122 1270 4174 ut
1300 4110 1411 4173 facias
1436 4132 1505 4173 non

223 4218 338 4278 solum
369 4216 520 4297 petimus
553 4226 588 4278 et
623 4220 850 4280 obsecramus
882 4218 945 4279 sed
970 4217 1004 4280 in
1030 4217 1171 4279 nomine
1202 4218 1306 4281 etiam
1335 4218 1403 4280 Dei
1436 4239 1506 4280 om·

222 4322 419 4404 nipotentis
452 4323 546 4386 etin
570 4325 723 4386 virtutae
747 4335 893 4387 sanctae
918 4324 1143 4387 obedientiae
1168 4325 1409 4405 requirimus“.

316 4466 493 4544 Quantum
516 4467 606 4529 haec
630 4466 836 4546 nobilitate,
872 4468 949 4551 spei
981 4479 1016 4530 et
1046 4468 1175 4530 amoris
1199 4468 1447 4531 coniunctione
1472 4479 1507 4531 et

222 4573 494 4636 mansuetudine
518 4594 540 4635 a
563 4573 682 4635 verbis
707 4574 879 4654 epistolae
905 4575 1112 4636 lutheranae
1138 4574 1315 4651 differunt,
1341 4596 1431 4655 quae
1456 4575 1505 4637 sic

221 4689 370 4743 sonant:
403 4679 512 4759 „Eum
540 4692 709 4761 quantum
743 4680 777 4742 in
809 4692 870 4742 tua
903 4681 1114 4744 auctoritate
1155 4693 1190 4743 et
1225 4691 1404 4762 potestate
1442 4693 1506 4763 est,

222 4786 307 4868 capi
330 4796 542 4868 captumque
566 4788 612 4849 ad
636 4797 792 4850 nostram
825 4787 1029 4852 instantiam
1062 4788 1231 4851 custodiri
1254 4809 1356 4851 cures
1380 4801 1415 4851 et
1439 4799 1505 4852 stu-

222 4896 323 4957 deas
370 4894 410 4956 In
443 4914 512 4975 quo
540 4893 708 4957 nobilitas
738 4905 799 4957 tuo
824 4894 1018 4977 praeclaris
1042 4895 1149 4959 initiis
1173 4895 1313 4959 virtutis
1337 4917 1423 4959 suae
1447 4918 1505 4959 ex·
