3559 5734
869 530 1098 586 wilfi&

970 742 1000 805 9.

713 847 1041 928 vicecancellarius
1069 847 1257 927 llecnclrc.

757 977 853 1049 [Huni.
872 978 998 1037 German.
1017 977 1047 1035 L.
1067 976 1112 1035 fol.
1131 977 1153 1042 7,
1173 977 1208 1047 Β.)

513 1078 587 1147 (Dat.
609 1085 706 1140 Rome,
727 1093 750 1143 7.
771 1083 879 1145 Januar.
900 1108 933 1116 -
956 1083 1092 1143 lieceptae
1113 1081 1276 1128 WormaIIae
1301 1093 1339 1142 17.
1363 1080 1448 1147 1521.)

498 1189 726 1254 Venerabilis
751 1188 816 1250 Vir
842 1187 968 1251 Amice
994 1186 1039 1249 mi
1064 1185 1262 1248 Carissime.

432 1299 594 1360 Havemo
627 1298 786 1359 ricevute
818 1294 1060 1356 ultimamente
1089 1293 1123 1354 le
1154 1303 1275 1355 vostre
1307 1295 1351 1355 de
1385 1294 1546 1357 XXIIII.
1582 1296 1628 1356 da

342 1405 552 1484 Wormatia‚
579 1415 614 1466 et
638 1405 671 1466 le
696 1405 786 1466 altre
810 1410 931 1463 vostre
957 1399 1136 1481 dupIIcate
1161 1410 1196 1461 et
1220 1400 1365 1481 copiose
1390 1421 1482 1481 poco
1501 1401 1627 1480 prima.

343 1513 448 1574 Certo
482 1532 551 1574 non
586 1511 615 1573 si
654 1509 770 1591 potria
802 1507 1003 1589 exprimere
1039 1515 1172 1586 quanto
1200 1508 1234 1568 la
1266 1504 1404 1568 Santiti
1432 1507 1467 1569 di
1494 1507 1628 1570 Nostro

343 1617 498 1701 Signore
524 1629 559 1680 et
584 1617 643 1679 noi
667 1616 833 1679 restiamo
859 1617 904 1676 de
928 1615 1006 1694 voi,
1038 1615 1082 1675 de
1114 1613 1136 1675 l’
1154 1633 1281 1694 opera,
1315 1613 1445 1696 fatiga,
1478 1628 1513 1676 et
1544 1616 1629 1678 fede

344 1736 465 1788 vostra
490 1724 678 1788 sodisfatti.

433 1832 546 1894 Cerea
570 1834 603 1893 le
628 1829 823 1912 provisioni
849 1828 884 1890 di
900 1828 1008 1889 Brevi
1033 1839 1068 1890 et
1092 1829 1181 1889 altre
1206 1847 1299 1907 cose,
1325 1830 1391 1890 che
1417 1831 1462 1890 de
1487 1830 1547 1911 qui
1565 1831 1623 1892 de-

342 1940 496 2002 siderate
521 1948 612 2001 tutta
636 1937 695 1999 via
719 1958 740 1999 a
766 1936 821 1998 cio
846 1935 874 1996 si
900 1937 1057 2015 attende,
1083 1945 1119 1997 et
1142 1934 1198 1996 fra
1222 1946 1348 2015 quatro
1374 1957 1394 1997 ο
1424 1936 1551 2015 cinque
1577 1936 1626 2016 gi-

344 2047 420 2109 orni
446 2047 480 2107 vi
505 2046 533 2107 si
560 2046 799 2108 manderanno
825 2041 1009 2124 expedite,
1042 2050 1077 2103 et
1101 2041 1174 2103 cosi
1207 2043 1242 2103 la
1265 2042 1470 2122 provisione
1497 2042 1533 2104 di
1557 2044 1627 2104 Da·

342 2154 434 2219 nari:
476 2152 536 2215 voi
567 2151 743 2232 segnitate
776 2149 976 2212 virilmente
1009 2169 1109 2210 come
1140 2147 1187 2208 fin
1219 2148 1279 2228 qui
1310 2150 1440 2210 havere
1469 2150 1559 2211 fatto
1593 2161 1628 2212 et

344 2258 594 2342 persuadetevi
621 2260 686 2320 che
711 2257 842 2320 Nostro
868 2254 1022 2336 Signore
1046 2255 1148 2339 iddio
1183 2265 1218 2317 et
1248 2255 1272 2317 il
1296 2255 1443 2337 proprio
1476 2278 1540 2319 suo
1568 2257 1625 2319 Vi·

342 2367 438 2428 cario
470 2366 504 2428 in
529 2364 627 2427 Cielo
661 2363 755 2427 etin
786 2374 883 2426 terra
916 2363 950 2424 vi
975 2358 1228 2443 premiaranno'
1255 2361 1291 2424 in
1316 2365 1439 2443 modo,
1465 2365 1531 2425 che
1558 2365 1626 2426 mai

345 2495 413 2536 non
440 2471 681 2535 v'increscera
704 2473 816 2533 hever
840 2480 1022 2533 sostenuto
1048 2489 1112 2550 per
1137 2469 1171 2529 la
1190 2468 1318 2531 Chiesa
1343 2480 1377 2531 et
1401 2490 1467 2551 per
1491 2470 1515 2532 il
1539 2469 1627 2534 San-

342 2601 413 2661 gue
438 2579 472 2641 di
498 2579 638 2643 Christo
663 2589 761 2640 tante
786 2578 934 2658 fatighe,
960 2587 996 2639 et
1020 2575 1269 2658 persecutioni.
1318 2576 1435 2658 Sopra
1459 2577 1494 2639 la
1518 2598 1627 2641 causa

343 2688 377 2749 di
397 2688 531 2749 Luther
556 2686 585 2747 si
602 2684 759 2747 scrivera
783 2686 896 2747 anche
917 2685 950 2746 al
969 2682 1191 2753 Caracciolo;
1217 2683 1350 2746 aiutate
1374 2685 1456 2745 tutti
1480 2685 1629 2748 insieme

342 2794 376 2855 la
401 2814 508 2855 causa
540 2811 726 2854 commune
760 2793 805 2853 de
831 2790 899 2853 Dio
933 2800 969 2853 et
1004 2790 1203 2871 supplicate
1228 2789 1359 2853 Cesare
1391 2811 1461 2853 non
1494 2794 1628 2855 abban·

344 2901 428 2963 doni
453 2901 477 2962 il
502 2920 566 2961 suo
590 2902 686 2961 bono
710 2896 896 2980 proposito
925 2897 955 2959 si
987 2917 1086 2959 come
1121 2898 1156 2959 la
1187 2896 1308 2959 divina
1337 2898 1526 2961 clementia
1555 2921 1626 2962 non

346 3027 469 3069 manca
494 3027 515 3068 a
539 3005 597 3085 lui,
623 3015 659 3067 et
682 3006 906 3088 benevalete.

431 3115 571 3176 Romae
596 3112 676 3174 VII.
701 3112 859 3191 Ianuarii
884 3110 1067 3172 MDXXI.

432 3218 480 3283 Se
512 3222 547 3281 la
579 3218 769 3300 prudentia
801 3229 836 3279 et
867 3218 984 3279 studio
1019 3226 1141 3280 vostro
1172 3218 1207 3279 in
1233 3229 1358 3299 questa
1383 3239 1468 3281 cosa
1500 3241 1572 3283 non
1598 3223 1628 3284 si

342 3335 535 3389 mostrasse
560 3325 746 3408 maggiore
771 3325 806 3385 di
830 3325 949 3406 quello
973 3325 1018 3386 da
1043 3324 1101 3385 voi
1126 3324 1154 3385 si
1179 3334 1367 3405 aspettava
1399 3346 1628 3390 usaressemo

342 3434 451 3497 molto
474 3432 536 3515 piu
560 3434 684 3514 parole
708 3432 744 3494 in
769 3431 984 3494 exhorter-vi.

1114 3572 1161 3634 Vr,
1181 3571 1287 3642 halat,
1309 3575 1375 3623 Vice
1396 3575 1587 3628 Cancellarius.

618 3983 756 4065 Gardin.
785 3982 942 4064 Sanctcr.
971 3982 1126 4085 Quctucr
1153 3985 1341 4067 Alcandru.

775 4112 872 4173 (linunt.
892 4112 1017 4171 (lemen.
1035 4112 1065 4170 11.
1084 4111 1128 4170 iol.
1148 4114 1183 4181 9.)

853 4206 1015 4268 (1521-15.
1039 4204 1112 4270 Jan.)

502 4313 721 4375 Reverende
745 4312 853 4374 Pater
879 4312 1003 4374 Amice
1027 4313 1075 4374 mi
1099 4314 1304 4376 charissime
1330 4314 1501 4380 Salutem.

431 4421 486 4483 Ex
517 4420 643 4481 litteris
673 4420 802 4481 vestris
833 4440 912 4481 eum
945 4420 991 4481 ad
1015 4418 1282 4483 Sanctissimum
1317 4423 1505 4486 Dominum
1538 4427 1625 4490 Nos-

343 4539 434 4590 trum
457 4537 530 4588 tum
557 4527 662 4588 etiam
687 4527 732 4587 ad
756 4547 821 4588 nos
845 4525 986 4606 scriptis
1010 4529 1152 4590 abunde
1177 4528 1417 4592 Intelleximus
1442 4552 1534 4612 quae
1561 4556 1621 4615 pen

343 4655 408 4697 vos
427 4635 462 4696 in
488 4654 595 4696 causa
611 4633 815 4695 Lutherana
839 4631 982 4695 fuerunt
1007 4644 1097 4712 acta,
1122 4645 1157 4697 et
1181 4655 1285 4715 quam
1302 4656 1484 4718 propenso
1505 4640 1625 4703 animo

344 4741 495 4822 cupiatis
520 4752 556 4801 et
580 4739 698 4802 nervis
723 4738 886 4801 omnibus
911 4739 1113 4818 enitamini,
1146 4750 1183 4801 ut
1216 4742 1404 4822 negocium
1439 4745 1542 4807 vobis
1567 4748 1625 4811 de-

343 4849 547 4911 mandatum
572 4847 666 4908 omni
683 4846 873 4928 prudentia
898 4860 932 4908 et
957 4847 1114 4908 sollertia
1138 4859 1258 4910 vestra
1282 4850 1501 4931 transIgatur
1519 4855 1626 4918 nullis
