3559 5734
821 526 1068 585 billio&

393 674 473 739 Non
492 678 644 740 sarebbe
665 679 745 757 mal,
770 677 849 739 anci
865 678 974 739 molto
998 678 1032 739 al
1049 680 1245 758 proposito,
1270 679 1336 740 che
1353 677 1382 740 si
1400 678 1587 740 mandasse

304 806 350 847 un
376 786 466 847 altro
491 785 609 847 Breve
633 806 654 846 a
677 784 822 847 Cesare:
848 787 914 847 che
939 781 1013 846 Sua
1037 782 1175 847 Santita
1200 787 1247 847 ha
1270 786 1386 847 inteso
1411 806 1508 847 esser
1532 797 1587 846 sta

304 893 364 972 qui
388 892 624 954 determinato
650 893 716 954 che
741 891 764 952 li
789 891 870 954 libri
895 892 930 954 di
955 890 1089 953 Luther
1120 891 1149 953 si
1172 902 1405 972 sequestrano
1438 893 1503 953 che
1528 890 1585 950 de-

304 1019 418 1061 veano
444 999 560 1061 statim
586 1018 685 1060 esser
708 998 900 1060 abrusciati
924 1018 989 1079 per
1013 997 1107 1060 mille
1132 998 1282 1079 ragioni‚
1307 1007 1343 1060 et
1367 999 1433 1059 che
1453 996 1588 1058 Luther

304 1106 439 1188 venghi
464 1126 544 1186 qua,
569 1106 593 1167 il
617 1105 694 1171 che.
720 1125 829 1167 ancor
853 1107 920 1167 che
944 1106 987 1168 sii
1002 1118 1124 1168 contra
1150 1116 1185 1167 et
1206 1108 1350 1168 decreto
1372 1106 1466 1168 della
1483 1106 1588 1167 Bulla

305 1212 531 1294 Apostolica,
565 1213 634 1274 imo
660 1221 784 1273 contra
809 1211 895 1293 ogni
918 1212 1001 1294 lege
1025 1221 1061 1273 et
1085 1211 1199 1274 forma
1223 1212 1259 1273 di
1283 1212 1449 1294 ragione,
1483 1222 1518 1274 et
1542 1213 1587 1273 de

304 1321 441 1401 equita,
477 1321 521 1382 de
546 1320 646 1381 voler
671 1321 735 1381 dar
759 1320 1050 1398 salvocondutto‚
1086 1327 1121 1381 et
1145 1321 1325 1382 auscultat
1349 1339 1418 1380 uno
1443 1318 1587 1380 manife-

305 1427 457 1490 stissimo
480 1425 661 1489 haeretico
687 1427 913 1488 condennato
939 1446 1003 1508 per
1020 1424 1094 1487 Sua
1110 1423 1249 1488 Santith
1275 1448 1296 1488 a
1320 1427 1374 1488 chi
1396 1435 1514 1507 spetta
1539 1428 1589 1487 tal

303 1535 445 1615 iudicio,
472 1545 506 1596 et
531 1536 596 1596 che
621 1533 649 1596 si
671 1534 757 1595 dara
781 1535 851 1596 mal
868 1533 1034 1613 exempio
1059 1532 1119 1595 alli
1139 1532 1340 1613 Christiani,
1365 1543 1400 1595 et
1424 1533 1484 1596 alli
1501 1533 1588 1595 infe-

305 1642 376 1704 deli
401 1663 471 1705 non
497 1644 610 1704 solum
634 1642 778 1721 repulsa
803 1640 838 1701 di
863 1640 1085 1721 convertirsi,
1109 1661 1166 1702 ma
1190 1661 1323 1702 ancora
1346 1641 1512 1703 occasion
1530 1643 1587 1701 de·

306 1749 446 1811 ridendi
470 1747 575 1810 fidem
601 1757 757 1810 nostram
783 1759 819 1809 et
844 1746 1010 1810 movendi
1035 1767 1132 1809 arma
1157 1758 1282 1809 contra
1306 1767 1389 1826 nos,
1423 1757 1590 1829 preterea

305 1878 350 1918 ex
384 1858 450 1918 hoc
475 1857 631 1917 adventu
665 1853 847 1917 imminere
871 1854 1017 1935 aliquod
1041 1855 1236 1935 periculum
1268 1876 1384 1917 rerum
1416 1875 1590 1918 novarum

307 1975 341 2026 et
355 1965 608 2026 tumultuorum
623 1961 657 2023 in
675 1961 880 2041 Republica
896 1960 1097 2023 Christiana
1121 1962 1308 2043 presertim
1323 1963 1359 2024 in
1377 1962 1588 2031 Germania:

306 2080 398 2134 tutta
421 2072 529 2147 volta,
554 2068 687 2150 perche
703 2065 775 2129 Sua
793 2067 931 2129 Maesta
956 2089 1021 2149 per
1045 2070 1196 2150 qualche
1217 2068 1349 2131 motivo
1375 2070 1411 2130 di
1428 2072 1521 2131 bene
1542 2072 1587 2130 ha

307 2177 380 2241 cosi
404 2179 526 2240 voluto
550 2176 645 2255 fare,
679 2174 752 2237 Sua
776 2174 915 2237 Santita
940 2196 1046 2256 spera
1070 2177 1136 2237 che
1161 2197 1231 2237 non
1261 2176 1289 2237 si
1314 2175 1389 2237 fari
1415 2196 1499 2238 cosa
1522 2178 1588 2236 che

307 2307 378 2348 non
402 2285 445 2347 sii
470 2287 514 2346 ad
540 2286 654 2346 honor
679 2282 713 2342 di
729 2282 798 2343 Dio
824 2292 858 2343 et
883 2283 978 2344 della
1001 2283 1096 2363 fede,
1121 2282 1395 2345 conservatione
1420 2283 1588 2345 dell’aut·

307 2394 412 2455 torith
437 2390 657 2465 Pontificale,
682 2399 717 2452 et
742 2391 927 2451 commodo
952 2390 1046 2451 della
1070 2388 1190 2451 chiesa
1214 2389 1407 2468 catholica,
1433 2399 1468 2451 et
1493 2388 1588 2450 Sede

308 2500 518 2582 Apostoliea
549 2499 644 2560 della
668 2498 749 2577 qual
775 2497 884 2559 Cesar
915 2496 934 2557 ὲ
959 2497 1153 2566 advocato;
1189 2496 1234 2556 Et
1265 2493 1338 2557 cosi
1367 2498 1400 2557 lo
1426 2497 1588 2573 exhorta,

308 2620 342 2669 et
367 2609 457 2669 altre
488 2607 611 2686 parole
645 2604 681 2665 di
705 2604 817 2666 simile
843 2624 863 2665 o
889 2604 1040 2681 meglior
1064 2603 1256 2673 sententia;
1290 2603 1312 2663 il
1339 2606 1421 2683 qual
1446 2623 1588 2683 presen-

307 2725 457 2791 taremo,
482 2713 616 2792 venghi
640 2711 774 2773 Luther
799 2730 819 2771 o
844 2730 931 2787 non,
957 2719 992 2771 et
1016 2718 1114 2772 certo
1140 2711 1169 2770 si
1193 2709 1365 2771 mostrera
1390 2710 1589 2771 virilmente

307 2822 443 2884 l'error
467 2822 560 2899 lorn,
595 2829 630 2880 et
659 2839 729 2879 non
754 2817 856 2898 potra
886 2837 925 2877 se
958 2838 1027 2878 non
1054 2819 1162 2878 molto
1187 2817 1328 2896 giovar‚
1361 2827 1396 2878 et
1427 2817 1590 2899 supplico

308 2930 450 2991 omnino
475 2930 541 2988 cha
566 2926 594 2987 si
619 2924 709 2987 faeci
733 2933 865 3005 presto,

398 3036 442 3097 Di
477 3054 557 3096 esso
581 3033 736 3095 Martino
771 3035 804 3094 al
838 3042 1005 3112 presente
1039 3034 1057 3093 c
1090 3031 1181 3093 fatto
1213 3031 1271 3112 qui
1303 3040 1403 3093 tanto
1437 3031 1589 3107 silentio,

309 3164 407 3207 come
440 3164 478 3204 se
503 3140 572 3202 mai
605 3161 674 3201 non
699 3138 795 3201 fusse
821 3149 913 3200 stato
945 3142 979 3200 al
1004 3140 1150 3209 mond0;
1188 3141 1254 3200 che
1283 3160 1348 3220 per
1371 3139 1508 3216 avanti,
1545 3139 1588 3200 ni

308 3254 413 3328 hora,
450 3250 492 3311 ni
518 3260 629 3330 punto
653 3268 825 3328 passam,
861 3247 927 3307 che
952 3245 1108 3325 ogniuno
1134 3255 1169 3307 et
1193 3246 1335 3327 publice
1365 3255 1400 3306 et
1424 3245 1590 3326 privatim

308 3380 377 3422 non
403 3360 562 3439 parlasse
587 3355 621 3416 di
647 3334 713 3427 lui;¹
745 3356 811 3416 che
836 3354 905 3415 Dio
929 3353 1025 3416 volia
1049 3357 1114 3415 che
1139 3352 1212 3415 cosi
1237 3353 1477 3416 continuando
1502 3374 1540 3414 sc
1565 3354 1589 3414 li

308 3475 417 3529 motta
439 3474 614 3545 perpetuo
640 3462 790 3525 silentio

398 3572 439 3633 li
468 3571 550 3634 libri
575 3591 723 3650 ancora,
760 3571 825 3632 che
851 3568 964 3651 prima
990 3568 1049 3650 qui
1074 3568 1268 3648 pioveanO,
1305 3570 1338 3630 al
1369 3578 1536 3651 presente
1561 3567 1589 3628 si

309 3700 398 3742 sono
422 3678 578 3740 restretti
603 3676 804 3738 assaissimo
829 3686 864 3737 et
889 3696 994 3757 spero
1020 3678 1085 3737 cho
1115 3696 1153 3735 sc
1179 3676 1253 3737 fara
1279 3677 1379 3737 levar
1402 3676 1483 3737 tutti
1508 3684 1604 3737 ante·

309 3797 459 3868 quatuor
484 3786 575 3864 dies,
611 3786 741 3865 perche¹
767 3785 799 3845 el
824 3785 993 3845 mandato
1018 3783 1096 3843 seri
1122 3784 1248 3845 deman
1275 3781 1373 3845 finito
1401 3784 1445 3845 de
1473 3782 1589 3863 impri-

309 3915 420 3971 mere,
455 3891 585 3977 (neque
610 3891 703 3953 enirn
727 3891 843 3972 potuit
867 3890 969 3952 citius
994 3889 1069 3951 fieri
1106 3910 1171 3970 per
1195 3890 1340 3951 istorum
1366 3887 1521 3974 culpam)
1555 3900 1591 3949 et

309 4001 367 4082 poi
393 4021 431 4061 se
456 3997 649 4080 publicari.

398 4106 521 4187 Hoggi
546 4106 563 4167 ὲ
588 4105 718 4186 partito
745 4104 909 4166 l'Eraldo
935 4125 954 4164 a
980 4104 1126 4183 Luther,
1156 4112 1191 4166 et
1216 4104 1366 4166 termino
1392 4106 1409 4167 ὲ
1435 4105 1518 4167 dato
1545 4106 1592 4165 da

310 4235 407 4277 esser
438 4211 497 4294 qui
530 4211 577 4274 fin
603 4212 709 4274 XXI.
736 4210 879 4291 giorn0‚
916 4210 957 4272 El
983 4212 1084 4273 Duca
1108 4210 1255 4274 Saxone
1278 4213 1359 4296 'bnon
1393 4213 1439 4273 ha
1469 4213 1591 4274 voluto

309 4321 460 4399 scriver‚
497 4333 532 4382 et
556 4340 621 4400 par
646 4340 716 4381 non
742 4317 783 4379 sii
814 4320 883 4379 ben
909 4328 1076 4381 contento
1108 4320 1189 4381 chel
1215 4319 1363 4399 venghi‚
1400 4322 1451 4382 sel
1477 4321 1590 4381 none

310 4449 375 4510 per
398 4430 536 4507 allegat
564 4429 597 4489 le
622 4447 684 4488 sue
710 4424 866 4506 ragioni,
903 4428 999 4506 quod
1029 4427 1063 4489 in
1088 4427 1234 4489 decreto
1259 4426 1402 4507 Imperii
1426 4427 1589 4508 prohibe-

311 4548 382 4615 tur,
418 4556 457 4597 se
480 4556 547 4616 pur
578 4535 613 4596 lo
638 4552 855 4596 servaranno
881 4533 926 4593 ad
951 4553 1115 4615 unguem.
1164 4532 1334 4594 Chievres
1365 4532 1397 4594 ci
1421 4534 1467 4595 ha
1492 4536 1591 4595 detto

311 4645 376 4704 che
402 4641 510 4703 Cesar
544 4641 672 4703 mando
705 4641 726 4701 1²
742 4641 832 4701 altro
866 4638 902 4700 di
926 4639 945 4700 a
971 4640 1025 4701 dir
1058 4642 1090 4701 al
1116 4641 1217 4701 Duca
1242 4638 1389 4702 Saxone
1420 4660 1519 4719 cose,
1556 4653 1591 4702 ct

311 4750 435 4829 parole
461 4750 525 4810 che
549 4749 658 4810 molto
684 4747 836 4808 veniano
860 4747 895 4808 al
919 4746 1103 4827 proposito
1124 4758 1255 4808 nostre.
1296 4746 1393 4808 Idem
1411 4746 1493 4808 mihi
1509 4767 1589 4808 con·

312 4855 463 4918 firmavit
488 4853 706 4935 LeodiensiS,
731 4853 790 4935 qui
814 4875 851 4915 se
876 4853 1079 4916 interfuisse
1104 4853 1197 4916 dicit.
