3559 5734
767 561 1014 620 &bobba

250 706 594 792 fuerim'prohibitus
619 709 848 792 sponsionem
872 731 985 773 meam
1010 710 1221 791 adimplere;
1239 709 1452 791 rogavitque
1476 729 1532 772 me

250 836 294 878 ne
319 826 402 880 ante
433 838 549 881 meum
584 818 736 881 reditum
765 828 801 881 et
830 816 994 880 iteratam
1026 837 1144 881 secum
1178 815 1532 880 communicationem

249 926 446 1005 superbae
471 925 619 988 materia
643 923 737 987 SS¹¹¹⁰
761 926 809 987 D⁰
843 924 885 988 N.
911 926 956 986 de
980 946 1019 988 se
1043 944 1153 987 suave
1168 924 1401 1005 responsione
1425 944 1531 1006 quam

249 1032 475 1094 tumultuarie
493 1042 529 1095 et
545 1054 592 1096 ex
608 1031 801 1114 improviso
824 1032 1049 1112 reddidisset,
1075 1031 1262 1113 quicquam
1286 1030 1531 1095 rescriberem.

250 1137 390 1202 Certior
423 1148 540 1203 autem
573 1138 689 1202 factus
719 1159 775 1201 me
804 1159 873 1201 non
906 1139 1099 1201 rediturum
1133 1140 1200 1201 hac
1231 1139 1309 1201 vice
1334 1138 1531 1201 Lovanium

248 1265 313 1326 per
337 1245 472 1309 litteras
496 1246 720 1328 Egmondani
745 1246 829 1309 mihi
852 1246 1038 1327 respondit
1070 1244 1185 1328 pridie
1222 1247 1284 1308 kal
1309 1243 1532 1328 Septembris

247 1351 325 1415 fere
349 1353 439 1416 sicut
463 1353 578 1435 prius;
603 1353 721 1416 mirari
753 1353 887 1416 scilicet
920 1374 957 1415 se
991 1374 1081 1426 rem;
1115 1353 1285 1416 adiiciens
1317 1374 1355 1415 se
1390 1353 1530 1434 plenius

248 1479 498 1542 responsurum
532 1460 593 1523 ubi
627 1481 710 1523 suus
741 1459 976 1522 Prouincialis
1007 1470 1042 1523 et
1074 1459 1216 1541 quidem
1245 1461 1336 1523 alter
1359 1460 1531 1542 magister

248 1565 302 1628 sui
319 1565 464 1631 Ordinis
481 1568 683 1631 haereticae
700 1566 888 1650 pravitatis
903 1567 938 1629 in
954 1566 1089 1630 Ordine
1105 1566 1165 1629 illo
1191 1566 1377 1648 inquisitor
1400 1587 1529 1645 secum,

247 1672 395 1755 ipseque
420 1695 498 1737 cum
522 1675 591 1738 illis
615 1674 876 1739 convenissent.
925 1673 1029 1754 Quod
1053 1675 1193 1755 plenius
1216 1693 1426 1754 responsum
1450 1694 1529 1736 cum

249 1781 430 1863 hucusque
459 1783 504 1845 ad
536 1802 687 1845 menon
712 1780 934 1863 pervenerit,
958 1779 1111 1844 fortasse
1135 1781 1218 1861 quia
1242 1779 1306 1844 S¹¹³⁰
1330 1781 1373 1845 D.
1398 1780 1441 1845 N.
1465 1801 1531 1862 per

248 1886 380 1950 dictum
393 1888 665 1952 Procuratorem
690 1889 725 1951 in
749 1890 837 1950 urbe
861 1886 1077 1950 residentem
1101 1887 1184 1950 viva
1207 1907 1296 1950 voce
1320 1887 1531 1969 responderi

248 1995 446 2075 curaverit,
471 2014 541 2058 non
566 1994 689 2077 putavi
714 2014 783 2077 ego
809 1993 893 2057 milri
919 1994 1049 2056 diutius
1073 1993 1307 2057 differendum
1331 1993 1529 2057 rescribere

248 2100 323 2163 R¹¹¹⁰
343 2102 409 2165 D¹²⁰
430 2122 509 2165 meo
525 2101 674 2164 Datario
698 2101 783 2182 quid
804 2122 882 2165 cum
908 2101 1011 2163 dictis
1028 2100 1261 2183 Egmondano
1286 2111 1322 2164 et
1339 2101 1529 2164 Vincentio

247 2206 282 2270 in
306 2229 345 2270 re
370 2209 454 2271 mihi
479 2209 666 2272 commissa
691 2208 853 2290 egissem.
913 2207 991 2288 Qua
1020 2208 1055 2270 in
1079 2228 1118 2271 re
1143 2228 1214 2271 non
1239 2210 1398 2272 omittam
1422 2208 1529 2271 etiam

247 2335 362 2379 meam
386 2316 597 2379 sententiam
615 2316 710 2379 dicto
726 2315 879 2379 Domino
895 2335 974 2378 meo
991 2336 1056 2397 per
1072 2316 1349 2379 dominationem
1373 2327 1529 2378 vestram

247 2435 282 2485 et
305 2442 371 2504 per
389 2444 485 2503 eum,
510 2424 539 2486 si
563 2424 752 2502 videbitur,
778 2421 967 2486 SS²¹¹⁰Dno
991 2432 1112 2485 nostro
1131 2423 1323 2505 explicare,
1347 2423 1456 2505 idque
1478 2423 1529 2486 ita

245 2528 330 2593 mihi
355 2530 454 2594 Deus
477 2529 691 2610 benefaciat,
716 2551 852 2594 summa
875 2550 955 2592 cum
979 2529 1049 2593 fide
1065 2538 1100 2592 et
1116 2530 1343 2612 synceritate.
1375 2530 1529 2598 Videtur

247 2637 368 2718 itaque
393 2636 476 2699 mihi
501 2658 558 2700 res
582 2639 670 2700 haec
695 2658 772 2700 esse
798 2637 941 2718 quidem
965 2637 1000 2700 in
1027 2657 1153 2699 senon
1169 2637 1274 2698 valde
1291 2656 1438 2718 magna;
1464 2637 1527 2699 sed

247 2754 366 2806 tamen
391 2756 541 2827 propter
573 2765 616 2807 ea
648 2764 740 2825 quae
772 2744 854 2807 inde
882 2743 983 2825 sequi
1015 2754 1163 2826 possunt
1198 2764 1268 2806 uon
1302 2763 1381 2806 esse
1416 2763 1528 2824 parva

245 2853 454 2932 reputanda.
500 2852 640 2915 Norunt
663 2873 815 2934 namque
847 2872 970 2914 omnes
1001 2871 1106 2933 quam
1139 2871 1263 2933 parum
1295 2850 1445 2931 utiliter,
1481 2871 1527 2913 ue

247 2957 362 3020 dicam
385 2959 590 3041 pernitiose,
615 2957 782 3021 Erasmus
806 2959 988 3040 scripserit
1011 2959 1045 3020 in
1069 2978 1199 3040 magna
1223 2957 1434 3039 scriptorum
1450 2978 1526 3020 suo·

245 3083 322 3126 rum
346 3073 449 3145 parte
474 3085 565 3147 quae
590 3063 694 3127 fidem
719 3086 759 3127 ac
791 3064 1000 3146 religionem
1034 3063 1248 3146 respiciunt:
1280 3075 1316 3129 et
1347 3066 1526 3147 quomodo

246 3190 293 3233 ex
325 3170 466 3252 scriptis
495 3171 569 3234 eius
604 3171 746 3254 plurimi
781 3172 855 3235 eius
888 3172 1122 3236 admiratores
1157 3173 1286 3254 (qualis
1318 3173 1424 3236 etiam
1456 3192 1526 3255 ego

247 3298 325 3341 esse
349 3276 463 3364 soleo)
496 3279 600 3342 valde
629 3278 741 3342 adiuti
773 3279 843 3341 sint
867 3280 912 3341 ad
936 3278 1076 3342 facilius
1099 3280 1349 3361 amplectenda
1370 3278 1527 3361 pessima

246 3386 416 3465 dogmata
439 3385 722 3448 Lutheranorum
747 3395 783 3448 et
806 3387 898 3448 male
934 3384 1110 3449 sentiendi
1138 3387 1184 3449 de
1219 3386 1337 3449 multis
1369 3385 1526 3449 articulis

244 3490 338 3572 fidei,
362 3492 517 3555 maxime
541 3493 586 3556 de
609 3492 763 3572 primatu
787 3491 884 3554 Petri
909 3502 946 3555 et
969 3492 1124 3555 Romani
1148 3492 1349 3574 Pontificis‚
1382 3496 1427 3556 de
1458 3492 1524 3555 vir·

244 3607 319 3661 tute
343 3600 573 3662 humanarum
587 3598 885 3680 constitutionum,
911 3600 956 3662 de
974 3600 1219 3682 Indulgentiis,
1237 3602 1282 3663 de
1299 3599 1524 3663 confessione

245 3713 282 3766 et
304 3704 422 3768 multis
446 3706 524 3768 aliis
548 3706 593 3769 de
618 3706 747 3788 quibus
770 3706 830 3768 ille
854 3705 890 3768 in
916 3706 1096 3787 opusculis
1129 3707 1201 3770 suis
1226 3710 1414 3771 multorum
1438 3707 1522 3768 iudi-

246 3809 300 3872 cio
330 3832 400 3875 non
437 3812 522 3876 satis
557 3812 615 3896 pie
643 3833 759 3894 neque
790 3812 964 3876 catholice
994 3813 1090 3895 loqui
1124 3814 1274 3878 videtur.
1329 3813 1523 3877 Praeterea

244 3919 339 3999 quod
364 3939 473 4001 supra
508 3940 553 3983 ex
591 3920 710 3983 verbis
737 3920 962 4003 Egmondani
994 3920 1120 4002 scripsi
1145 3941 1224 3984 eum
1248 3941 1313 4003 per
1338 3922 1523 4002 epistolam

242 4026 421 4088 hortatum
445 4026 554 4090 fuisse
578 4028 771 4090 Lutherum
794 4048 864 4090 non
889 4028 1031 4109 quidem
1048 4039 1086 4090 ut
1102 4028 1239 4090 faceret
1255 4029 1350 4109 quod
1369 4027 1523 4090 faciebat

243 4142 279 4193 et
303 4133 397 4214 quod
421 4133 574 4215 pessime
598 4145 777 4216 caeperat,
802 4136 866 4196 sed
890 4143 929 4196 ut
952 4134 988 4195 id
1012 4144 1187 4216 perpetuo
1211 4133 1367 4213 faceret,
1400 4134 1520 4196 audivi

244 4259 289 4301 ex
318 4242 470 4321 quodam
501 4240 704 4304 doctissimo
740 4254 776 4304 et
806 4239 877 4302 lide
907 4241 1114 4323 dignissimo
1144 4240 1221 4304 viro
1252 4241 1385 4304 factum
1413 4240 1521 4304 fuisse

243 4347 289 4407 ab
314 4366 357 4409 eo
382 4346 487 4410 etiam
512 4358 744 4430 posteaquam
768 4348 944 4411 Lutherus
967 4349 1152 4431 inceperat
1175 4348 1361 4411 manifeste
1385 4369 1522 4411 venena

243 4473 307 4515 sua
331 4452 533 4527 effundere;
558 4454 743 4537 ipsamque
776 4454 963 4536 epistolam
997 4475 1065 4537 qua
1099 4457 1167 4517 boc
1191 4454 1357 4517 Erasmus
1382 4455 1521 4537 scripsit

243 4580 322 4623 esse
345 4560 488 4642 publice
517 4561 754 4645 impressam¹)
820 4562 925 4643 Quod
957 4563 986 4625 si
1021 4562 1070 4625 ita
1103 4573 1157 4625 est
1188 4562 1309 4625 nescio
1342 4565 1521 4645 quomodo

316 4755 336 4826 ¹)
355 4759 478 4807 Fortasse
509 4757 552 4806 hic
579 4758 666 4820 agitur
689 4760 722 4806 de
755 4757 877 4821 Epistola
910 4758 1026 4807 Luthero
1054 4759 1117 4807 data
1141 4774 1210 4807 anuo
1240 4769 1305 4820 1519
1330 4759 1363 4807 de
1388 4775 1440 4822 qua
1464 4760 1520 4822 ipse

244 4840 368 4887 Erasmus
387 4838 480 4887 scribit
492 4853 561 4887 anuo
578 4848 645 4901 1524
665 4838 861 4887 Melancbtoni:
880 4840 940 4897 „Ne
959 4839 1100 4888 scriberem
1119 4839 1248 4902 persuasit
1263 4838 1310 4887 illa
1328 4839 1413 4902 prima
1423 4840 1456 4887 ad
1467 4841 1518 4887 Lu·

242 4919 345 4970 theram
364 4918 478 4984 epistola
497 4934 594 4982 magno
617 4934 676 4968 meo
700 4918 818 4983 periculo
837 4918 935 4971 edita‘¹.
972 4919 1105 4985 (Erusmr's
1128 4919 1212 4984 Epist.
1238 4919 1362 4973 DCCIII.
1389 4920 1434 4973 sol,
1459 4921 1520 4983 817.
