3559 5734
728 585 976 640 fflifflffl

210 731 401 796 clementia
425 752 496 794 non
520 741 654 794 tantum
680 741 848 813 quantum
873 731 998 793 debuit
1022 730 1195 812 prodesse
1228 732 1264 794 in
1290 740 1391 793 tanta
1414 752 1492 813 per·

210 838 416 901 turbatione
440 847 639 920 temporum
653 837 797 920 profuit,
823 836 1004 920 suscipere
1025 846 1145 919 partes
1162 846 1198 900 et
1213 837 1348 901 animos
1372 836 1494 901 invicti

213 945 378 1011 Caesaris
403 945 492 1008 velis
516 965 558 1007 ac
583 944 772 1008 severitate
797 954 833 1007 et
856 944 1005 1027 imperio
1030 944 1191 1025 efficere,
1216 955 1254 1009 ut
1277 946 1364 1010 haec
1389 945 1493 1029 pesti·

212 1054 290 1117 fera
313 1073 461 1134 serpens
485 1072 577 1133 quae
602 1052 720 1114 omnia
743 1054 827 1115 tabe
852 1062 888 1115 et
911 1072 1050 1115 veneno
1067 1052 1258 1134 permiscet
1282 1063 1389 1135 atque
1413 1074 1492 1116 con·

212 1165 332 1224 turbat
363 1160 455 1223 iusta
485 1158 793 1222 animadversione
827 1160 915 1222 elisa
946 1170 1053 1241 atque
1078 1159 1271 1241 confracta,
1302 1160 1493 1242 aliquando

214 1289 292 1331 cum
329 1266 555 1330 Germaniam
585 1267 699 1349 ipsam
737 1268 859 1330 sedem
894 1268 939 1330 ad
973 1267 1238 1330 fundamentum
1271 1267 1409 1350 imperii
1444 1266 1495 1330 tui

214 1385 285 1438 tum
317 1374 519 1437 universam
552 1373 845 1436 christianitatem
877 1373 1027 1437 liberam
1057 1384 1292 1456 pacatamque
1324 1374 1493 1438 dimittat:

214 1482 389 1563 Quoniam
415 1481 443 1542 si
466 1481 522 1543 his
546 1490 746 1563 opportune
771 1501 841 1543 non
864 1491 1069 1543 occurratur
1092 1482 1193 1545 malis
1216 1482 1374 1564 graviter
1398 1482 1494 1544 time·

216 1610 303 1666 mus,
329 1609 373 1652 ne
398 1598 525 1650 cuncta
549 1588 583 1650 in
609 1609 714 1650 unam
747 1590 998 1669 pertrahantur
1031 1589 1185 1666 ruinam,
1220 1588 1309 1651 sicut
1339 1591 1384 1651 ab
1416 1587 1494 1670 ipso

216 1698 430 1759 Baldassare
455 1696 584 1757 nuncio
609 1706 729 1758 nostro
755 1693 937 1758 Serenitas
961 1703 1022 1757 tua
1050 1695 1200 1777 amplius
1233 1695 1409 1778 intelliget
1439 1693 1494 1756 cui

216 1803 321 1866 fidem
346 1813 381 1866 et
406 1802 636 1865 attentionem
659 1802 765 1864 animi
790 1806 943 1883 prebere
967 1822 1038 1864 non
1062 1803 1280 1884 gravabitur.

307 1912 436 1973 Datum
468 1910 609 1973 Romae
641 1921 706 1973 etc.
739 1909 795 1972 die
829 1910 980 1991 septima
1012 1908 1106 1989 Junii
1139 1908 1340 1972 MDXXV.
1389 1909 1494 1970 Anno

218 2017 394 2083 Secundo.

826 2481 892 2545 223

650 2597 860 2699 Campegius
889 2596 1061 2678 Sadoloto.

622 2744 763 2814 mutiat.
782 2744 908 2803 German
927 2742 1002 2803 Im
1019 2743 1085 2806 10³.)

725 2861 777 2932 (18.
797 2866 881 2929 Junii.
904 2863 992 2931 1525.)

396 2988 497 3051 Circa
540 2988 565 3050 li
602 2951 742 3052 tuinulti
781 2988 815 3050 di
847 2986 1039 3051 Germania
1073 2997 1108 3050 et
1138 2987 1291 3051 maxime
1323 2996 1448 3049 contra
1477 2985 1502 3048 il

225 3095 391 3177 Principe
416 3095 457 3158 N.
483 3093 519 3158 S.
547 3105 582 3158 et
606 3096 649 3159 V.
675 3093 711 3158 S.
736 3096 918 3159 haverano
949 3095 1009 3177 poi
1041 3096 1157 3159 inteso
1186 3095 1210 3156 il
1238 3094 1378 3175 seguito
1411 3103 1503 3157 tutto

226 3215 261 3266 et
284 3206 319 3266 la
343 3224 426 3266 cosa
456 3223 543 3284 pare
575 3204 641 3265 che
676 3204 795 3283 penda
826 3202 861 3264 in
899 3203 933 3263 la
968 3202 1064 3265 dieta
1101 3205 1166 3265 che
1201 3203 1290 3264 hora
1323 3201 1433 3264 fanno
1468 3201 1504 3262 in

227 3311 400 3393 lnspruck
425 3319 459 3371 et
484 3309 517 3371 io
543 3310 667 3372 dubito
692 3312 757 3372 cbe
774 3309 794 3371 'l
820 3310 889 3372 mal
914 3309 1087 3391 consiglio
1112 3330 1183 3372 non
1208 3308 1308 3390 operi
1325 3318 1360 3370 et
1376 3308 1506 3369 induca

227 3417 262 3481 S.
287 3417 381 3480 Seru
405 3418 600 3497 a‘qualche
625 3436 708 3478 cosa
734 3437 812 3479 men
837 3418 956 3497 degna
981 3415 1016 3478 di
1042 3436 1099 3494 se,
1129 3423 1165 3478 et
1197 3413 1233 3477 in
1262 3423 1353 3478 tutto
1379 3435 1506 3477 aversa

227 3534 262 3588 et
285 3524 464 3587 contraria
488 3524 558 3586 allo
583 3522 699 3585 animo
724 3544 787 3585 suo
819 3525 955 3602 buono,
985 3542 1086 3585 come
1121 3521 1150 3583 si
1183 3522 1275 3584 vede
1310 3521 1345 3584 in
1381 3530 1507 3603 questo

227 3631 418 3713 principio,
452 3639 486 3692 et
516 3631 653 3693 benchi
683 3630 730 3692 lui
760 3630 862 3711 pensi
887 3629 922 3692 di
946 3630 1122 3712 ingannar
1145 3629 1254 3711 quelli
1280 3628 1417 3710 villani,
1442 3648 1509 3709 pur

230 3738 296 3801 Dio
320 3759 359 3799 sa
383 3757 421 3799 se
445 3737 474 3799 si
498 3735 600 3817 potra
624 3736 701 3800 fare
725 3738 785 3819 poi
811 3759 832 3799 a
855 3749 975 3818 tempo
1000 3746 1035 3800 et
1060 3736 1205 3800 comesi
1228 3756 1351 3818 pensa,
1376 3735 1507 3817 perche

228 3848 264 3909 la
276 3855 403 3907 natura
416 3855 451 3907 et
468 3843 670 3907 movimenti
687 3844 744 3906 dei
760 3844 883 3927 populi
900 3866 969 3907 non
988 3844 1016 3906 si
1037 3844 1107 3925 (sic)
1127 3844 1330 3934 facilmente
1344 3843 1509 3923 regolare

229 3972 328 4014 come
353 3951 637 4014 ottimamentee
670 3951 894 4014 considerato
926 3954 971 4014 da
999 3952 1040 4014 N.
1072 3950 1107 4015 S.
1143 3951 1176 4014 in
1209 3952 1243 4013 la
1275 3948 1508 4013 instructione

227 4060 393 4122 mandata
423 4058 458 4120 in
488 4057 677 4139 Hispagna
709 4067 744 4120 et
777 4079 876 4121 come
907 4057 966 4140 piu
999 4060 1095 4121 volte
1127 4060 1173 4120 ho
1215 4057 1355 4136 scritto,
1389 4058 1508 4138 quella

228 4166 286 4228 via
308 4165 354 4228 mi
379 4184 467 4248 pare
492 4164 595 4227 unica
619 4168 651 4227 al
677 4167 877 4247 provedere
902 4186 923 4227 a
948 4175 1072 4246 queste
1096 4164 1325 4243 fluctuationi,
1351 4173 1386 4226 et
1411 4165 1508 4226 sela

229 4272 382 4336 Cesarea
405 4272 544 4335 Maesta
568 4272 690 4351 vomi,
716 4293 814 4335 come
839 4274 967 4352 credo,
995 4283 1087 4335 tutto
1119 4281 1244 4353 questo
1268 4270 1375 4335 iuoco
1399 4289 1508 4332 ancor

228 4382 293 4443 che
317 4380 369 4442 sia
393 4381 530 4462 grande
554 4379 700 4461 passeri
725 4392 760 4442 et
784 4379 1046 4460 extinguerassi
1070 4389 1202 4462 presto,
1227 4389 1263 4442 et
1286 4400 1331 4441 ne
1355 4380 1505 4441 havemo

228 4488 393 4570 exempio
417 4507 482 4569 per
506 4487 624 4568 quello
649 4487 714 4547 che
738 4487 784 4548 ha
808 4485 899 4548 fatto
915 4488 940 4548 il
955 4486 1057 4549 Duca
1082 4487 1116 4548 di
1134 4486 1275 4549 Loreno
1292 4496 1328 4547 et
1352 4484 1376 4546 il
1401 4492 1506 4546 conte

229 4596 401 4676 Palatin0,
418 4595 461 4657 de
477 4593 499 4655 li
519 4594 624 4656 duehi
641 4594 685 4655 de
702 4593 857 4655 Baviera
874 4602 909 4656 et
930 4593 966 4655 di
983 4591 1150 4674 Saxonia,
1167 4595 1225 4656 del
1241 4593 1343 4655 Duca
1356 4588 1505 4671 Giorgio

230 4712 264 4765 et
288 4703 332 4764 de
356 4703 392 4764 la
415 4700 489 4781 liga
513 4700 659 4764 suevica
681 4711 716 4762 et
741 4701 799 4762 del
823 4700 1004 4763 cardinale
1029 4699 1306 4783 Saltzpurgense
1340 4698 1407 4760 che
1439 4716 1507 4778 pur

229 4808 258 4874 si
282 4808 439 4872 diffende
463 4818 499 4870 et
523 4807 728 4871 aiutandolo
753 4807 841 4870 com’
865 4807 899 4869 io
923 4806 1070 4869 intendo
1100 4809 1124 4869 li
1148 4806 1264 4870 Duchi
1288 4804 1324 4868 di
1340 4803 1506 4884 Baviera,

229 4918 319 4981 eda
341 4916 488 4978 credere
512 4915 577 4977 che
602 4916 635 4977 le
660 4934 742 4977 cose
767 4934 828 4976 soe
852 4933 892 4976 se
924 4923 1188 4995 acqueteranno
1219 4933 1319 4975 come
1351 4911 1386 4973 di
1413 4919 1505 4973 tutto

255 5062 336 5112 Bolon,
347 5061 491 5099 Documenta
500 5059 637 5099 Lutherana.
1328 5037 1362 5089 31
