3559 5734
719 561 928 619 Η35Ε>0

186 710 401 790 Leodiensis,
416 709 564 772 hlotario
581 716 616 772 et
632 708 808 790 familiari,
824 710 870 771 ad
888 708 1130 771 charissimum
1148 709 1182 772 in
1200 708 1340 772 Christo
1355 709 1464 772 filium

184 830 339 881 nostrum
363 817 529 880 Carolum
552 817 799 880 Romanorum
831 826 867 879 et
891 816 1143 898 Hispaniarum
1168 818 1311 897 Regem
1338 817 1463 881 Catho-

183 926 285 988 licum
317 936 353 988 et
377 925 632 1007 Imperatorem
662 927 813 987 electum
839 935 874 986 et
899 922 1001 986 Sacri
1024 923 1164 1005 imperii
1188 926 1363 987 electores
1387 944 1465 989 cae·

184 1043 347 1113 terosque
382 1030 596 1094 Germaniae
631 1032 725 1093 altae
760 1041 794 1093 et
827 1033 956 1093 bassae
990 1031 1178 1112 episcopos
1213 1031 1394 1114 principes
1429 1042 1465 1095 et

182 1139 413 1203 comunitates
436 1138 567 1201 Nostro
594 1147 629 1200 et
653 1138 884 1219 Apostolicae
902 1136 1006 1200 Sedis
1021 1138 1159 1200 Nuncio
1185 1149 1220 1201 et
1244 1140 1387 1218 oratori,
1412 1160 1463 1203 sa-

182 1251 287 1311 lutem
313 1255 349 1310 et
372 1247 605 1328 apostolicam
632 1244 928 1309 benedictionem.

269 1355 357 1418 Cum
381 1355 427 1415 ad
452 1353 537 1416 nihil
562 1352 658 1415 aliud
683 1362 806 1415 nostra
829 1352 964 1434 aspiret
987 1351 1136 1417 intentio
1159 1374 1264 1434 quam
1280 1364 1318 1415 ut
1334 1353 1464 1416 Christi

180 1461 335 1525 fidelium
361 1460 496 1523 animas
521 1470 643 1522 nostra
667 1459 852 1539 diligentia
877 1460 955 1522 Deo
979 1459 1189 1523 lucrifacere
1213 1460 1399 1542 possimuS,
1426 1461 1462 1524 li·

179 1573 307 1632 benter
333 1568 428 1631 circa
451 1569 520 1630 hoc
541 1588 685 1649 operam
703 1566 848 1649 vigilem
866 1566 1075 1629 adhibemus
1090 1577 1128 1629 ut
1144 1568 1321 1630 diabolica
1336 1568 1463 1631 fraude

177 1676 320 1758 decepti
352 1677 397 1737 ad
432 1676 569 1737 caulam
599 1674 855 1738 dominicarum
880 1675 999 1736 ovium
1022 1685 1257 1755 revertantur,
1290 1688 1326 1738 et
1349 1676 1378 1737 si
1404 1677 1463 1758 qui

177 1785 374 1846 animorum
398 1782 634 1863 perversitate
659 1781 755 1845 ducti
780 1783 814 1843 in
847 1783 1014 1843 damnato
1047 1802 1110 1844 suo
1134 1781 1319 1864 proposito
1343 1793 1462 1846 contu·

177 1891 326 1954 maciter
349 1889 541 1971 persistere
566 1888 765 1968 maluerint,
790 1888 911 1951 taliter
934 1888 1238 1952 animadvertatur
1261 1889 1297 1952 in
1321 1889 1401 1953 illos
1424 1903 1464 1953 ut

177 1998 221 2060 sit
255 2007 378 2060 eorum
412 2017 529 2078 paena
560 1996 713 2059 caeteris
736 1995 772 2058 in
798 1995 1011 2077 exemplum.
1060 1995 1146 2057 Cum
1171 1997 1281 2059 multa
1305 2006 1340 2059 et
1364 1997 1464 2060 varia

177 2106 221 2166 de
253 2105 413 2167 novitate
444 2103 622 2185 dogmatis
654 2111 690 2165 et
722 2102 943 2164 scandalosis
976 2102 1133 2164 articulis
1165 2102 1287 2166 fratris
1317 2104 1462 2167 Martini

177 2212 322 2292 luther,
348 2210 482 2273 ordinis
503 2209 651 2272 fratrum
676 2208 927 2273 heremitarum
952 2206 1075 2271 Sancti
1100 2210 1292 2292 Augustini
1316 2211 1351 2273 in
1377 2210 1461 2275 Ger·

177 2318 296 2381 mania
320 2317 495 2397 degentis,
521 2316 623 2379 nobis
643 2317 851 2379 renunciata
868 2325 988 2379 essent
1009 2326 1045 2378 et
1070 2317 1229 2398 quotidie
1244 2317 1463 2382 referrentur

176 2446 270 2506 quae
287 2434 441 2487 mentem
459 2434 616 2488 nostram
634 2424 757 2487 mirum
773 2424 809 2486 in
826 2424 969 2487 modum
986 2427 1269 2503 commovebant,
1293 2435 1462 2507 tanquam

176 2555 197 2594 a
221 2544 346 2595 nostra
375 2532 549 2613 religione
579 2532 722 2613 penitus
756 2531 873 2594 aliena
904 2531 1122 2613 diligentiori
1155 2532 1318 2594 examine
1352 2533 1462 2614 digna

176 2661 256 2703 esse
288 2648 534 2711 censerentur;
568 2638 643 2701 Nos
674 2659 720 2700 ne
753 2638 894 2700 novitas
926 2637 1135 2720 hujusmodi,
1168 2647 1204 2701 et
1228 2659 1270 2701 ea
1295 2660 1386 2720 quae
1416 2643 1461 2703 ab

176 2748 256 2830 ipso
282 2748 317 2809 in
342 2747 524 2828 publicum
548 2747 689 2827 prolata
713 2756 749 2809 et
772 2746 807 2807 in
832 2745 973 2826 scriptis
999 2746 1105 2807 etiam
1129 2747 1276 2809 reducta
1298 2767 1369 2809 non
1384 2748 1461 2810 sine

175 2854 284 2917 animi
309 2854 421 2917 nostri
445 2852 669 2934 displicentia
693 2852 844 2915 vidimus
869 2864 905 2915 et
929 2854 1090 2935 legimuS,
1113 2854 1320 2916 scandalum
1341 2855 1375 2916 in
1399 2875 1462 2937 po·

176 2965 263 3045 pulo
287 2960 480 3024 christiano
505 2980 661 3041 suaeque
685 2969 721 3022 et
744 2960 894 3022 aliorum
918 2959 1103 3022 animabus
1126 2960 1304 3023 interitum
1333 2982 1460 3043 provo·

176 3079 318 3149 carent,
352 3070 515 3131 volentes
544 3088 610 3149 pro
644 3075 765 3129 nostro
790 3066 960 3147 pastorali
986 3066 1104 3129 officio
1130 3067 1321 3131 salubriter
1345 3069 1459 3149 provi·

176 3177 274 3255 dere,
298 3175 413 3257 ipsum
435 3195 500 3256 per
516 3174 603 3236 alias
628 3182 768 3235 nostras
792 3172 827 3236 in
852 3173 967 3236 forma
990 3173 1092 3235 brevi
1116 3173 1253 3237 litteras
1277 3187 1315 3237 ut
1332 3177 1378 3238 ad
1396 3197 1460 3238 nos

175 3282 330 3362 veniret,
365 3282 523 3345 adhaec
548 3291 586 3343 ut
619 3301 665 3343 ex
696 3301 757 3342 ore
789 3300 853 3343 suo
884 3280 1070 3343 veritatem
1100 3289 1136 3343 et
1168 3302 1311 3344 causam
1337 3302 1458 3345 eorum

176 3410 269 3471 quae
294 3390 437 3471 publice
462 3389 667 3470 disputabat
692 3396 728 3449 et
750 3388 786 3450 in
810 3387 953 3469 scriptis
975 3387 1165 3470 redigebat
1178 3388 1460 3471 intelligeremus

176 3497 385 3574 monuimus
410 3516 561 3577 cumque
575 3495 612 3557 id
628 3495 749 3557 facere
773 3506 983 3575 recusasset,
1008 3516 1049 3558 ac
1074 3516 1154 3558 eum
1179 3516 1249 3559 non
1267 3499 1459 3559 secundum

177 3603 246 3667 Dei
278 3604 394 3684 legem
428 3624 492 3686 per
519 3623 624 3684 quam
651 3602 855 3665 obedientia
880 3612 916 3665 et
939 3602 1118 3665 humilitas
1142 3603 1337 3685 precipitur
1368 3604 1459 3667 ince-

177 3714 262 3774 dere
294 3711 577 3774 manifestissime
603 3719 796 3783 constaret;
822 3709 896 3772 Nos
921 3731 965 3773 ne
990 3731 1090 3774 error
1113 3711 1311 3792 hujusmodi
1335 3711 1370 3773 in
1395 3711 1458 3774 Ec·

176 3819 289 3881 clesia
311 3818 381 3880 Dei
404 3820 470 3879 sub
495 3816 774 3880 dissimulatione
799 3826 835 3879 et
858 3817 1088 3899 negligentia,
1116 3826 1276 3900 tempore
1300 3839 1459 3900 praeser-

177 3927 237 3989 tim
253 3935 389 4006 nostro,
407 3926 623 4007 pertransire
640 3925 832 4004 videretur,
849 3925 1026 3987 nonnullis
1043 3946 1089 3987 ex
1103 3923 1258 3987 Sanctae
1272 3926 1460 3988 Romanae

177 4033 360 4097 Ecclesiae
392 4032 640 4095 Cardinalibus
671 4033 787 4094 vivae.
811 4032 910 4094 vocis
943 4033 1087 4096 oraculo
1122 4033 1375 4095 commissimus
1410 4046 1459 4113 ut,

176 4140 346 4205 adhibitis
376 4140 412 4203 in
437 4139 549 4203 Sacra
572 4140 711 4222 Pagina
743 4139 922 4221 magistris
946 4148 982 4202 et
1005 4139 1083 4202 aliis
1106 4139 1191 4202 viris
1216 4139 1340 4219 doctiS,
1372 4142 1459 4222 ejus·

176 4250 258 4311 dem
277 4247 424 4311 Martini
447 4246 542 4309 dicta
567 4256 602 4309 et
626 4247 759 4328 scripta
783 4246 974 4328 diligenter
1000 4246 1245 4310 examinarent
1269 4259 1304 4310 et
1328 4246 1459 4310 deinde

176 4355 210 4417 in
235 4354 448 4419 consistorio
472 4364 594 4417 nostro
611 4365 750 4418 secreto
768 4354 958 4427 referrent;
983 4374 1131 4435 quorum
1147 4354 1320 4417 relatione
1338 4355 1459 4418 audita

177 4473 212 4524 et
236 4461 380 4545 saepius
404 4471 540 4524 mature
565 4462 733 4541 discussa,
759 4463 959 4542 complures
972 4461 1145 4531 articulos
1162 4481 1208 4523 ex
1227 4461 1301 4524 eius
1318 4461 1459 4543 scriptis

178 4579 359 4633 extractos
383 4570 428 4631 de
453 4571 647 4631 eorundem
672 4567 910 4631 Cardinalium
943 4568 1090 4631 consilio
1123 4569 1383 4649 damnavimus,
1415 4570 1457 4632 is·

178 4689 321 4758 tumque
337 4678 528 4741 Martinum
550 4681 615 4740 sub
631 4678 757 4760 poenis
772 4689 855 4739 tunc
877 4678 1056 4759 expressis
1080 4677 1277 4742 monuimus
1301 4688 1339 4739 ut
1366 4676 1460 4740 infra

178 4796 312 4848 certum
344 4794 485 4867 tempus
509 4797 592 4849 tunc
620 4806 829 4868 expressum
853 4805 993 4849 errores
1017 4806 1100 4849 suos
1123 4794 1398 4867 recognosceret
1423 4794 1459 4847 et

178 4894 223 4954 ad
254 4893 381 4956 solitae
406 4892 566 4955 veritatis
590 4893 683 4955 viam
707 4902 956 4973 reverteretur,
982 4904 1017 4955 et
1041 4912 1133 4974 quae
1157 4892 1192 4955 in
1217 4894 1292 4955 eius
1317 4892 1457 4973 scriptis
