3559 5734
742 539 989 597 etiamn-0

316 684 517 749 Franceseo
533 684 750 767 Sichinghen
777 687 795 750 ὲ
820 686 870 749 ito
895 688 929 749 al
953 706 1063 768 paese
1087 687 1133 747 da
1151 683 1417 766 Wirtemberge
1443 702 1506 765 per

229 813 330 855 nome
355 791 390 855 di
415 792 533 857 Cesar.
580 793 697 856 Resta
721 794 787 857 che
811 794 845 856 io
870 794 977 857 scrivi
1002 794 1047 855 de
1070 791 1094 855 li
1118 791 1200 854 libri
1224 802 1259 854 et
1283 792 1384 855 brevi
1407 811 1504 854 rece·

227 900 320 981 puti:
346 909 437 963 tutto
461 899 481 962 e
505 908 598 963 stato
614 903 646 963 al
663 900 849 983 proposito
865 900 1078 979 assaissimo,
1103 908 1139 962 et
1156 899 1181 961 li
1197 899 1297 969 brevi
1314 897 1506 977 bonissimi,

229 1015 263 1069 et
286 1009 357 1070 ben
382 1007 463 1070 fatti
487 1017 522 1070 et
546 1029 567 1070 a
590 1017 721 1089 tempo.

316 1115 371 1176 De
403 1114 428 1177 li
462 1114 588 1178 danari
620 1116 686 1178 che
719 1136 784 1198 per
809 1115 952 1198 meggio
977 1115 1013 1177 di
1038 1114 1170 1177 Vostra
1195 1110 1364 1195 Signoria
1387 1113 1504 1175 Reve-

227 1221 435 1284 rendissima
459 1221 590 1285 Nostro
615 1221 769 1304 Signore
794 1244 849 1286 me
872 1225 920 1285 ha
943 1222 1033 1286 fatto
1058 1241 1173 1304 pagar
1196 1219 1256 1282 alli
1281 1219 1379 1301 Bini,
1411 1231 1446 1283 et
1469 1220 1505 1283 li-

228 1331 389 1392 berarme
415 1330 473 1392 dal
497 1330 637 1411 debito,
675 1333 758 1411 qual
788 1333 904 1394 havea
928 1351 994 1393 con
1019 1331 1108 1408 lore,
1132 1327 1314 1410 rengratio
1339 1328 1361 1390 l’
1376 1349 1447 1390 uno
1472 1338 1507 1389 et

229 1437 331 1498 laltro
356 1446 489 1517 quanto
513 1437 573 1519 pili
608 1456 732 1518 poss0;
765 1446 863 1501 certo
897 1439 1014 1500 hanno
1046 1436 1136 1500 fatto
1166 1438 1235 1498 ben
1267 1435 1311 1497 ad
1344 1455 1389 1498 un
1424 1434 1505 1496 fide-

229 1543 359 1605 lissimo
385 1543 556 1622 servitor,
580 1546 646 1606 che
671 1545 715 1606 de
740 1555 831 1607 tutto
855 1544 880 1607 il
905 1564 987 1607 core
1012 1564 1115 1607 cerea
1140 1553 1174 1606 et
1199 1563 1339 1624 sempre
1363 1541 1508 1606 cercara
1551 1622 1553 1626 ,

229 1651 342 1713 servir
366 1672 387 1712 a
412 1648 486 1713 Sua
509 1638 648 1713 San'trta
673 1661 709 1713 et
740 1673 762 1714 a
785 1652 919 1714 Vostra
943 1649 1111 1734 Signoria
1133 1649 1449 1713 Reverendissima
1473 1659 1509 1712 et

231 1755 302 1820 Sua
327 1757 567 1821 illustrissima
591 1779 683 1821 casa.

762 1946 781 1959 P(
797 1951 801 1958 ι
813 1945 917 1959 ’ΛᾺᾺΐΛΎυ
920 1945 969 1959 ΛΛᾺᾺ

842 2198 895 2262 93.
1175 2222 1177 2225 -

669 2313 709 2394 B,
737 2312 866 2393 Pacius
893 2311 1002 2393 Leoni
1030 2311 1072 2392 X
1191 2366 1194 2374 -

643 2460 728 2526 (Am
747 2459 819 2518 m
839 2460 914 2535 daps.
932 2458 968 2517 rt
992 2458 1025 2517 ll.
1044 2459 1097 2530 28.)

748 2578 784 2647 (1.
804 2581 880 2645 Junii
903 2581 989 2643 1521.)

317 2714 527 2777 Beatissime
550 2715 658 2777 Pater
681 2724 763 2795 post
786 2714 905 2777 humil.
931 2713 1272 2778 commendationem
1297 2725 1333 2778 et
1357 2715 1507 2779 devotis·

229 2823 317 2884 sima
340 2824 461 2885 oscula
485 2824 625 2903 pedum.
672 2821 776 2884 Mitto
801 2822 847 2884 ad
872 2820 1107 2885 Sanctitatem
1131 2821 1296 2886 Vestram
1327 2844 1397 2886 una
1430 2843 1507 2885 cum

228 2930 339 2991 literis
372 2929 478 3008 meis,
513 2949 709 2991 sermonem
745 2928 954 2991 Reverendi
987 2928 1098 3009 patris
1126 2928 1309 2993 Roffensis
1340 2929 1508 3011 Episcopi

228 3036 387 3099 habitum
414 3035 563 3098 Londini
589 3035 787 3098 astantibus
812 3045 847 3097 et
871 3034 1179 3098 circumstantibus
1203 3035 1350 3118 triginta
1374 3038 1426 3117 (ut
1450 3036 1504 3099 mi·

228 3143 358 3205 nimum
383 3142 510 3224 dicam)
534 3142 713 3204 hominum
742 3141 903 3222 milibuS,
939 3161 982 3204 ea
1007 3141 1080 3223 die,
1111 3163 1180 3223 qua
1212 3143 1292 3205 libri
1320 3143 1509 3206 lutheriani

228 3249 372 3332 publice
397 3248 571 3312 combusti
595 3248 748 3312 fuerunt.
800 3248 845 3310 Et
868 3247 952 3329 quia
975 3270 1046 3311 non
1070 3259 1142 3312 tam
1166 3250 1259 3330 ignis
1283 3251 1363 3314 huic
1388 3260 1508 3312 nostro

227 3357 363 3440 populo
388 3377 492 3437 quam
517 3376 633 3419 sermo
657 3366 730 3418 tam
754 3355 838 3417 boni
864 3365 900 3417 et
933 3354 1060 3417 eruditi
1094 3355 1282 3438 Episcopi,
1315 3357 1507 3420 Lutherum

226 3464 422 3527 hereticum
447 3463 643 3526 declaravit
668 3466 750 3545 (non
775 3462 889 3544 magis
915 3461 1005 3524 enim
1032 3462 1194 3525 doctrina
1218 3463 1300 3527 licet
1325 3465 1369 3527 sit
1393 3465 1508 3547 singu-

227 3572 322 3651 laris,
348 3593 452 3653 quam
477 3571 572 3634 vitae
597 3590 802 3651 morumque
828 3568 1018 3649 Sanctitas,
1042 3570 1251 3635 Roffensem
1271 3570 1509 3655 commendat)

226 3678 353 3761 putavi
386 3700 452 3762 per
485 3699 590 3760 quam
625 3678 865 3742 necessarium
898 3697 976 3740 esse
1011 3689 1050 3739 ut
1082 3679 1211 3742 Vestra
1239 3677 1437 3759 Sanctitas,
1473 3692 1510 3742 et

226 3787 321 3850 istud
347 3806 485 3850 sacrum
510 3786 701 3868 collegium
727 3806 770 3847 ex
795 3786 1053 3849 hocsermone
1076 3785 1335 3867 intelligerent,
1368 3800 1403 3850 et
1431 3809 1508 3870 per·

227 3894 409 3976 spicerent
442 3893 560 3974 qualia
593 3893 752 3955 membra
782 3890 979 3954 catholicae
1013 3891 1196 3956 Ecclesiae
1227 3895 1359 3958 habeat
1389 3897 1457 3958 hoc
1488 3917 1509 3958 a

226 4011 304 4064 toto
328 4003 417 4064 orbe
441 4010 513 4064 tam
538 4000 687 4063 divisum
713 4017 878 4078 regnum;
904 4018 1079 4079 quamque
1104 4012 1230 4081 parata
1253 4003 1323 4065 sint
1338 4004 1509 4065 adversus

228 4109 437 4192 pestilentes
460 4110 621 4185 hereses,
654 4118 689 4169 et
713 4104 871 4169 nefanda
895 4104 1102 4187 schismata,
1135 4118 1278 4173 strenue
1312 4112 1508 4177 decertare.

228 4217 274 4279 Et
300 4215 463 4297 quamvis
487 4214 685 4292 Roffensis,
719 4214 786 4275 hac
818 4211 988 4292 peculiari
1018 4213 1148 4277 virtute
1178 4219 1360 4298 praeditus
1393 4222 1437 4284 sit
1471 4233 1509 4284 ut

228 4335 364 4387 tantum
389 4322 497 4404 fugiat
526 4321 693 4404 gloriam,
718 4327 887 4400 quantum
909 4320 999 4381 haec
1023 4319 1137 4401 ipsum
1162 4337 1414 4407 persequatur,
1439 4351 1507 4412 ego

230 4443 346 4494 tamen
371 4429 580 4494 Sanctitatis
611 4428 763 4490 Vestrae
795 4425 1006 4507 prudentiae
1038 4429 1144 4493 etiam
1179 4434 1306 4514 opinor
1336 4446 1374 4498 ut
1397 4437 1508 4500 literis

231 4539 449 4621 Apostolicis
472 4538 522 4600 illi
548 4538 748 4599 declaretur
772 4552 877 4613 quam
902 4544 1088 4615 acceptum
1113 4539 1157 4601 sit
1181 4540 1295 4604 eidem
1320 4541 1508 4607 Sanctitati

231 4647 382 4709 Vestrae
411 4649 477 4709 hoc
508 4643 663 4707 olficium
693 4640 789 4722 quod
817 4638 897 4700 Deo
930 4649 966 4700 et
997 4641 1187 4707 universali
1219 4648 1400 4714 Ecclesiae
1436 4662 1508 4715 tam

232 4753 289 4835 pie
313 4765 348 4818 et
371 4753 505 4817 utiliter
527 4750 723 4834 praestitit;
758 4755 839 4810 sunt
863 4754 956 4817 enim
981 4777 1121 4835 omnes,
1153 4778 1231 4819 mea
1260 4758 1400 4839 quidem
1432 4780 1507 4822 sen.

233 4862 351 4944 tentia,
377 4864 422 4925 ad
447 4865 537 4925 hanc
561 4882 683 4924 veram
696 4857 879 4930 Ecclesiae
896 4865 1144 4928 defendendae
1159 4866 1309 4946 gloriam
1328 4865 1507 4937 incitandi.
