3559 5734
829 499 893 581 'eo
931 521 984 580 sn
1022 521 1081 580 ee

315 669 492 754 Consilio,
528 682 565 736 et
605 671 760 736 unanimi
793 693 969 737 consensu
998 672 1149 754 illorum,
1185 671 1325 737 nemine
1359 671 1598 757 discrepante,

316 800 523 863 processum
547 780 584 843 in
608 781 790 862 premissis
813 781 973 843 habitum
997 780 1159 862 primitus
1184 790 1219 844 et
1236 791 1318 844 ante
1336 781 1454 845 omnia
1470 803 1598 864 appro-

315 892 444 951 bantes
468 899 503 951 et
528 887 778 952 confirmantes
812 909 853 950 ac
883 909 1006 951 omnes
1037 902 1073 951 et
1103 889 1264 969 singulos
1287 899 1359 951 tam
1383 888 1468 952 iuris
1492 910 1599 971 quam

316 996 401 1059 facti
425 995 587 1058 defectus
611 995 701 1077 siqui
734 995 867 1058 lorsam
892 996 1149 1058 intervenerint
1171 995 1208 1058 in
1232 996 1415 1077 premissis
1442 997 1599 1078 dictique

314 1123 505 1185 processus
533 1103 775 1166 solemnitates
799 1102 949 1165 forsitan
973 1103 1087 1166 minus
1120 1103 1187 1165 rite
1212 1115 1383 1182 servatas,
1407 1113 1467 1165 aut
1492 1104 1598 1167 etiam

316 1212 352 1273 in
376 1221 489 1273 totum
514 1209 661 1273 omissas
686 1209 883 1291 apostolica
907 1209 1117 1272 auctoritate
1142 1230 1184 1272 ac
1209 1211 1254 1272 de
1279 1201 1480 1292 apostolice
1500 1223 1596 1294 pote·

319 1318 420 1380 statis
443 1317 664 1399 plenitudine
689 1316 914 1398 supplentes,
945 1317 979 1378 in
1010 1316 1105 1379 dicto
1133 1308 1351 1380 Consistorio
1383 1338 1449 1399 pro
1473 1319 1595 1381 Tribu-

314 1425 387 1488 nali
410 1426 578 1488 sedentes
601 1426 708 1486 talem
732 1423 767 1484 in
792 1423 945 1505 negocio
970 1434 1005 1486 et
1029 1444 1136 1485 causa
1159 1424 1359 1488 huiusmodi
1383 1426 1597 1488 sententiam

315 1533 439 1594 damus
464 1531 499 1594 in
523 1530 590 1593 hiis
617 1530 758 1611 scriptis
783 1542 818 1592 et
841 1530 1055 1612 proferimus
1078 1531 1114 1593 in
1139 1533 1233 1593 hunc
1258 1532 1317 1612 qui
1342 1531 1502 1613 sequitur
1526 1553 1595 1596 rno-

314 1641 414 1702 dum:
455 1636 621 1720 Supremi
654 1638 837 1718 eternique
872 1637 1076 1700 Tribunalis
1100 1639 1236 1718 Judex,
1261 1638 1360 1700 cuius
1384 1639 1505 1701 divina
1528 1639 1596 1701 dis·

315 1756 472 1829 ponente
488 1746 677 1809 clementia
692 1745 790 1807 vices
808 1744 965 1807 interris
980 1746 1137 1827 gerimus
1153 1766 1218 1808 nos
1232 1749 1344 1808 verbo
1370 1756 1405 1808 et
1429 1748 1596 1829 exemplo

316 1852 437 1916 docuit
452 1853 488 1916 in
505 1855 613 1915 rebus
628 1852 790 1914 omnibus
813 1851 1001 1931 presertim
1025 1851 1196 1935 gravibus
1220 1873 1337 1934 neque
1360 1851 1456 1915 fama
1479 1853 1598 1934 decipi

315 1981 431 2042 neque
447 1961 535 2023 alias
548 1972 730 2040 gestorum
740 1967 939 2020 vostrorum
953 1958 1152 2022 defensioni
1169 1959 1312 2022 nimium
1328 1959 1440 2041 inviti,
1455 1960 1598 2023 dicente

315 2067 476 2147 domin0,
513 2066 727 2128 descendam
759 2074 794 2128 et
817 2065 949 2127 videbo
979 2077 1097 2156 utrum·
1128 2069 1261 2129 clamor
1286 2065 1344 2148 qui
1369 2068 1414 2129 ad
1438 2088 1494 2130 me
1518 2087 1596 2149 per·

316 2174 433 2254 venit,
470 2194 579 2256 opere
612 2171 888 2254 compleverint,
923 2182 958 2234 et
983 2174 1108 2235 eodem
1132 2173 1287 2254 iubente,
1312 2194 1451 2236 servum
1476 2194 1596 2236 coram

314 2302 352 2344 se
376 2281 547 2344 rationem
565 2281 717 2342 reddere
733 2279 976 2352 villicationis;
1015 2281 1090 2342 Nos
1119 2280 1228 2361 igitur
1251 2293 1354 2361 gesta
1377 2291 1498 2343 vestra
1521 2301 1595 2344 cor·

312 2388 433 2469 rigere
467 2400 502 2450 et
532 2390 577 2450 ad
602 2386 763 2449 veritatis
787 2387 948 2449 semitam
972 2388 1143 2450 reducere
1168 2388 1268 2450 iuxta
1295 2377 1459 2468 Apostoli
1492 2388 1595 2451 Nico·

315 2495 434 2576 laique
458 2494 724 2576 predecessoris
754 2494 866 2556 nostri
899 2496 1127 2573 sententiam,
1160 2504 1198 2555 ut
1230 2516 1296 2576 par
1328 2507 1391 2574 est,
1422 2497 1597 2574 volentes,

314 2623 526 2684 quamquam
550 2601 720 2683 usquein
745 2602 812 2663 hec
836 2612 1001 2682 tempora
1022 2601 1117 2664 fama
1141 2602 1313 2665 suadente
1329 2622 1395 2684 pro
1413 2616 1597 2684 comperto

313 2711 536 2788 haberemus,
548 2708 714 2771 dilectum
727 2707 837 2770 filium
850 2707 980 2786 Julium
994 2708 1155 2771 Electum
1168 2709 1413 2772 Florentinum
1426 2710 1596 2772 natalium

313 2816 388 2898 pati
413 2815 590 2878 defectum
623 2815 775 2895 ideoque
813 2835 893 2876 cum
928 2834 972 2876 eo
1011 2814 1044 2875 in
1086 2816 1308 2895 promotione
1336 2818 1383 2879 ad
1409 2817 1595 2879 ecclesiam

313 2921 536 2985 florentinam
576 2921 774 3002 predictam
811 2923 856 2983 de
893 2921 1170 2984 Venerabilibus
1205 2922 1354 2985 fratrum
1397 2933 1597 2986 nostrorum

314 3038 436 3092 sancte
452 3029 618 3092 Romane
636 3028 818 3092 Ecclesiae
843 3028 1083 3091 Cardinalium
1110 3028 1256 3092 consilio
1272 3029 1598 3111 dispensaverimus

313 3146 420 3218 prout
429 3135 517 3199 alias
527 3157 635 3218 super
646 3136 771 3198 eodem
784 3135 926 3197 defectu
937 3157 958 3197 a
968 3136 1128 3217 pluribus
1141 3137 1596 3217 predecessoribusnostris

314 3244 556 3325 dispensatum
581 3243 689 3305 fuisse
714 3243 965 3324 comperimus;
991 3242 1156 3323 quoniam
1182 3252 1299 3307 tamen
1324 3244 1484 3306 nonnulli
1508 3245 1594 3307 anti-

314 3350 455 3432 quiores
479 3350 584 3412 etiam
616 3349 788 3430 sanguine
821 3349 1018 3430 coniuncti,
1049 3359 1087 3412 ut
1114 3353 1150 3411 in
1179 3352 1286 3412 rebus
1319 3351 1490 3433 gravibus
1519 3350 1596 3414 fieri

313 3459 418 3534 solet,
444 3478 517 3519 rem
542 3456 645 3519 aliter
669 3476 708 3518 se
731 3458 865 3518 habere
890 3456 1169 3538 arbitrabantur,
1194 3467 1230 3520 et
1254 3459 1357 3521 nobis
1380 3462 1595 3529 retulerunt;

314 3584 378 3626 nos
403 3565 448 3625 de
471 3564 653 3644 premissis
676 3573 810 3626 certam
834 3563 995 3626 notitiam
1020 3584 1090 3627 non
1115 3566 1306 3643 habentes,
1342 3565 1490 3629 stimulis
1514 3587 1594 3628 con-

313 3671 460 3733 scientie
494 3670 634 3752 agitati,
669 3653 855 3734 veritatem
887 3671 940 3733 rei
968 3670 1134 3733 seriosius
1169 3672 1298 3754 inquiri
1331 3672 1517 3753 cupientes
1550 3693 1593 3735 ne

312 3777 534 3857 illegitimum
567 3796 633 3857 pro
664 3776 823 3858 legitimo
857 3791 892 3839 et
926 3777 1120 3858 legitimum
1160 3799 1225 3860 pro
1263 3779 1449 3862 illegitimo
1487 3781 1593 3842 habe·

312 3903 441 3963 remus,
466 3882 605 3945 dilectis
629 3882 710 3945 filiis
733 3883 925 3947 Francisco
951 3896 1153 3948 sanctorum
1177 3885 1348 3965 Johannis
1373 3897 1408 3948 et
1433 3885 1535 3949 Pauli
1560 3898 1595 3948 et

315 3990 503 4053 Leonardo
529 4004 650 4053 sancte
675 3988 838 4053 Susanne
862 4001 901 4055 tt.
927 3992 1134 4072 presbiteris
1159 3992 1407 4056 Cardinalibus
1432 3993 1594 4056 dedimus

313 4096 347 4159 in
377 4097 553 4159 mandatis
587 4109 624 4158 ut
660 4118 768 4180 super
804 4098 989 4178 premissis
1034 4119 1072 4161 se
1111 4099 1317 4180 diligentius
1351 4101 1595 4180 informarent,

315 4203 420 4266 etiam
441 4224 589 4285 quorum
606 4205 793 4267 interesset
810 4205 943 4276 citatis;
970 4226 1015 4268 ex
1041 4226 1188 4287 quorum
1212 4216 1294 4288 post
1317 4207 1505 4289 plurimum
1530 4210 1594 4271 Te·

313 4310 416 4373 stium
442 4330 591 4372 examen
614 4331 680 4392 per
704 4331 765 4374 eos
788 4311 979 4393 diligenter
1004 4313 1136 4375 factum
1169 4315 1204 4376 in
1229 4313 1447 4377 Consistorio
1471 4326 1593 4377 nostro

312 4427 450 4481 secreto
475 4418 706 4481 relationibus
731 4419 898 4483 dilectum
931 4419 1039 4483 filium
1071 4420 1202 4500 Julium
1225 4421 1385 4483 Electum
1416 4421 1592 4502 prefatum

311 4524 507 4607 legitimum
539 4546 617 4588 esse
655 4533 759 4605 atque
798 4546 844 4588 ex
880 4527 1041 4607 legitimo
1077 4528 1301 4591 matrimonio
1327 4538 1446 4591 natum
1483 4528 1594 4591 fuisse

312 4632 519 4713 reperimus.
566 4631 728 4694 Veritate
753 4632 873 4714 itaque
905 4633 1129 4696 manifestata
1157 4655 1235 4697 cum
1264 4636 1362 4697 iuxta
1394 4635 1594 4698 Canonicas

313 4737 541 4817 Sanctiones‚
578 4740 682 4802 cedat
713 4739 833 4820 opinio
866 4740 1025 4820 veritati,
1057 4740 1320 4824 Omnipotentis
1348 4740 1416 4804 Dei
1448 4742 1594 4822 eiusque

312 4846 500 4912 individue
528 4845 710 4910 Trinitatis
734 4846 852 4909 Patris
883 4857 920 4909 et
943 4847 1023 4911 Filii
1048 4858 1083 4910 et
1114 4846 1268 4936 Spiritus
1301 4845 1424 4912 Sancti
1453 4849 1593 4916 nomine
