3559 5734
9 1 232 147 ,w
314 28 325 39 ,

704 537 951 601 mamma

185 691 271 754 ritus
280 741 289 771 ,
321 689 531 754 cerimonias
555 700 694 753 nostras
725 702 786 753 aut
821 694 936 754 bonos
959 712 1076 754 mores
1108 710 1191 757 ase
1216 691 1367 777 scripta,
1404 705 1466 759 aut

185 799 396 861 scandalosa
427 807 463 861 et
494 797 631 861 famosa
655 809 754 878 sunt,
787 808 868 879 post
895 798 1172 862 admonitionem
1196 804 1242 862 ab
1267 803 1477 865 oratoribus

186 904 350 969 Caesaris
372 904 528 969 Martino
554 904 703 985 factam,
734 913 770 967 et
794 925 932 968 rursum
956 908 1002 967 ab
1027 904 1161 968 eisdem
1187 906 1330 971 Caesari
1355 909 1469 971 reddi·

186 1022 269 1093 tum,
297 1024 422 1076 contra
445 1010 560 1093 ipsum
584 1012 776 1077 Martinum
799 1012 974 1093 procedet
998 1011 1131 1076 Caesar
1154 1014 1232 1078 sine
1255 1036 1364 1096 mora,
1400 1037 1469 1079 om-

186 1119 292 1182 nibus
316 1119 395 1183 aliis
418 1118 709 1182 excusationibus
733 1118 958 1200 posthabitis.

275 1226 316 1289 Si
339 1238 457 1290 autem
480 1225 558 1308 ipse
582 1225 758 1288 Martinus
782 1226 989 1307 supradicta
1013 1227 1105 1289 mala
1129 1230 1378 1312 recantaverit,
1408 1241 1468 1294 aut

187 1354 329 1397 sensum
359 1336 492 1397 clarum
523 1332 737 1396 catholicum
769 1332 927 1413 dederit,
962 1332 1158 1396 abiurando
1190 1336 1297 1399 alium
1327 1358 1469 1401 sensum

187 1461 290 1521 quem
323 1441 434 1522 ipsius
465 1438 598 1523 scripta
630 1442 803 1504 hactenus
836 1442 932 1523 apud
964 1441 1096 1503 clerum
1121 1451 1157 1505 et
1180 1446 1351 1526 populum
1376 1466 1469 1508 eom-

191 1549 346 1611 muniter
378 1548 648 1630 generaverint,
682 1548 839 1629 benigne
863 1549 1056 1629 recipiatur
1080 1560 1115 1611 et
1139 1552 1323 1633 superbis
1347 1552 1473 1615 librum

191 1657 465 1719 declaratorium
491 1657 584 1720 edat.

277 1761 381 1844 Quod
407 1762 436 1824 si
460 1761 598 1844 aliquos
622 1762 733 1826 libros
758 1774 797 1824 ut
821 1783 904 1826 suos
929 1764 1132 1845 agnoverit,
1158 1764 1295 1847 aliquos
1317 1769 1471 1848 abnega·

188 1871 298 1950 verit,
333 1880 416 1933 tune
449 1890 571 1933 eorum
602 1870 773 1933 librorum
803 1891 893 1953 quos
917 1880 1080 1934 secernet
1114 1892 1134 1934 a
1165 1872 1254 1951 suis,
1288 1874 1473 1954 catalogus

188 1977 412 2039 describatur
436 1980 501 2040 sub
528 1989 612 2039 nota
635 1977 768 2059 publici
792 1977 1008 2059 tabellioniS,
1034 1989 1069 2041 et
1093 1999 1200 2060 super
1217 1979 1368 2041 caeteris
1384 1999 1473 2061 quos

188 2104 272 2146 suos
296 2085 391 2147 dicet
413 2085 665 2166 interrogetur,
691 2094 728 2146 ut
751 2084 787 2147 in
812 2085 969 2147 secundo
995 2096 1030 2146 et
1054 2084 1159 2147 tertio
1184 2086 1353 2149 articulo:
1413 2135 1419 2147 .

279 2191 376 2254 Libri
401 2200 518 2254 autem
542 2189 679 2253 interea
695 2200 963 2273 sequestrentur
979 2202 1017 2252 ut
1033 2201 1160 2272 postea
1176 2202 1355 2274 tamquam
1372 2214 1469 2255 scan-

190 2299 306 2361 dalosi
329 2298 457 2362 famosi
482 2308 518 2360 et
541 2298 727 2379 pernitiosi
752 2301 1015 2378 comburantur,
1044 2299 1103 2360 vel
1127 2300 1172 2361 de
1195 2299 1265 2361 illis
1289 2310 1396 2381 prout
1419 2300 1473 2362 ius

187 2408 346 2487 postulat
369 2405 445 2468 fiat!

804 2886 857 2950 43.

260 3005 484 3105 Responsum
513 3002 673 3082 Caesaris
701 3003 747 3082 ad
776 3003 1078 3083 consultationem
1106 3001 1230 3082 Status
1258 3003 1411 3104 imperii.

641 3141 724 3212 (Acta
742 3140 876 3200 Wormar.
895 3140 940 3203 tol.
957 3140 1027 3210 107.)

282 3270 393 3333 Sacra
417 3268 594 3331 Caesarea
618 3269 788 3331 Maiestas
813 3278 879 3331 etc.
926 3269 1098 3331 Dominus
1129 3282 1251 3331 noster
1279 3273 1471 3336 clementis-

189 3380 299 3442 simus
323 3376 459 3459 audivit
483 3389 517 3438 et
542 3376 716 3439 intellexit
739 3375 941 3438 Electorum
963 3376 1237 3458 Principumque
1263 3389 1298 3441 et
1321 3391 1474 3444 statuum

189 3484 282 3548 sacri
307 3484 450 3566 Imperii
475 3484 750 3566 disputationem
775 3483 1044 3546 consultationis
1068 3484 1259 3547 Martinum
1281 3486 1474 3552 Lutherum

190 3594 451 3669 concernentiS,
476 3600 512 3653 et
529 3612 574 3653 ex
590 3593 657 3653 hac
674 3610 745 3653 non
760 3589 856 3652 aliud
872 3599 992 3671 potest
1009 3590 1205 3672 percipere,
1222 3612 1327 3673 quam
1344 3596 1475 3657 bonam

189 3720 340 3781 aequam
360 3699 581 3761 voluntatem
603 3708 637 3760 et
654 3697 885 3779 diligentiam,
903 3717 992 3778 quas
1008 3696 1077 3779 ipsi
1093 3708 1261 3779 tanquam
1275 3699 1475 3764 Christiana

190 3807 311 3888 capita
341 3826 412 3868 non
443 3807 555 3867 solum
587 3807 631 3867 ad
665 3806 835 3867 honorem
866 3813 901 3866 et
925 3803 1136 3867 beneficium
1161 3805 1252 3867 sacri
1276 3806 1412 3888 imperii
1439 3819 1474 3869 et

190 3912 394 3977 teutonicae
427 3912 581 3975 nationis
614 3912 677 3973 sed
702 3910 809 3973 etiam
833 3920 991 3973 sanctam
1016 3910 1253 3974 Christianam
1277 3913 1473 3978 Ecclesiam

191 4030 227 4083 et
250 4019 356 4082 fidem
381 4021 525 4097 habent,
550 4017 683 4081 confisa
708 4018 803 4099 quod
827 4016 897 4100 ipsi
921 4027 1114 4098 propterea
1133 4020 1227 4098 apud
1245 4017 1474 4101 Omnipoten-

190 4143 263 4191 tem
294 4129 409 4191 Deum
440 4135 703 4207 consequantur
735 4126 908 4207 premium
943 4134 978 4187 et
1009 4125 1104 4207 apud
1136 4127 1302 4188 mundum
1335 4128 1475 4190 laudem

191 4245 228 4297 et
259 4234 613 4315 congratulationem.
661 4233 744 4314 Ipsa
774 4253 915 4313 quoque
940 4230 1116 4294 Caesarea
1141 4233 1310 4296 Maiestas
1335 4235 1380 4296 de
1404 4244 1475 4297 tam

191 4340 394 4404 Christiana
411 4351 446 4403 et
462 4340 631 4403 benivola
645 4339 826 4402 oblatione
843 4341 953 4401 habet
971 4339 1021 4401 eis
1038 4340 1214 4421 benignas
1231 4350 1266 4402 et
1283 4340 1475 4403 clementes

191 4448 340 4529 gratias

283 4554 476 4636 Postquam
506 4564 624 4617 autern
655 4574 775 4618 eorum
807 4552 1020 4615 consultatio
1050 4553 1164 4615 tendit
1196 4574 1239 4615 eo
1271 4555 1316 4616 ad
1348 4575 1473 4617 vocan-

190 4665 275 4724 dum
294 4661 497 4743 liutherum,
523 4672 558 4723 et
579 4682 658 4725 eum
675 4661 896 4725 solummodo
913 4660 958 4722 ad
975 4660 1266 4741 interrogandum
1283 4671 1318 4723 et
1333 4662 1473 4724 audien-

189 4771 288 4847 dum,
305 4769 389 4849 quid
407 4779 531 4832 contra
546 4782 702 4832 nostram
719 4778 878 4831 sanctam
895 4766 1011 4848 fidem,
1024 4768 1277 4850 praedicatum,
1295 4769 1475 4851 scriptum,

190 4885 229 4939 et
259 4876 469 4957 impressum
499 4876 670 4957 fateatur,
704 4878 771 4938 hoc
795 4876 910 4957 ipsum
936 4884 1142 4949 revocetur;
1180 4874 1209 4937 si
1234 4897 1319 4938 vero
1342 4875 1378 4937 id
1404 4897 1474 4938 non
