3559 5734
809 535 1054 592 Qud&

292 702 376 742 cosa
407 681 496 762 sapii
528 684 647 764 quella
674 685 739 745 che
764 697 932 765 questoro
958 704 1046 745 sono
1071 688 1142 746 cosi
1167 682 1345 764 impacciti
1372 684 1438 746 che
1463 685 1572 747 fanno

292 788 427 871 peggio
460 790 524 852 che
557 799 689 871 poteno
715 800 848 872 quanto
873 792 932 873 pit
958 791 1096 874 grande
1121 792 1139 854 i·
1164 790 1220 853 chi
1245 792 1292 854 da
1314 791 1435 855 Roma
1458 791 1573 871 viene,

292 895 480 978 presertim
505 918 570 979 per
594 918 698 961 nome
723 899 781 961 del
806 899 919 981 Papa.

382 1003 437 1065 De
461 1005 609 1067 mandat
633 1006 738 1068 alcun
757 1007 848 1069 altro
872 1026 944 1069 non
961 1005 1152 1082 cardinale,
1177 1006 1228 1068 sel
1244 1006 1272 1067 si
1287 1004 1325 1069 la
1340 1006 1471 1086 perche
1487 1006 1507 1069 l'
1523 1005 1575 1069 usi

293 1109 351 1191 pit
377 1109 460 1173 fede
485 1120 521 1173 et
545 1111 732 1194 diligentia
755 1114 820 1176 che
845 1112 887 1176 sii
912 1123 967 1177 sta
991 1112 1039 1175 fin
1064 1117 1121 1194 qul
1147 1132 1212 1194 per
1235 1132 1291 1174 me
1314 1123 1417 1174 usata
1441 1123 1477 1175 et
1500 1134 1574 1176 usa·

292 1215 374 1296 rasi,
399 1227 496 1280 certo
521 1238 586 1300 per
609 1220 658 1282 tal
683 1241 790 1282 causa
814 1240 884 1283 non
909 1223 1082 1302 besogna,
1114 1229 1150 1282 et
1174 1218 1209 1280 di
1234 1218 1288 1281 cio
1314 1238 1384 1281 non
1409 1240 1454 1283 ne
1480 1221 1575 1283 volio

293 1324 385 1387 altro
408 1325 609 1388 testimonio
634 1329 700 1390 che
725 1327 761 1389 di
786 1327 874 1390 tanti
900 1327 1035 1390 italiani
1055 1341 1092 1390 et
1107 1326 1273 1408 spagnoli
1289 1325 1353 1388 che
1369 1347 1407 1389 se
1424 1336 1575 1390 trovano

294 1431 330 1493 in
354 1442 480 1513 questa
504 1433 627 1514 Dieta,
657 1435 734 1496 dird
770 1455 837 1516 pur
862 1436 975 1498 anche
1000 1433 1035 1496 di
1060 1433 1129 1496 essi
1154 1433 1270 1496 istessi
1294 1433 1445 1496 alemani
1471 1434 1576 1497 etiarn

294 1539 501 1619 adversarii,
526 1540 550 1603 li
574 1542 670 1622 quali
694 1562 761 1623 pur
786 1554 916 1623 troppo
940 1541 969 1604 si
994 1544 1197 1604 lamentano
1221 1540 1316 1602 della
1339 1541 1409 1603 mia
1433 1540 1516 1604 fede
1540 1555 1576 1605 et

295 1645 498 1727 diligentia,
531 1647 696 1711 vedendo
728 1649 749 1710 l’
768 1647 892 1711 effetto
925 1648 1018 1712 delle
1051 1650 1169 1709 buone
1202 1646 1401 1729 operationi
1429 1669 1494 1730 per
1519 1670 1576 1712 me

295 1753 384 1816 fatte
408 1751 456 1817 fin
481 1753 527 1816 da
550 1753 737 1837 principio,
762 1768 798 1819 et
822 1756 941 1837 quello
966 1756 1032 1817 che
1055 1774 1121 1836 per
1143 1754 1228 1834 ogni
1243 1756 1363 1817 buona
1378 1754 1577 1818 coniettura

296 1860 325 1922 si
356 1862 427 1941 pud
459 1859 595 1924 iudicar
623 1863 689 1925 che
712 1861 746 1925 io
771 1863 813 1926 sii
838 1883 902 1944 per
926 1871 1066 1925 ottener
1090 1860 1210 1923 avanti
1235 1862 1300 1923 che
1325 1861 1358 1923 io
1383 1862 1474 1944 parti
1501 1883 1522 1925 o
1547 1861 1575 1923 si

297 1967 428 2030 resolvi
451 1968 487 2030 la
510 1967 619 2042 dieta;
644 1971 673 2031 sl
698 1970 763 2031 che
787 1977 921 2051 quanto
946 1990 967 2031 a
991 1967 1046 2031 cio
1062 1964 1135 2030 Sua
1150 1965 1288 2029 Santita
1313 1979 1349 2030 et
1365 1969 1409 2031 V.
1427 1968 1462 2031 S.
1481 1970 1577 2032 Rma

261 2116 265 2119 -
297 2096 342 2137 ne
374 2073 477 2137 stiino
510 2076 555 2138 de
578 2077 675 2138 buon
700 2076 817 2140 animo
842 2087 878 2138 et
902 2095 972 2138 non
996 2074 1185 2138 manchino
1210 2073 1245 2136 di
1269 2076 1417 2138 mandar
1441 2076 1474 2138 le
1499 2097 1577 2158 pro·

297 2180 426 2247 visioni
450 2181 572 2244 debite
597 2181 693 2263 quali
715 2202 937 2261 recercamo,
970 2183 1035 2245 che
1059 2201 1166 2262 spero
1191 2201 1212 2243 o
1237 2181 1303 2243 che
1330 2182 1473 2245 tandem
1501 2185 1578 2245 har-

298 2308 395 2351 remo
420 2288 441 2352 l’
458 2289 607 2370 intento,
632 2311 653 2351 o
678 2290 987 2354 manifestamente
1015 2290 1044 2352 si
1069 2289 1287 2371 cognoscere
1312 2289 1424 2371 peril
1448 2292 1579 2352 mundo

298 2417 369 2459 non
394 2416 491 2459 esser
515 2409 678 2460 mancato
703 2397 746 2460 ne
771 2397 817 2460 da
834 2396 908 2461 Sua
925 2396 1063 2460 Santit‘a
1088 2397 1131 2459 ne
1156 2396 1214 2458 dai
1238 2396 1387 2459 ministri
1408 2398 1485 2460 suoi
1501 2398 1579 2460 fare

299 2504 322 2566 il
356 2502 488 2569 debito,
535 2502 630 2566 Baso
662 2504 890 2568 humilmente
923 2504 972 2587 gli
1004 2502 1100 2585 piedi
1129 2502 1164 2566 di
1189 2502 1225 2566 S.
1251 2503 1389 2566 Santita
1414 2514 1450 2567 et
1474 2504 1510 2566 di
1535 2504 1579 2567 V.

299 2610 336 2674 S.
360 2611 457 2675 Rma
480 2613 515 2675 le
539 2632 640 2675 sacre
664 2611 768 2674 mani.
815 2611 1049 2675 Wormatiae.

837 2826 932 2837 νυν-»ἥκω
941 2828 956 2835 ω

913 3077 968 3141 42.

589 3192 872 3274 deliberationes
900 3192 940 3271 ln
967 3192 1110 3294 negotio
1137 3192 1295 3273 lutheri.

753 3339 839 3411 (Acta
855 3336 991 3398 Womao.
1008 3338 1054 3397 fol.
1072 3340 1125 3408 86.)

391 3473 477 3536 Post
510 3473 654 3553 longam
677 3468 771 3532 inter
793 3466 951 3531 Nuncios
976 3466 1164 3550 pontificiS,
1189 3479 1225 3529 et
1248 3489 1416 3550 magnum
1440 3469 1584 3532 Cancel-

302 3579 442 3660 larium,
478 3589 513 3641 et
545 3576 794 3641 Confessorem
827 3574 1026 3638 Caesareae
1058 3573 1255 3637 Maiestatis
1288 3574 1584 3657 disceptationem

303 3688 386 3768 quid
410 3686 446 3750 in
469 3707 508 3751 re
532 3687 736 3749 Lutherana
758 3683 961 3747 faciendum
985 3692 1089 3762 esset,
1126 3682 1239 3745 visum
1265 3692 1319 3745 est
1342 3682 1487 3746 tandem
1512 3683 1585 3745 Do··

303 3793 397 3857 mino
422 3793 643 3858 Cancellario
673 3804 708 3855 et
732 3789 954 3868 Confessori,
987 3788 1046 3873 qui
1071 3791 1242 3872 precipue
1266 3791 1334 3853 ista
1358 3788 1523 3871 concepit
1548 3801 1585 3853 et

304 3900 462 3981 dictavit,
486 3900 537 3964 ita
560 3920 638 3962 esse
663 3900 852 3963 aCaesare
874 3898 1151 3980 procedendum,
1173 3896 1474 3978 respondentibus
1489 3896 1584 3959 Nun-

304 4007 367 4070 ciis
391 4028 429 4071 se
452 4008 520 4070 ista
543 4027 614 4069 non
638 4015 775 4088 petere:
801 4015 920 4068 tamen
944 4003 973 4067 si
989 4004 1121 4067 Caesar
1144 4003 1194 4066 ita
1213 4004 1355 4067 omnino
1371 4004 1585 4083 decreverit,

305 4135 350 4178 ex
375 4135 414 4177 se
437 4112 556 4177 faciat.

393 4221 619 4283 Mitterentur
647 4218 755 4302 aliqui
784 4218 850 4281 viri
875 4216 959 4281 boni
984 4226 1020 4280 et
1044 4217 1171 4280 eruditi
1196 4239 1218 4280 a
1245 4219 1399 4282 Caesare
1423 4219 1467 4280 ad
1494 4218 1585 4280 Mar-

305 4329 416 4392 tinum
442 4329 537 4410 quod
560 4327 794 4408 interrogent,
819 4345 864 4388 an
880 4323 1091 4388 confiteatur
1105 4324 1215 4387 libros
1232 4345 1354 4387 omnes
1371 4335 1433 4387 aut
1448 4325 1588 4406 aliquos

306 4434 419 4499 exiis
443 4435 502 4518 qui
527 4435 602 4498 eius
625 4434 765 4497 nomine
790 4432 1103 4512 circumferuntur,
1128 4453 1210 4494 suos
1235 4453 1331 4505 esse;
1361 4452 1449 4514 quos
1474 4432 1503 4495 si
1527 4453 1588 4495 ne·

307 4541 447 4624 gaverit
470 4562 552 4604 suos
577 4540 715 4605 esseio
740 4550 935 4603 strumento
959 4539 1103 4621 publico
1128 4541 1303 4603 declaret:

396 4647 436 4711 Si
459 4658 577 4712 autem
593 4648 767 4712 Martinus
790 4647 1041 4729 recognoverit
1065 4646 1176 4709 libros
1199 4667 1279 4709 esse
1300 4667 1382 4710 suos
1398 4656 1434 4709 et
1447 4648 1481 4709 in
1499 4646 1588 4729 ipsis

307 4764 476 4820 contenta
499 4756 585 4820 velit
612 4754 822 4836 defendere,
849 4775 915 4818 nec
945 4764 1129 4817 recantare
1158 4753 1310 4817 voluerit
1333 4774 1423 4836 quae
1438 4775 1467 4816 -a
1491 4752 1587 4816 Sede

310 4862 518 4945 Apostolica
542 4872 623 4925 sunt
647 4865 823 4943 damnata,
851 4872 911 4924 aut
935 4873 1060 4924 contra
1082 4859 1204 4942 fidem,
1229 4860 1405 4941 Concilia,
1430 4861 1587 4939 decreta,
