3559 5734
711 528 958 588 Quid-⁶

194 674 336 742 ficiendi
359 677 478 761 aliqua
501 681 797 742 sustentabamur.
845 678 895 741 At
918 700 1005 743 vero
1030 698 1140 760 nunc,
1172 684 1360 763 postquam
1385 679 1473 746 eius-

194 787 274 849 dem
298 785 368 850 Dei
390 786 509 849 omnia
532 786 764 867 gubernantis
788 785 936 866 iudici0,
973 788 1068 868 quod
1092 798 1175 851 tunc
1199 808 1384 852 commune
1408 790 1473 852 tibi

195 913 272 955 cum
298 893 376 956 aliis
399 892 624 974 Principibus
648 893 729 974 fuit,
753 894 788 956 id
813 904 926 957 toturn
949 894 1192 960 videturesse
1217 899 1262 959 ad
1276 908 1358 960 tuae
1378 896 1476 961 Ser¹¹⁸

195 999 379 1064 arbitrium
409 1010 696 1083 potestatemque
721 1002 893 1079 delatum,
928 1011 966 1063 ut
989 1023 1100 1084 penes
1124 1013 1160 1065 te
1185 1023 1290 1066 unum
1315 1004 1370 1067 ius
1391 1004 1476 1067 belli

194 1107 365 1190 pacisque
389 1107 453 1178 sit;
479 1108 603 1170 eadem
628 1107 770 1189 quidem
795 1128 913 1171 sumus
937 1108 1133 1190 cupiditate
1157 1118 1193 1172 et
1216 1111 1407 1191 sententia,
1440 1120 1477 1174 ut

196 1212 405 1277 conficiatur
427 1233 512 1295 pax,
537 1209 600 1276 sed
624 1233 688 1296 spe
714 1225 749 1276 et
771 1212 842 1277 fide
867 1214 1026 1278 ducimur
1049 1218 1159 1278 multo
1189 1217 1333 1281 maiore.
1381 1217 1476 1281 Satis

197 1321 289 1384 enim
313 1320 473 1403 aspirare
497 1319 635 1402 coeptis
659 1321 861 1403 optatisque
885 1321 1016 1385 nostris
1040 1323 1154 1386 Deum
1179 1324 1372 1406 cernimus,
1398 1346 1476 1388 curn

196 1429 291 1510 quod
315 1431 361 1491 ab
386 1447 429 1490 eo
453 1428 633 1509 supplices
657 1430 909 1508 precabamur,
944 1428 1020 1492 eius
1043 1429 1147 1492 nobis
1171 1432 1407 1514 concedendi,
1432 1433 1477 1495 ad

198 1536 366 1617 optimum
391 1545 427 1597 et
457 1534 783 1597 christianissimum
807 1534 1010 1618 Principem
1045 1536 1359 1621 dignissimumque
1392 1538 1477 1603 Cae·

198 1663 310 1705 sarem
335 1641 497 1704 videmus
521 1641 675 1704 delatam
701 1661 779 1704 esse
803 1652 1028 1723 potestatem.
1076 1644 1150 1706 Nos
1173 1664 1261 1707 vero
1285 1645 1345 1726 qui
1377 1657 1477 1709 tanto

198 1751 313 1814 studio
339 1752 549 1813 curabamus
571 1769 715 1831 pacem,
748 1762 831 1812 tunc
864 1770 942 1813 cum
978 1751 1078 1832 pacis
1111 1772 1203 1833 pene
1240 1752 1353 1816 omnis
1387 1753 1477 1816 ratio

197 1860 386 1940 desperata
411 1867 505 1931 erat;
539 1876 632 1919 nunc
656 1855 692 1918 in
717 1866 816 1919 tanta
840 1876 905 1937 spe
930 1867 1071 1938 nostra,
1106 1868 1204 1921 tanta
1228 1859 1478 1940 expectatione

197 1964 407 2028 iustissimae
432 1975 468 2025 et
491 1962 762 2026 clementissime
787 1974 869 2024 tuae
894 1963 1021 2026 mentis
1054 1985 1095 2026 ac
1124 1965 1316 2028 voluntatis
1326 2014 1333 2044 ,
1367 1965 1396 2028 si
1432 1969 1478 2030 ab

198 2073 258 2136 illa
281 2070 380 2155 pacis
405 2069 545 2133 actione
570 2068 831 2149 desisteremus
856 2069 1054 2133 faceremus
1078 2071 1240 2134 iniuriam
1255 2072 1418 2155 profecto
1443 2086 1479 2136 et

198 2180 265 2262 ipsi
289 2180 369 2242 Deo
394 2175 588 2240 et·b0nori
622 2186 759 2238 nostro:
792 2195 908 2257 neque
939 2187 1021 2240 tunc
1053 2198 1178 2259 pacem
1208 2180 1381 2259 voluisse,
1414 2181 1476 2243 sed

198 2287 294 2350 aliud
323 2285 491 2367 quiddam
523 2292 705 2365 spectasse
737 2283 950 2348 videremur.
1003 2281 1076 2347 Sed
1100 2285 1129 2347 si
1160 2285 1341 2368 quippiam
1371 2288 1476 2351 habe·

199 2414 284 2474 mus,
309 2394 367 2455 vel
390 2390 576 2454 habuimus
591 2410 746 2471 unquam
765 2390 951 2454 desideriis
967 2391 1097 2455 nostris
1120 2393 1233 2474 magis
1257 2395 1477 2475 propositum

200 2522 303 2584 quam
331 2520 474 2583 pacem,
508 2497 608 2581 digni
632 2517 750 2560 sumus
781 2517 870 2578 quos
894 2518 964 2561 non
997 2499 1165 2562 exaudiat
1193 2501 1307 2574 Deus;
1333 2501 1361 2563 si
1391 2522 1478 2567 vero

200 2619 320 2673 nostra
344 2605 491 2671 consilia
516 2603 627 2686 ipsius
649 2604 717 2666 Dei
748 2605 937 2686 honorem,
971 2625 1191 2669 communem
1216 2607 1480 2671 christianitatis

200 2717 349 2778 salutem
373 2722 409 2776 et
432 2716 563 2776 bonum
588 2721 732 2793 optatae
757 2711 855 2793 pacis
880 2721 1151 2794 spectaverunt,
1177 2716 1339 2777 cumdem
1364 2716 1479 2778 Deum

201 2841 351 2900 oramus,
375 2830 413 2882 ut
437 2817 551 2883 Ser¹⁰¹¹¹
573 2827 668 2881 tuam
693 2817 728 2881 in
754 2818 852 2881 cuius
875 2839 978 2881 manu
996 2838 1122 2901 pacem
1138 2838 1216 2881 esse
1234 2820 1354 2902 voluit,
1379 2822 1479 2904 pacis

200 2930 321 2992 iubeat
345 2947 423 2991 esse
448 2925 674 3005 effectricem,
698 2926 767 2987 hoc
792 2935 845 2988 est
868 2935 907 2988 ut
930 2926 1026 3007 quod
1050 2925 1307 2990 sanctissimam
1324 2943 1478 2991 mentem

200 3047 295 3099 tuam
320 3034 525 3097 desiderare
551 3032 726 3096 cernimus
750 3029 850 3118 (nihil
875 3033 968 3096 enim
992 3033 1120 3096 clarius
1137 3043 1191 3096 est
1206 3054 1312 3116 quam
1334 3047 1368 3099 te
1385 3037 1479 3100 velle

201 3163 324 3225 pacem
350 3153 385 3204 et
413 3141 598 3223 appetere)
633 3139 709 3203 eius
745 3139 956 3204 conficiendi
992 3152 1027 3204 et
1063 3140 1303 3223 transigendi,
1337 3144 1481 3207 remotis

200 3248 461 3333 impedimentis
495 3247 674 3327 omnibuS,
710 3246 820 3309 tibia
845 3266 980 3309 summo
1006 3247 1084 3309 Deo
1108 3245 1284 3310 tribuatur
1318 3247 1481 3312 facilitas.

201 3356 274 3421 Sed
299 3377 361 3419 cur
385 3376 457 3439 pax
482 3353 635 3418 maxime
660 3353 862 3416 necessaria
885 3353 941 3433 sit,
966 3353 1085 3435 aliqua
1109 3353 1261 3418 dicenda
1285 3366 1385 3436 sunt,
1409 3376 1479 3419 non

200 3476 272 3529 tam
296 3464 357 3527 illa
382 3463 523 3545 quidem
538 3482 631 3524 nova
652 3480 796 3543 genere,
822 3480 927 3542 quam
942 3459 1068 3541 gravia
1085 3460 1326 3542 diuturnitate,
1353 3463 1480 3544 quibus

202 3572 267 3635 nisi
292 3570 398 3635 citum
422 3567 616 3632 remedium
640 3567 865 3648 adhibeatur,
889 3576 929 3628 ut
951 3567 987 3629 in
1012 3565 1143 3630 effoeto
1167 3568 1307 3631 mortali
1331 3589 1481 3651 corpore

201 3679 342 3760 longior
366 3678 510 3740 morbus
546 3675 692 3738 exitium
721 3683 757 3737 et
780 3684 929 3737 mortem
954 3672 1074 3754 affert,
1098 3673 1147 3736 sic
1172 3674 1207 3737 in
1224 3674 1481 3740 christianitate

202 3787 269 3849 iarn
295 3784 494 3865 defatigata
518 3793 553 3846 et
577 3781 697 3844 attrita
725 3781 908 3863 proximus
939 3790 993 3842 est
1027 3779 1190 3843 interitus
1214 3784 1481 3866 expectandus;

202 3904 340 3975 urgent,
366 3893 458 3955 enim
483 3899 519 3953 et
543 3889 747 3971 opprimunt
771 3889 840 3950 duo
864 3887 1076 3969 gravissima
1099 3890 1192 3951 mala
1215 3899 1323 3970 atque
1351 3889 1480 3954 incom-

203 4002 308 4064 moda
332 3997 645 4077 christianitatem,
669 4016 817 4077 quorum
846 3996 995 4057 alterum
1019 4004 1074 4057 est
1106 3996 1273 4058 acTurcis
1297 3996 1377 4078 qui,
1403 4019 1482 4060 con·

202 4107 308 4171 tinuis
333 4105 556 4169 successibus
580 4103 680 4182 elati,
719 4112 755 4165 et
788 4111 910 4164 nostra
945 4101 1089 4182 ignavia
1122 4123 1164 4166 ac
1199 4103 1423 4186 negligentia
1447 4107 1481 4168 in

204 4235 303 4296 spem
318 4212 507 4276 maximam
523 4209 642 4289 erecti,
660 4207 874 4272 christianae
890 4207 1111 4291 reipublicae
1127 4210 1269 4291 penitus
1284 4212 1479 4293 opprimen·

205 4321 270 4383 dae
294 4297 417 4383 ineunt
441 4318 624 4381 rationem.
664 4316 722 4378 An
747 4325 784 4377 tu
809 4324 1047 4378 trecentarum
1070 4317 1212 4379 navium
1236 4329 1397 4398 paratam
1413 4318 1483 4381 iam

205 4430 367 4508 classem,
399 4435 435 4488 et
465 4432 652 4487 terrestres
682 4420 861 4484 exercitus
892 4420 928 4484 in
959 4421 1065 4484 armis
1094 4422 1222 4484 adesse
1246 4423 1378 4503 iussos,
1413 4426 1482 4486 alio

206 4531 352 4596 consilio
375 4531 516 4612 aliaque
548 4515 666 4592 mente
697 4539 841 4592 coactos
869 4548 947 4592 esse
971 4537 1096 4610 putas,
1129 4528 1195 4591 nisi
1225 4539 1264 4591 ut
1298 4532 1482 4611 septentri-

205 4641 327 4703 onales
351 4637 622 4703 christianorum
638 4635 843 4717 provinciae
860 4638 906 4698 ab
921 4636 1000 4716 ipso
1024 4635 1145 4698 littore
1161 4635 1292 4718 lllyrici
1309 4656 1420 4717 usque
1438 4638 1483 4699 ad

206 4745 391 4810 Poloniam
415 4744 531 4826 impiis
551 4743 619 4806 illis
643 4742 749 4805 armis
773 4751 809 4805 et
825 4742 936 4823 signis
961 4744 1181 4806 obruantur?
1221 4743 1279 4805 An
1305 4763 1370 4806 nos
1394 4745 1483 4806 haec

206 4854 270 4917 soli
299 4852 542 4934 intelligimuS,
576 4866 707 4933 tuaque
736 4849 909 4912 serenitas
942 4850 1064 4911 harum
1096 4870 1212 4912 rerum
1244 4852 1371 4931 ignara
1404 4854 1483 4914 est?
