3559 5734
810 533 1057 592 edituum

293 684 359 744 che
383 681 417 744 in
444 692 569 763 questo
593 681 707 745 usiate
732 682 753 744 l'
768 681 888 745 officio
913 691 1053 755 vostro;
1086 684 1118 745 el
1151 682 1428 746 Prothonotario
1460 683 1575 746 scrive

293 798 328 850 et
342 790 445 869 parla
460 809 526 870 pur
550 789 599 850 lui
614 799 705 851 tutto
722 789 743 851 'l
757 789 927 870 bisogno;
952 788 1022 871 voi,
1046 810 1085 854 se
1109 801 1185 852 sete
1209 799 1308 853 tanto
1334 790 1456 852 timido
1482 811 1570 853 com·

293 896 470 960 municate
495 915 561 958 con
586 895 635 958 lui
659 898 777 978 quello
802 897 868 958 che
894 917 963 959 non
989 906 1088 959 osate
1113 897 1156 959 nd
1181 898 1322 978 pariare
1349 898 1393 960 ne
1418 897 1573 961 scrivere

205 1086 207 1090 .
293 1014 329 1067 et
354 1004 402 1066 lui
427 1003 592 1066 satisfara
616 1024 680 1084 per
704 1003 773 1084 voi,
799 1003 952 1066 maxime
977 1005 1043 1067 che
1066 1005 1112 1068 ha
1137 1005 1170 1067 le
1195 1004 1293 1067 cifre.
1550 980 1555 993 ⁸

382 1112 429 1174 Al
454 1111 549 1173 Rmo
574 1111 691 1173 Padre
717 1110 901 1174 confessor
925 1110 999 1173 dite
1022 1131 1086 1192 per
1111 1120 1214 1192 parte
1239 1111 1275 1173 di
1299 1112 1342 1175 N.
1358 1110 1394 1176 S.
1420 1113 1487 1176 che
1510 1133 1575 1175 sua

292 1217 431 1283 Santita
464 1219 672 1281 commenda
702 1217 796 1279 assai
824 1220 859 1280 la
892 1217 1057 1281 sincerita
1098 1228 1134 1280 et
1165 1218 1356 1281 devotione
1388 1239 1452 1281 sua
1482 1229 1519 1282 et
1549 1221 1574 1282 li

291 1336 396 1407 porta
420 1335 519 1388 tanta
543 1324 727 1388 affettione
753 1326 818 1386 che
842 1345 913 1387 non
939 1325 957 1388 ὲ
983 1346 1068 1388 cosa
1091 1326 1157 1388 che
1188 1325 1224 1387 di
1249 1323 1322 1388 Sua
1346 1325 1575 1389 Beatitudine

292 1454 362 1496 non
388 1433 416 1495 si
441 1453 549 1515 possa
573 1443 799 1515 promettere,
834 1444 870 1495 et.
894 1433 953 1495 noi
984 1435 1018 1495 lo
1043 1442 1184 1496 tenemo
1216 1442 1251 1496 et
1282 1434 1443 1497 stimamo
1474 1455 1576 1498 come

291 1540 403 1621 padre
427 1540 573 1622 proprio
598 1551 634 1601 et
658 1540 880 1603 desideramo
917 1539 999 1602 farli
1029 1539 1115 1622 ogni
1146 1561 1235 1623 gran
1266 1540 1420 1623 piacere.
1475 1541 1576 1604 Hora

291 1666 459 1728 perman
484 1647 519 1709 di
536 1648 777 1710 Heachworth
802 1668 841 1710 se
865 1648 916 1728 gli
940 1649 1070 1710 manda
1086 1668 1131 1710 un
1158 1647 1418 1711 confessionale
1433 1648 1573 1730 amplis-

291 1755 380 1818 simo
405 1764 440 1817 et
464 1757 498 1818 la
522 1755 675 1818 statione
700 1763 735 1817 et
759 1754 982 1836 indulgentia
1006 1755 1041 1817 di
1066 1776 1146 1818 essa
1170 1758 1265 1819 nella
1288 1756 1434 1837 propria
1458 1755 1576 1836 patria

290 1862 336 1924 ad
370 1862 444 1924 vita
472 1883 554 1934 sua;
589 1860 633 1924 ne
666 1861 690 1924 li
724 1863 987 1925 mancheranno
1020 1862 1066 1924 da
1098 1859 1134 1926 S.
1161 1860 1214 1925 S‘l
1238 1862 1415 1944 maggiori
1446 1863 1573 1944 gratie.

290 1970 348 2032 Da
372 1990 436 2031 sua
459 1969 637 2052 paternita
661 1990 731 2032 non
757 1970 785 2031 si
811 1969 978 2033 desidera
1002 1971 1093 2032 altro
1117 1990 1156 2033 se
1180 1990 1250 2033 non
1275 1971 1341 2033 che
1365 1969 1459 2033 sacci
1489 1972 1574 2051 quel

289 2078 386 2139 buon
411 2075 524 2140 offitio
550 2096 615 2139 con
642 2075 772 2140 Cesare
798 2078 863 2138 che
896 2077 914 2139 ὲ
946 2076 1051 2139 solita
1082 2084 1118 2139 et
1148 2078 1214 2140 che
1247 2079 1280 2140 le
1311 2077 1410 2140 detta
1443 2078 1477 2140 la
1508 2097 1574 2140 sua

289 2183 508 2246 conscientia
532 2194 568 2246 et
592 2183 783 2246 devotione
808 2184 875 2246 che
899 2204 1039 2266 sempre
1063 2184 1122 2246 s’d
1148 2193 1316 2247 mostrata
1341 2204 1445 2248 verso
1470 2183 1512 2247 N.
1534 2183 1571 2247 S.

290 2301 325 2354 et
350 2302 475 2374 questa
499 2289 611 2353 Santa
636 2288 741 2353 Sede.

378 2398 649 2479 Ringratierete
674 2419 738 2460 sua
763 2397 946 2461 Paternitd
978 2397 1071 2461 assai
1095 2399 1187 2461 assai
1217 2400 1263 2461 da
1294 2408 1397 2481 parte
1428 2397 1463 2460 di
1498 2396 1572 2461 Sua

289 2506 516 2569 Beatitudine
540 2514 576 2568 et
599 2515 738 2576 nostra;
764 2504 953 2567 renderete
978 2507 1092 2567 anche
1116 2505 1230 2586 gratie
1255 2509 1289 2568 al
1305 2505 1492 2569 Marchese
1511 2506 1570 2585 Jo-

289 2613 404 2677 achim
438 2620 474 2675 et
504 2612 577 2674 dite
610 2634 629 2675 a
663 2609 736 2674 Sua
770 2609 939 2693 Signoria
971 2614 1037 2675 che
1076 2614 1170 2676 nella
1208 2633 1292 2675 cosa
1323 2614 1381 2674 del
1413 2634 1570 2676 vescovo

289 2720 613 2800 Brandeburgense
637 2738 801 2801 speramo
826 2720 892 2781 che
913 2719 956 2782 N.
973 2717 1008 2784 S.
1034 2730 1156 2800 presto
1180 2721 1214 2781 lo
1239 2718 1426 2781 consolera
1450 2729 1486 2782 et
1509 2720 1570 2781 noi

287 2849 356 2891 non
390 2846 574 2891 mancamo
613 2827 647 2888 di
681 2826 892 2906 sollicitare,
923 2828 990 2889 che
1022 2836 1119 2889 certo
1153 2826 1264 2889 siamo
1295 2826 1570 2908 obbligatissimi

288 2958 307 2998 a
333 2933 405 2998 Sua
429 2933 596 3016 Signoria
622 2944 657 2996 et
682 2936 794 2997 anche
820 2955 839 2996 a
874 2936 957 3015 quel
989 2935 1060 2996 bon
1093 2935 1232 3015 prelato
1266 2934 1324 2996 dei
1354 2933 1440 2996 boni
1472 2933 1569 2996 offici

288 3043 353 3104 che
376 3041 485 3105 fanno
510 3041 546 3103 in
571 3050 696 3123 questa
721 3061 827 3103 causa
852 3061 1011 3104 comune.

376 3150 446 3212 Per
471 3155 677 3211 contentare
702 3146 875 3229 Spieghel
905 3147 933 3210 si
959 3147 1073 3211 scrive
1098 3149 1131 3210 al
1156 3147 1361 3211 Caracciolo
1391 3149 1457 3211 che
1490 3169 1568 3230 pro·

287 3256 379 3319 veda
403 3274 504 3318 come
528 3254 681 3317 scrivete
706 3265 740 3317 et
766 3265 886 3317 nostro
912 3252 1066 3336 Signore
1090 3258 1124 3317 lo
1148 3257 1194 3319 ha
1219 3256 1327 3317 molto
1352 3275 1435 3318 caro
1468 3264 1503 3317 et
1531 3256 1567 3318 in

287 3365 395 3426 molto
427 3362 590 3444 maggior
615 3383 699 3425 cosa
731 3360 750 3423 e
779 3381 844 3443 per
876 3361 1092 3443 gratificarlo
1125 3363 1289 3425 venendo
1324 3363 1344 3423 l’
1368 3363 1567 3444 occasione,

286 3470 418 3552 perche
443 3469 501 3550 gia
524 3479 646 3550 tempo
672 3468 764 3532 assai
795 3470 841 3531 ha
867 3468 1000 3549 optima
1024 3468 1272 3532 informatione
1297 3470 1391 3532 della
1415 3469 1506 3532 virtu
1532 3479 1570 3532 et

286 3577 441 3641 dottrina
465 3586 501 3640 et
522 3576 749 3645 observantia
773 3596 836 3639 sua
853 3597 957 3639 verso
975 3575 1010 3639 S.
1027 3577 1115 3640 Bne.
1154 3577 1183 3638 Il
1207 3579 1317 3639 breve
1334 3578 1368 3639 al
1383 3577 1568 3640 consolato

286 3686 321 3746 di
346 3685 494 3747 Stlestat
524 3683 715 3760 simanda
747 3704 813 3746 con
847 3694 971 3765 questa
997 3684 1093 3746 accio
1119 3686 1152 3746 lo
1184 3693 1402 3766 consegnate
1437 3704 1456 3745 a
1487 3683 1566 3766 lui1)
1625 3709 1628 3713 ⁴

285 3793 336 3855 La
361 3811 444 3854 cosa
468 3791 487 3853 ἐ
512 3790 570 3873 gia
595 3790 629 3852 in
655 3791 754 3853 Rota
778 3799 813 3853 et
838 3790 947 3871 quelli
973 3791 1066 3853 della
1090 3790 1283 3854 universita
1312 3812 1464 3874 sperano
1490 3813 1565 3855 sen·

286 3899 396 3962 tentia
420 3899 454 3960 in
479 3897 581 3960 favor
606 3897 691 3979 ogni
716 3897 751 3958 di
776 3907 811 3959 et
835 3900 954 3960 hanno
978 3897 1068 3960 fatto
1093 3899 1258 3961 stendere
1290 3899 1355 3961 che
1387 3919 1446 3980 per
1482 3901 1567 3962 dote

285 4028 354 4070 non
380 4005 532 4088 bisogna
557 4005 645 4067 altra
677 4004 900 4085 provisione:
930 4005 1155 4085 bisognando
1181 4025 1251 4066 non
1276 4004 1304 4066 si
1329 4025 1495 4069 mancare
1528 4008 1565 4069 di

284 4124 385 4179 tutte.
433 4110 515 4175 Cosi
539 4111 563 4174 li
589 4110 770 4174 affermate
803 4111 1045 4176 liberamente.
1102 4111 1236 4192 Questo
1268 4111 1463 4176 solicitator
1495 4135 1565 4195 qua

284 4221 343 4283 del
366 4219 576 4300 Magontino
601 4220 666 4281 che
689 4219 735 4280 ha
760 4218 794 4281 in
820 4239 924 4281 mano
949 4219 983 4282 la
1007 4239 1090 4281 cosa
1115 4220 1174 4282 del
1206 4220 1323 4282 dottor
1348 4219 1521 4301 Capitone
1546 4222 1564 4284 ἐ

284 4327 317 4388 in
343 4346 448 4389 causa
473 4326 539 4388 che
574 4326 608 4387 la
644 4325 845 4406 speditione
881 4347 944 4388 sua
980 4326 1009 4389 si
1044 4327 1214 4407 protrahe
1249 4336 1369 4398 tanto:
1403 4329 1564 4409 besogna

283 4421 437 4496 solicitar
461 4433 528 4504 lui;
553 4432 633 4494 tutti
658 4433 773 4514 questi
799 4431 833 4495 di
859 4453 898 4496 se
924 4432 985 4495 lie
1010 4433 1106 4496 facto
1130 4433 1295 4496 intendes
1320 4434 1385 4496 che
1411 4435 1505 4515 porti
1529 4438 1563 4498 le

281 4539 531 4623 supplicationi
556 4549 592 4602 et
615 4538 856 4602 informationi
881 4562 900 4602 a
924 4541 1126 4622 proposito,
1151 4562 1206 4604 ma
1238 4562 1276 4603 se
1309 4540 1416 4603 strica
1451 4552 1486 4604 et
1518 4563 1563 4606 va

312 4788 334 4858 Ι)
354 4791 457 4854 Scripta
476 4797 562 4838 tamen
582 4789 713 4838 habentur
731 4791 758 4839 in
777 4790 860 4839 latere
879 4790 985 4839 sinistro
1004 4790 1108 4840 litterae
1126 4790 1263 4852 originalis
1282 4791 1347 4840 haec
1367 4792 1461 4840 verba:
1483 4793 1561 4853 „Non

351 4873 373 4920 si
392 4872 407 4919 ὲ
425 4878 534 4935 possuto
553 4871 634 4919 havet
652 4872 776 4935 expedito
796 4879 889 4935 questa
909 4886 979 4930 serm
999 4888 1041 4920 ma
1060 4873 1082 4921 si
1102 4873 1226 4921 mandem
1246 4872 1287 4921 col
1307 4872 1452 4935 proximo.“
