3559 5734
800 504 1046 565 ’43204ῢο

283 666 406 739 specto
423 655 457 718 di
475 655 607 719 Cesare
623 666 658 718 et
674 656 761 718 tanti
779 656 951 738 principi;
976 677 998 718 a
1017 655 1074 717 voi
1100 675 1170 717 non
1196 653 1223 716 si
1248 653 1384 735 replica
1407 654 1497 716 altro
1523 673 1561 715 se

282 784 352 826 non
378 763 565 826 exhortavi
591 763 741 825 facciate
766 783 871 826 senza
895 762 1021 826 timore
1037 781 1136 825 come
1160 760 1249 823 fatet
1274 762 1340 823 che
1356 760 1426 822 Dio
1441 758 1561 822 defen-

283 871 368 932 dere
393 870 451 932 voi
476 879 511 932 et
535 872 570 933 la
593 890 700 933 cause
725 891 797 933 sua.
845 870 889 932 Et
913 872 1005 932 bene
1022 871 1149 932 valete.
1197 866 1400 930 Florentiae
1425 865 1562 929 XXIX

285 978 418 1060 Aprilis
442 978 625 1040 MDXXI.

373 1086 458 1147 Post
483 1084 625 1165 scripta.
674 1084 718 1145 Vi
735 1084 762 1146 si
781 1084 910 1145 manda
934 1085 969 1145 lo
987 1083 1133 1163 alligato
1149 1082 1240 1144 libro
1258 1083 1327 1145 allo
1343 1082 1563 1162 Imperatore

283 1202 407 1254 contra
432 1193 566 1254 Luther
589 1191 680 1254 fatto
704 1191 763 1272 qui
789 1191 835 1252 da
858 1210 905 1251 un
930 1190 1022 1252 frate
1047 1200 1083 1251 et
1114 1211 1135 1251 a
1158 1189 1200 1252 N.
1226 1189 1262 1252 S.
1297 1191 1315 1253 ὲ
1347 1192 1457 1251 molto
1491 1189 1560 1270 pia·

283 1300 394 1372 ciut0;
419 1300 454 1360 lo
477 1308 599 1379 potete
624 1300 756 1361 vedere
777 1298 892 1379 prima
917 1307 952 1359 et
976 1296 1035 1379 poi
1051 1307 1258 1378 presentare
1282 1318 1303 1358 a
1319 1294 1392 1358 Sua
1409 1295 1563 1358 Cesarea

281 1407 419 1469 Maestir
444 1405 543 1468 cuius
567 1427 673 1468 causa
698 1426 767 1467 non
793 1405 908 1467 minus
932 1404 1050 1486 agitur
1075 1424 1180 1483 quam
1205 1403 1279 1466 Smi
1303 1404 1346 1465 D.
1363 1403 1405 1466 N.
1431 1413 1467 1465 et
1488 1403 1562 1464 Ro-

283 1534 408 1576 manae
433 1514 624 1575 Ecclesiae.

899 1875 940 1940 78

625 2002 675 2084 Jo.
705 2002 806 2083 Matr.
836 1999 1001 2081 eibertus
1028 2002 1216 2081 Aleandro.

686 2141 859 2212 munctet.
880 2140 1029 2200 German.
1049 2139 1080 2196 1.
1098 2139 1156 2209 49.)

808 2267 844 2325 (ι.
866 2261 931 2309 Maii
954 2256 1040 2326 1521.)

373 2388 402 2449 Il
419 2396 578 2467 respetto
594 2387 660 2447 che
680 2385 720 2447 V.
739 2386 775 2446 S.
794 2388 839 2447 ha
856 2386 925 2446 alle
942 2382 1167 2464 occupationi
1186 2382 1252 2445 mie
1271 2384 1364 2444 nello
1383 2380 1563 2445 scrivermi

284 2493 356 2556 cosi
380 2497 500 2572 breve,
525 2495 613 2553 hard
637 2493 671 2554 io
693 2494 762 2555 alle
787 2492 959 2553 taecende
977 2491 1011 2552 di
1029 2492 1148 2572 quella
1164 2491 1229 2551 che
1246 2491 1333 2551 hora
1358 2491 1565 2552 doveranno

285 2621 446 2664 crescere
470 2601 505 2663 in
530 2600 716 2681 prosequir
741 2603 774 2662 la
798 2598 1008 2661 cominciata
1033 2599 1182 2660 victoria
1206 2608 1331 2659 contra
1355 2596 1504 2676 Luther‚
1529 2597 1565 2656 la

286 2710 391 2790 quale
416 2713 473 2788 qut
499 2708 517 2770 ὁ
542 2707 697 2788 piaciuta
721 2716 820 2768 tento
845 2716 978 2787 quanto
1003 2705 1256 2786 dispiacevano
1280 2704 1394 2785 prima
1418 2705 1451 2766 le
1468 2702 1565 2765 forze

286 2817 351 2876 che
376 2817 457 2895 quel
482 2814 588 2876 fuoco
614 2825 792 2876 mostrava
817 2813 969 2894 pigliare
995 2813 1079 2892 ogni
1104 2812 1138 2874 di
1173 2811 1243 2893 pie.
1303 2811 1347 2873 Di
1377 2820 1564 2893 congratu-

285 2922 386 2985 larmi
412 2941 477 2983 con
507 2921 547 2985 V.
574 2919 609 2983 S.
635 2924 830 3000 expectard
855 2921 878 2981 il
903 2931 1023 3000 tempo
1048 2921 1103 2981 del
1130 2919 1264 2981 ritorno
1289 2939 1352 2982 suo
1382 2940 1403 2980 ο
1427 2918 1449 2980 l’
1467 2917 1566 2980 exito

285 3030 379 3090 della
403 3048 524 3105 causa,
550 3028 572 3089 il
598 3028 702 3108 quale
726 3026 755 3089 si
780 3047 886 3108 spera
911 3027 1023 3088 dover
1047 3027 1218 3088 suceeder
1242 3035 1380 3108 preste,
1405 3035 1440 3087 et
1465 3045 1565 3087 come

287 3135 343 3197 noi
369 3136 604 3214 desideramO,
629 3136 671 3196 ne
696 3155 801 3196 senza
825 3135 860 3195 le
883 3144 985 3214 parte
1010 3142 1131 3195 vostra
1156 3135 1248 3195 delle
1271 3133 1379 3195 laudi.

376 3243 433 3304 Ad
458 3240 626 3304 l'official
652 3241 686 3302 di
712 3241 859 3303 Treveri
891 3239 1000 3303 vedre
1035 3239 1077 3303 V.
1113 3238 1148 3303 S.
1181 3242 1299 3322 quello
1331 3242 1396 3302 che
1426 3239 1566 3302 virtutis

285 3369 327 3409 ac
352 3347 495 3428 pietatis
519 3367 606 3428 ergo
631 3348 789 3419 dabitur:
815 3358 914 3410 certo
939 3357 975 3408 et
1003 3348 1097 3410 della
1128 3350 1222 3411 bona
1253 3357 1369 3409 mente
1403 3357 1438 3409 et
1472 3348 1566 3409 delle

286 3455 451 3536 prudenti
489 3454 642 3535 risposte
678 3467 802 3517 contra
834 3454 988 3516 Martino
1026 3475 1191 3535 magnam
1223 3454 1280 3517 hic
1317 3454 1411 3536 apud
1444 3475 1566 3516 omnes

284 3563 399 3624 bonos
424 3570 478 3623 est
503 3561 654 3642 gratiam
678 3572 901 3642 consecutus,
927 3571 962 3624 et
987 3562 1095 3623 credo
1121 3565 1186 3624 che
1210 3561 1233 3623 il
1258 3563 1391 3624 vedere
1417 3561 1438 3623 l'
1456 3582 1566 3643 opere

286 3690 348 3731 sue
373 3668 467 3730 facte
494 3667 545 3729 sin
572 3667 630 3748 qui
655 3689 774 3730 essere
798 3679 913 3751 grate,
939 3670 961 3731 li
987 3668 1066 3730 sare
1091 3689 1180 3752 gran
1206 3668 1346 3731 stimulo
1371 3690 1391 3730 a
1409 3668 1567 3750 seguiter
1677 3715 1679 3718 -

286 3778 320 3864 le
345 3796 408 3837 sua
432 3786 555 3837 sancta
579 3774 733 3857 impresa
759 3776 793 3837 di
820 3779 915 3837 buon
940 3776 1066 3839 anime

375 3880 427 3943 Ne
459 3881 610 3962 bisogna
645 3884 710 3945 che
747 3883 788 3945 V.
820 3881 855 3945 S.
888 3883 933 3945 mi
967 3882 1082 3945 faccia
1109 3883 1169 3964 pir'r
1200 3883 1321 3945 chiaro
1355 3885 1421 3946 che
1454 3885 1488 3946 la
1521 3884 1566 3946 mi

286 4009 382 4066 ame,
413 3989 456 4050 ne
481 3990 547 4050 che
578 3988 613 4051 io
642 3989 665 4050 li
690 3989 770 4052 dica
799 4011 854 4052 me
879 4011 998 4052 essere
1022 4001 1113 4053 tutto
1138 4011 1201 4053 suo
1231 3999 1266 4052 et
1294 3989 1497 4053 offerirmeli
1531 4003 1566 4053 et

286 4096 380 4157 della
404 4095 650 4159 fondatissima
673 4097 828 4160 amicitia
852 4108 993 4178 nostra,
1026 4109 1150 4179 queste
1181 4097 1242 4160 tali
1274 4097 1474 4159 ceremonie
1507 4098 1564 4159 de·

285 4223 379 4264 vono
404 4223 501 4264 esser
526 4206 632 4277 tolte;
663 4204 709 4266 lei
734 4207 862 4268 sache
887 4226 957 4267 non
984 4226 1108 4267 manco
1132 4226 1211 4267 amo
1236 4205 1270 4267 io
1295 4213 1330 4267 et
1354 4206 1508 4267 observo
1531 4207 1566 4268 le

287 4308 377 4371 virtd
403 4331 475 4389 sue,
500 4312 535 4372 di
561 4313 642 4393 quel
668 4314 733 4373 che
766 4334 845 4375 ama
877 4313 921 4374 V.
955 4311 990 4375 S.
1021 4333 1091 4392 me,
1125 4314 1195 4375 alla
1231 4311 1286 4375 cui
1322 4315 1417 4375 bene
1450 4312 1567 4392 gratia

287 4427 419 4497 quanto
445 4417 504 4498 pie
539 4439 644 4499 posse
672 4419 719 4481 mi
752 4420 999 4481 raccomandO.
1052 4420 1157 4481 Dalla
1188 4420 1370 4501 Magliana
1402 4421 1425 4482 il
1455 4433 1494 4501 p⁰
1530 4420 1563 4482 di

288 4524 436 4606 Maggio
466 4546 558 4603 1521.

376 4632 420 4693 Di
447 4632 488 4694 V.
515 4631 550 4697 S.
576 4633 652 4696 Re.

949 4721 1077 4784 servitor
1095 4722 1154 4784 elo.
1174 4721 1296 4785 ΙιΙΙΙιοο
1316 4722 1459 4792 eurem.
