3559 5734
723 562 874 618 0-<3Ξ·121’>
913 559 971 616 &0

205 713 372 777 virtutem
397 720 433 775 et
456 731 534 774 eam
558 730 662 793 quam
686 707 721 773 in
750 729 815 773 nos
846 709 1070 771 demonstras
1092 706 1194 771 huius
1219 706 1356 790 egregii
1388 708 1485 771 volu·

205 819 308 885 minis
333 818 510 882 dicatione
534 816 703 898 optimam
723 818 942 880 voluntatem
958 814 1250 878 irremuneratam
1273 813 1484 897 relinquere,

205 925 451 991 mandavimus
481 924 611 987 dilecto
642 922 715 986 filio
739 922 933 986 Laurentio
968 921 1061 984 tituli
1093 920 1247 985 Sanctae
1271 921 1486 986 Anastasiae

205 1036 419 1116 presbytero
444 1031 615 1095 cardinali
639 1029 833 1113 Campegio
857 1039 979 1094 nostro
1004 1039 1040 1093 et
1063 1028 1168 1092 Sedis
1184 1028 1416 1112 Apostolicae
1441 1030 1485 1092 de

204 1144 318 1206 latere
342 1142 463 1222 legato
470 1188 479 1222 ,
514 1149 553 1202 ut
584 1138 615 1202 is
646 1137 711 1200 tibi
741 1146 863 1201 nostro
895 1136 1038 1200 nomine
1062 1156 1155 1199 nunc
1180 1136 1322 1218 quidem
1345 1134 1485 1200 interim

205 1249 386 1330 quoddam
409 1247 653 1310 munusculum
677 1243 852 1325 deferret,
881 1245 965 1306 dum
995 1245 1147 1307 honesta
1169 1243 1273 1306 nobis
1297 1244 1485 1306 occasione

205 1357 337 1437 oblata,
362 1353 481 1436 aliquo
498 1353 603 1417 modo
624 1352 789 1435 dignitati
812 1362 895 1416 tuae
920 1353 1134 1415 consulatur.
1171 1350 1274 1432 Quod
1289 1361 1328 1415 ut
1343 1371 1484 1433 promp-

203 1462 273 1527 tius
298 1472 334 1526 et
358 1461 491 1525 maiore
515 1460 621 1525 etiam
643 1468 706 1523 tuo
733 1458 859 1524 merito
889 1458 1010 1521 facere
1043 1459 1253 1540 debeamus,
1287 1467 1384 1522 tuum
1418 1458 1485 1521 erit

203 1572 239 1635 in
252 1570 322 1634 Dei
340 1568 492 1651 gratiam
508 1589 549 1631 ac
566 1576 723 1631 nostram
740 1576 777 1631 et
790 1569 1030 1631 levamentum
1045 1566 1178 1629 laboris
1202 1565 1313 1631 nostri
1337 1585 1400 1629 eos
1424 1565 1484 1648 qni

204 1699 227 1742 a
249 1698 357 1741 sensu
379 1695 487 1739 verae
511 1673 655 1757 pietatis
679 1673 795 1738 aversi
819 1682 901 1736 sunt
925 1672 1115 1755 corrigere,
1141 1672 1324 1735 nobiscum
1355 1693 1426 1736 una
1450 1682 1485 1736 et
1577 1740 1579 1745 ,

204 1785 368 1848 docendo
393 1793 429 1846 et
452 1782 629 1846 monendo
654 1789 690 1845 et
713 1782 913 1862 scribendo,
937 1790 975 1843 ut
999 1789 1035 1843 et
1059 1799 1123 1842 nos
1146 1780 1400 1844 benevolentia
1423 1788 1485 1843 tua

204 1901 242 1955 et
274 1889 468 1954 christiana
498 1909 556 1953 res
586 1887 748 1952 doctrina
772 1886 1042 1969 eruditioneque
1065 1885 1201 1968 perfrui
1224 1886 1347 1970 possit.
1402 1888 1482 1953 Dat.

203 1999 346 2063 Romae
369 1997 432 2062 111.
456 1995 593 2079 Aprilis
615 1994 836 2059 MDXXIV.

737 2191 943 2204 mmmm!

810 2422 884 2489 147.

450 2539 637 2621 Glemona
664 2539 754 2622 VIL
787 2538 1237 2641 lucemburgensibus

397 2670 402 2685 '
501 2688 595 2758 (oen.
612 2686 673 2747 vn
691 2687 772 2747 arev.
790 2701 859 2784 anns
877 2687 900 2746 1
919 2703 961 2762 es
979 2686 1099 2747 111111
1118 2687 1188 2757 111.)

705 2806 743 2874 (8.
762 2807 865 2873 Aprilis
886 2805 976 2875 1524.)
1008 2814 1011 2821 ’

291 2949 422 3013 Dilecti
445 2948 508 3012 filii
532 2951 682 3012 sulutem
707 2957 773 3012 etc.
820 2948 875 3011 Ex
896 2948 1026 3012 dilecto
1049 2947 1122 3012 filio
1147 2949 1317 3032 magistro
1342 2951 1480 3031 Joanne

202 3055 352 3140 Corysio
377 3056 456 3121 cive
479 3068 599 3120 vestro
630 3054 769 3119 notario
801 3067 837 3119 et
870 3055 1036 3119 familiari
1067 3064 1207 3137 nostro,
1241 3056 1340 3120 cuius
1370 3078 1482 3140 opera

201 3164 344 3227 assidue
368 3163 498 3226 utimur
521 3171 557 3225 et
579 3161 650 3226 fide
674 3162 854 3243 iuvamur,
878 3164 1011 3242 relatu,
1044 3163 1160 3243 pietas
1189 3163 1234 3227 ad
1263 3184 1328 3228 nos
1360 3174 1481 3229 vestra

200 3272 342 3354 perlata
358 3281 422 3350 est,
438 3269 548 3352 digna
572 3268 714 3352 quidem
737 3268 798 3332 illa
821 3268 925 3333 vobis
949 3268 1147 3350 vestrisque
1172 3269 1254 3333 olim
1278 3271 1480 3355 maioribus,

201 3379 266 3443 sed
289 3378 359 3441 hoc
382 3386 544 3459 tempore
566 3378 798 3440 vehementer
813 3375 1016 3440 necessaria
1031 3396 1073 3439 ac
1090 3376 1194 3439 nobis
1209 3377 1314 3441 valde
1329 3377 1483 3443 iucunda

202 3493 240 3548 et
271 3494 385 3565 grata.
440 3482 623 3565 Siquidem
659 3502 766 3565 quum
800 3481 910 3565 aliqui
944 3483 1022 3546 istic
1053 3485 1277 3548 lutheranam
1306 3486 1482 3550 haeresim

200 3591 389 3672 inducere,
425 3593 614 3674 palamque
645 3589 855 3672 praedicare
885 3593 979 3654 velle
1009 3599 1240 3672 conarentur,
1276 3612 1347 3655 non
1376 3594 1481 3658 vobis

200 3698 406 3782 cogentium
430 3697 526 3778 iura,
562 3717 632 3760 non
657 3697 881 3760 suadentium
913 3698 1159 3761 auctoritatem
1183 3699 1263 3781 pios
1290 3699 1427 3764 animos
1459 3722 1481 3764 a

200 3826 310 3869 verae
334 3806 430 3868 cultu
453 3802 538 3867 fidei
562 3812 726 3867 avertere
749 3803 926 3886 potuisse3
958 3807 1021 3868 sed
1045 3805 1178 3886 Deum,
1209 3805 1350 3887 Deique
1374 3806 1480 3872 fidem

199 3913 236 3975 in
252 3910 397 3975 auribus
413 3931 456 3974 ac
470 3910 648 3974 mentibus
671 3911 800 3974 vestris
823 3931 888 3974 vos
912 3911 1085 3975 illibatam
1108 3912 1317 3977 custodisse.
1365 3914 1479 3978 Bene-

203 4018 298 4082 dicat
321 4039 388 4082 vos
410 4021 489 4100 ipse
513 4018 621 4099 Deus,
645 4016 707 4080 filii
732 4017 862 4098 dilecti,
886 4018 943 4082 cui
968 4020 1139 4082 honorem
1163 4019 1367 4083 reddidistis
1392 4021 1478 4084 eius·

202 4146 273 4208 que
297 4124 451 4189 Vineam
475 4145 497 4187 a
520 4123 828 4188 circumstantibus
852 4124 1000 4188 venenis
1023 4126 1181 4189 illaesam
1209 4125 1244 4189 in
1275 4126 1380 4190 vobis
1410 4148 1481 4192 ser·

199 4231 313 4296 vastis
319 4280 329 4313 ,
353 4252 398 4295 ne
421 4251 487 4314 per
509 4238 631 4293 vestra
654 4239 757 4314 septa
781 4251 860 4294 cum
882 4240 1081 4295 vestrarum
1105 4232 1299 4296 animarum
1322 4235 1480 4316 pernicie

199 4338 485 4421 ingrederentur.
531 4335 613 4401 Non
635 4337 763 4401 fuisset
784 4339 853 4401 hoc
876 4349 1019 4402 vestrae
1042 4338 1179 4421 gloriae
1209 4348 1479 4423 vestrorumque

199 4444 372 4507 maiorum
396 4443 492 4507 laudi
516 4464 680 4527 compar,
711 4443 793 4508 olim
824 4464 889 4508 vos
921 4455 1081 4509 sanctam
1113 4445 1219 4510 fidem
1242 4446 1278 4510 in
1302 4447 1419 4511 aliena
1444 4458 1480 4512 et

199 4552 398 4635 longinqua
421 4564 517 4614 terra
540 4560 683 4632 tutatos,
708 4570 800 4614 nnnc
824 4551 859 4615 in
882 4561 1003 4615 vestra
1026 4554 1229 4636 oppugnari
1252 4563 1361 4636 atque
1384 4554 1479 4620 infici

199 4657 422 4742 permisisse3
438 4657 678 4740 regenerastis
694 4657 801 4740 igitur
815 4657 851 4721 in
871 4659 1024 4723 maiores
1039 4670 1177 4725 vestros
1202 4661 1333 4725 avitam
1356 4682 1479 4727 eorum

200 4764 447 4829 fortitudinem
482 4773 518 4828 et
549 4764 729 4848 pietatem.
796 4765 887 4830 Nam
920 4766 1011 4830 sicut
1042 4767 1093 4831 illi
1126 4767 1209 4831 olim
1238 4770 1361 4832 hostes
1394 4768 1480 4835 fidei

200 4873 438 4936 contuderunt
461 4871 559 4954 foris,
582 4870 634 4935 ita
656 4892 721 4937 vos
754 4893 816 4937 eos
847 4873 941 4936 domi
972 4873 1202 4957 repressistis.
1259 4874 1364 4958 Quod
1392 4896 1478 4941 sane
