3559 5734
697 512 944 569 (’-έ3455ἱ>-<1

181 659 421 741 imperitorum
446 660 582 723 animos
610 659 823 723 auctoritate
850 663 1084 741 placaturam:
1111 670 1237 743 postea
1254 682 1460 744 veroquam

182 766 259 830 aliis
283 776 389 849 atque
419 767 497 829 aliis
528 767 666 832 nunciis
701 767 941 830 intelleximus
967 766 1118 830 maiores
1153 768 1311 850 quotidie
1347 779 1461 832 motus

182 873 217 937 in
242 873 317 937 istis
341 873 428 936 loeis
453 874 634 952 concitari,
658 884 829 937 testamur
855 876 979 954 Deum,
1004 872 1053 936 fili
1078 874 1268 952 carissime,
1294 896 1358 937 nos
1383 895 1461 937 cum

182 980 259 1044 aliis
283 982 445 1044 omnibus
470 981 586 1045 causis
610 991 645 1044 et
668 981 879 1061 rationibus,
911 990 985 1043 tum
1021 1000 1107 1042 vero
1138 984 1185 1062 ob
1219 1002 1298 1044 eum
1333 1002 1401 1063 quo
1426 992 1461 1043 te

182 1088 426 1171 prosequimur
461 1109 616 1151 amorem
646 1108 818 1151 summum
849 1098 884 1150 et
916 1088 1142 1169 singularem,
1167 1108 1298 1168 magno
1335 1089 1460 1151 dolore

183 1195 290 1258 fuisse
315 1195 480 1260 affectos:
506 1216 719 1277 quamquam
743 1195 836 1258 enim
860 1196 896 1258 in
917 1197 984 1257 hoc
1002 1196 1095 1258 malo
1112 1198 1222 1257 multa
1239 1195 1462 1257 incommodo

186 1302 311 1383 insunt,
336 1323 427 1385 quae
453 1323 517 1366 nos
541 1303 663 1384 gregis
697 1302 810 1365 nostri
843 1304 991 1365 salutem
1020 1321 1217 1384 pacemque
1249 1311 1463 1383 quaerentes

185 1411 413 1473 vehementer
437 1411 672 1493 perturbant,
703 1418 820 1472 tamen
853 1410 940 1472 illud
966 1408 1080 1472 estin
1106 1408 1222 1471 animo
1248 1418 1369 1472 nostro
1395 1430 1461 1471 ma·

185 1517 315 1579 ximum
340 1526 375 1580 et
399 1516 646 1600 gravissimum
671 1517 766 1598 quod
790 1526 826 1579 te
860 1519 968 1579 talem
998 1527 1033 1577 et
1061 1516 1122 1579 tali
1155 1518 1286 1579 virtute
1319 1517 1464 1598 ingenio

185 1624 401 1688 humanitate
425 1624 614 1706 prudentia
627 1623 805 1706 preditum
831 1623 1063 1687 clarissimum
1086 1623 1463 1706 religiosissimumque

186 1730 401 1812 principem,
432 1731 487 1794 his
511 1731 678 1815 periculis
702 1752 744 1794 ac
778 1732 956 1795 aerumnis
984 1732 1130 1813 indigne
1158 1729 1304 1793 ferimus
1328 1730 1466 1793 conflic-

187 1838 271 1917 tari,
308 1859 399 1919 quae
434 1838 538 1901 nobis
574 1840 641 1900 hoc
680 1838 786 1900 etiam
814 1838 982 1902 videntur
1013 1838 1218 1901 iniustiores
1251 1858 1321 1919 quo
1346 1849 1406 1900 tua
1430 1838 1464 1900 in

189 1944 255 2008 illis
280 1945 396 2028 magis
429 1955 464 2007 et
496 1945 609 2008 virtus
643 1947 759 2008 elucet
795 1955 830 2008 et
863 1945 970 2008 animi
1002 1945 1229 2027 magnitude,
1266 1967 1334 2008 non
1373 1944 1465 2008 enim

187 2051 284 2116 cedis
300 2052 415 2115 labori
426 2072 540 2134 neque
552 2053 850 2115 succumbendum
867 2065 983 2134 putas,
1001 2055 1063 2116 sed
1077 2054 1150 2115 alta
1166 2063 1202 2116 et
1215 2062 1335 2116 erecta
1350 2062 1466 2115 mente

188 2159 273 2222 nihil
297 2158 458 2222 exoritur
481 2159 659 2240 repentini
684 2160 787 2239 mali,
812 2160 867 2222 cui
893 2169 929 2221 tu
955 2180 1024 2247 non
1049 2159 1204 2223 subitum
1228 2180 1390 2243 opponas
1414 2180 1465 2221 re·

187 2266 351 2329 medium.
406 2267 548 2348 Quanto
587 2276 705 2330 autem
740 2267 852 2330 maior
882 2276 944 2330 tua
974 2266 1013 2330 fit
1047 2269 1158 2330 virtus
1189 2251 1225 2330 et
1256 2267 1465 2345 constantia,

189 2382 286 2436 tanto
312 2393 469 2454 eaquae
494 2383 530 2437 te
553 2374 685 2457 premit
705 2374 929 2456 perturbatio
947 2374 1113 2439 odiosior.
1144 2375 1268 2456 Itaque
1293 2394 1358 2436 nos
1383 2395 1465 2436 nun-

190 2500 292 2561 quam
318 2480 500 2544 molestius
523 2481 666 2543 tulimus
690 2481 781 2543 hanc
806 2501 898 2562 quae
922 2502 987 2545 uos
1011 2501 1205 2562 oppressos
1235 2489 1334 2544 tenet
1363 2478 1468 2543 Sedis

190 2587 419 2669 Apostolicae
434 2586 691 2669 impotentiam;
707 2589 878 2651 vellemus
896 2589 999 2668 enim,
1017 2589 1046 2650 si
1063 2588 1196 2666 liceret,
1214 2610 1256 2651 ea
1281 2587 1344 2650 tibi
1360 2607 1468 2669 posse

189 2693 316 2757 afferre
340 2693 509 2774 subsidia,
533 2714 598 2775 per
614 2714 706 2776 quae
731 2704 766 2757 et
790 2694 1036 2775 tranquillitati
1060 2704 1142 2759 tuae
1167 2705 1204 2758 et
1217 2696 1328 2757 amori
1345 2705 1467 2757 nostro

190 2801 223 2863 in
247 2812 283 2864 te
307 2799 506 2866 satisfieret.
554 2799 626 2865 Sed
651 2822 721 2884 quo
746 2823 811 2864 nos
834 2811 1015 2864 vertamur
1038 2822 1109 2865 non
1133 2803 1315 2882 habemus,
1340 2802 1385 2864 ad
1410 2822 1467 2865 ve·

190 2917 283 2972 teres
307 2906 400 2970 enim
431 2918 570 2970 nostras
602 2907 830 2972 difficultates
854 2930 968 2971 novae
993 2909 1134 2990 aliquae
1164 2928 1349 2972 accessere
1381 2928 1469 2989 quas

191 3014 289 3077 novit
304 3013 422 3076 Nobu-
445 3023 522 3088 tua;
548 3035 663 3097 neque
687 3035 780 3077 nunc
804 3015 971 3078 attineret
987 3015 1105 3078 facere
1128 3035 1191 3077 nos
1207 3016 1331 3077 harum
1351 3035 1468 3079 rerum

192 3121 404 3184 mentionem
425 3119 491 3183 nisi
507 3119 567 3183 illo
583 3120 699 3184 animo
715 3142 871 3185 essemus
887 3122 1005 3185 omnia
1019 3142 1084 3203 pro
1100 3131 1161 3185 tua
1176 3142 1282 3185 causa
1296 3121 1468 3195 faciendi;

192 3238 347 3292 nostram
371 3228 532 3309 quidem,
557 3248 647 3310 quae
672 3238 814 3292 nostrae
839 3231 954 3292 adhuc
978 3227 1166 3311 potestatis
1187 3238 1258 3307 est,
1283 3228 1468 3292 auctorita-

192 3348 261 3399 tem
285 3333 563 3398 benivolentiam
588 3335 741 3398 studium
766 3337 811 3398 ad
836 3346 896 3397 tua
909 3336 1027 3399 omnia
1050 3338 1234 3399 commoda
1249 3336 1468 3417 pollicemur,

193 3465 232 3506 ac
264 3443 434 3506 vellemus
467 3453 502 3505 et
526 3451 647 3505 nostra
672 3452 707 3506 et
730 3452 791 3506 tua
816 3456 851 3506 et
874 3441 1101 3506 Serenissimi
1132 3442 1251 3504 fratris
1276 3443 1326 3503 tui
1350 3461 1467 3521 causa,

192 3560 331 3633 tempus
354 3552 420 3612 hoc
446 3548 572 3612 aetatis
596 3558 740 3612 nostrae
764 3550 887 3613 melius
912 3571 990 3613 esse
1021 3550 1258 3631 tranquillum,
1283 3558 1322 3611 ut
1346 3569 1462 3630 quem·

193 3657 379 3719 admodum
406 3656 531 3718 eodem
555 3665 716 3737 tempore
749 3677 771 3719 a
806 3677 940 3719 summo
977 3666 1013 3718 et
1036 3656 1280 3738 omnipotente
1303 3656 1382 3717 Deo
1407 3674 1467 3737 gu-

193 3762 392 3827 bernationi
415 3762 483 3844 ipsi
505 3764 717 3844 populorum
739 3782 857 3825 sumus
876 3763 1029 3844 prefecti
1050 3762 1099 3825 sic
1122 3762 1198 3844 pari
1224 3773 1259 3824 et
1281 3762 1468 3825 coniuncto

194 3870 309 3934 animo
334 3885 440 3952 atque
465 3890 584 3933 amore
608 3889 734 3932 munus
766 3882 923 3933 nostrum
960 3889 1226 3942 exerceremus;
1258 3870 1323 3931 sed
1350 3877 1470 3931 tantae

194 3977 353 4041 incidunt
377 3957 535 4059 quotidie
559 3986 811 4058 tempestates,
840 3986 878 4040 ut
901 3996 995 4058 pene
1019 3997 1039 4038 e
1062 3976 1225 4040 manibus
1249 3975 1378 4039 nostris
1402 3978 1469 4038 cla-

194 4106 258 4148 vus
282 4084 504 4156 excutiatur;
531 4084 566 4146 in
598 4083 705 4147 tantis
735 4092 853 4146 tamen
884 4082 1047 4146 fluctibus
1084 4083 1204 4145 divino
1232 4082 1364 4145 auxilio
1389 4102 1469 4145 con-

195 4190 304 4255 fidere
330 4192 514 4264 debemus;
539 4190 616 4272 ipse
642 4190 733 4253 enim
758 4192 856 4253 Deus
880 4200 917 4252 et
940 4200 1077 4253 mentes
1101 4192 1213 4251 bonas
1241 4189 1403 4270 inspirat,
1435 4198 1471 4249 et

195 4298 230 4361 iu
254 4318 317 4362 sua
334 4319 441 4361 causa
456 4299 661 4360 laborantes
676 4318 746 4361 non
764 4296 906 4360 deserit.
932 4296 1073 4376 Quanto
1097 4307 1213 4357 autem
1231 4297 1332 4357 labor
1356 4293 1470 4356 maior

195 4417 275 4469 tuae
299 4405 422 4468 virtuti
445 4404 649 4488 propositus
673 4414 742 4485 est,
775 4413 874 4467 tanta
908 4403 974 4466 erit
1007 4402 1146 4466 virtutis
1174 4402 1251 4464 laus
1281 4401 1469 4464 illustrior:

195 4515 258 4577 sed
287 4533 352 4576 nos
380 4532 495 4594 neque
528 4532 711 4575 monemus
741 4531 857 4592 neque
890 4512 1072 4573 hortamur
1100 4508 1330 4571 Nobilitatem
1365 4519 1471 4587 tuam,

196 4642 264 4685 non
291 4619 382 4683 enim
406 4619 466 4682 illa
491 4618 638 4682 consilio
663 4639 727 4681 nec
754 4617 1020 4681 confirmatione
1044 4616 1201 4696 indiget:
1233 4615 1320 4678 illud
1353 4613 1472 4696 potius

196 4726 434 4810 significamus
475 4725 510 4788 in
546 4724 653 4789 tantis
692 4724 960 4788 difficultatibus
1002 4722 1154 4786 omnium
1194 4742 1312 4784 rerum
1345 4720 1472 4802 quibus

196 4834 402 4920 premimur,
438 4835 529 4896 hanc
561 4841 716 4896 nostram
746 4852 825 4895 esse
856 4831 1045 4894 maximam
1080 4827 1352 4891 sollicitudinem
1377 4827 1472 4910 quod
