3559 5734
1333 510 1828 597 0—<34358ss—<5

307 685 782 771 Reipublicae
829 686 1108 751 factura
1154 686 1469 768 videtur,
1528 687 1585 749 si
1631 686 1745 748 hic
1794 685 1891 747 ita
1939 684 2336 766 provideat,
2388 697 2460 745 ut
2512 685 2856 765 praedicti

308 795 494 857 cives
542 816 618 856 se
667 794 934 876 liquido
983 814 1322 876 peccasse
1386 800 1845 874 cognoscant.
1961 791 2211 873 Neque
2276 793 2460 853 enirn
2528 793 2636 853 hic
2704 813 2852 873 spe-

307 902 594 964 randum
663 912 808 982 est,
873 909 949 963 ut
1019 921 1142 963 eos
1202 900 1647 982 indulgentia
1716 898 2029 981 mitiget,
2102 898 2269 979 quin
2344 897 2576 981 potius
2648 897 2856 961 etiam

309 1008 656 1090 etiamque
705 1007 1159 1070 metuendum
1209 1006 1573 1086 existimO,
1641 1026 1730 1068 ne
1794 1006 1853 1067 si
1920 1004 2029 1067 his
2091 1013 2444 1068 tantorum
2514 1009 2856 1065 malorum

307 1112 516 1177 initiis
563 1135 704 1177 non
755 1113 980 1196 primo
1029 1134 1311 1195 quoque
1361 1124 1680 1194 ternpore
1731 1120 2182 1191 occurratur,
2255 1113 2724 1194 gliscentibus
2788 1113 2856 1173 in

309 1222 455 1284 dies
503 1223 637 1283 hoc
699 1241 930 1303 genus
990 1220 1377 1283 factionum
1438 1220 1697 1300 turbiS,
1765 1239 1907 1282 non
1976 1218 2273 1301 perinde
2336 1229 2584 1301 postea
2648 1217 2860 1281 facile

308 1328 553 1391 obsisti
599 1327 825 1409 possit
872 1329 1156 1409 quando
1205 1326 1276 1390 in
1326 1329 1512 1390 hunc
1559 1326 1735 1389 istos
1784 1326 2068 1389 modum
2116 1325 2464 1389 cernimus
2480 1375 2496 1405 ,
2544 1325 2612 1389 in
2668 1325 2856 1389 dete-

307 1435 493 1498 riora
540 1434 856 1516 quotidie
905 1434 1203 1517 prolabi.
1298 1434 1582 1497 Interea
1627 1453 1838 1515 quarn
1886 1432 2336 1496 foelicissime
2384 1433 2620 1493 valeat
2672 1433 2744 1495 T.
2788 1429 2856 1493 53.

307 1542 416 1605 cui
457 1562 568 1604 me
599 1549 823 1604 totum
853 1561 1062 1622 quam
1096 1561 1384 1622 possum
1416 1539 2051 1621 obsequentissime
2083 1541 2404 1602 devoveo
2440 1541 2856 1621 dedistique,

483 1665 815 1746 Lugduni
863 1665 1132 1729 Mensis
1177 1665 1421 1729 Martii
1471 1665 1638 1730 XII.

728 1789 810 1855 E.
859 1787 932 1854 S.
980 1791 1061 1854 T.

1761 1905 2080 1954 Humillima
2118 1905 2368 1953 Creatura

1490 2006 1559 2051 Io
1599 2003 1976 2052 cardinalis
2015 2004 2091 2052 de
2131 2003 2592 2065 Lothnringia.

1379 2218 1418 2227 Α

1124 2447 1462 2528 Eiusdem
1515 2448 2046 2549 postsoriptum.

1514 2589 1660 2652 198.

1053 2842 1304 2911 (Literna
1340 2841 1577 2915 Prinoip.
1613 2841 1733 2900 Vol.
1769 2842 1814 2900 1.
1851 2842 1984 2915 fogl.
2019 2842 2125 2915 4¹7.)

1303 2952 1414 3019 (12.
1456 2954 1635 3001 Martii
1682 2951 1855 3021 1525.)

487 3096 748 3175 Hodie,
798 3115 1009 3177 quum
1055 3095 1268 3157 hasce
1319 3095 1561 3156 literas
1594 3094 1972 3156 tabellario
2004 3103 2368 3175 postarum
2404 3097 2492 3157 ad
2532 3097 2624 3157 F...
2664 3097 2748 3157 D.
2784 3093 2872 3161 V.

316 3204 778 3286 perferendas
825 3211 1209 3265 statueram
1238 3250 1252 3278 ,
1302 3210 1653 3263 venerunt
1698 3202 1836 3263 huc
1886 3201 2025 3263 duo
2076 3202 2368 3264 comites
2416 3225 2556 3265 non
2607 3225 2872 3285 parvae

315 3309 734 3373 conditionis
782 3309 854 3371 in
903 3316 1053 3371 toto
1103 3308 1435 3389 ImperiO,
1467 3308 1586 3389 qui
1618 3309 2015 3371 retulerunt
2063 3308 2230 3370 mihi
2271 3307 2456 3370 inter
2488 3309 2644 3389 alia,
2684 3309 2868 3389 quod

313 3415 982 3480 Reverendissimus
1009 3414 1354 3477 Dominus
1374 3415 1685 3495 Legatus
1720 3413 2151 3497 Campegius
2179 3415 2319 3477 iam
2344 3417 2492 3477 fere
2516 3417 2872 3477 Echemus

315 3527 402 3586 ab
453 3523 815 3586 erroribus
863 3522 1005 3585 suis
1054 3531 1514 3602 avocaverat,
1583 3531 1654 3584 et
1717 3542 1804 3584 eo
1853 3540 2000 3584 rem
2052 3522 2484 3601 deduxerat,
2552 3533 2628 3585 ut
2692 3525 2876 3585 hene

315 3632 401 3692 de
451 3631 554 3694 eis
605 3633 1066 3711 sperabatur;
1141 3649 1385 3691 verum
1434 3629 1776 3691 timebant
1840 3630 2022 3691 hanc
2080 3627 2520 3690 sanctissimi
2592 3629 2876 3689 Domini

317 3736 557 3800 Nostri
603 3736 674 3798 in
724 3734 1009 3800 Gallum
1054 3735 1579 3799 inclinationem
1631 3755 1843 3817 posse
1889 3755 2012 3798 eos
2042 3734 2364 3798 fortassis
2396 3741 2488 3797 ab
2540 3737 2876 3797 institutis

319 3864 707 3907 removere.

493 3970 883 4032 Praeterea
929 3969 1142 4030 modo
1191 3988 1323 4050 per
1370 3965 1823 4030 Germaniam
1871 3986 2065 4029 more
2114 3967 2536 4029 hebreorum
2588 3965 2876 4029 circum*

323 4075 618 4138 cidendo
668 4074 1062 4137 Infantulos
1099 4084 1301 4136 natos
1351 4075 1554 4156 (proh
1606 4072 1837 4158 dolor)
1884 4072 2228 4154 baptisari
2272 4089 2624 4141 asserunt:
2676 4097 2872 4153 qum·-

327 4204 467 4245 sum
518 4192 662 4246 tum
714 4183 890 4244 haec
940 4182 1257 4260 tendant,
1303 4181 1553 4262 juditio
1602 4181 1696 4243 R.
1748 4181 1836 4244 D:
1890 4180 1973 4243 V.
2024 4180 2480 4261 cogitantium
2532 4181 2876 4261 relinquo.

2456 4965 2560 5017 ss*
