3559 5734
701 573 948 628 0⁴{32sslfr-o

183 718 282 779 brevi
320 720 470 800 qualche
503 719 630 782 bestial
655 718 860 799 insolentia,
892 720 918 782 il
949 721 1015 783 che
1051 718 1080 780 si
1105 718 1368 801 comprehende
1399 739 1465 801 per

184 825 280 887 molti
309 825 419 889 strani
450 826 552 907 segni
583 835 619 888 et
649 827 772 909 parole
806 846 869 888 sue
901 828 966 890 che
996 826 1067 909 egli
1092 823 1265 889 mlnaccia
1288 835 1414 890 contra
1439 826 1464 888 il

183 933 279 994 clero
304 940 339 995 et
363 935 422 995 noi
446 943 482 997 et
506 953 571 1014 per
596 935 627 996 el
652 934 744 996 tenir
768 934 813 996 de
838 934 973 998 Hutten
1000 944 1036 996 et
1059 938 1137 998 suoi
1157 933 1321 1016 complici
1347 942 1382 996 et
1405 934 1463 996 ha·

182 1059 245 1101 ver
271 1060 341 1102 uno
365 1040 483 1102 studio
508 1039 544 1101 di
567 1039 649 1103 libri
673 1040 859 1120 lutherani,
884 1040 981 1122 quali
1005 1063 1043 1104 se
1067 1039 1104 1102 fa
1127 1041 1255 1123 legger
1271 1039 1464 1104 ordinaria·

182 1156 300 1208 mente
324 1146 359 1209 in
384 1168 517 1227 mensa,
543 1157 579 1209 et
601 1167 715 1228 pocca
739 1148 842 1210 stima
858 1147 896 1211 fa
911 1149 1005 1210 dello
1019 1147 1172 1230 Imperio
1186 1157 1222 1210 et
1239 1148 1334 1211 della
1346 1146 1463 1228 Dieta,

182 1254 291 1335 (dalla
314 1255 397 1334 qual
421 1274 521 1317 come
545 1255 591 1316 de
615 1253 674 1335 qui
698 1253 728 1316 si
752 1251 845 1338 dice)
870 1255 917 1316 da
939 1253 1000 1338 piu
1025 1273 1178 1336 persone
1202 1253 1221 1317 ὲ
1246 1263 1339 1317 51310
1364 1252 1462 1316 udito

182 1359 231 1422 lui
254 1362 349 1422 soler
372 1359 448 1423 dire
480 1361 546 1422 che
571 1361 702 1424 Cesare
726 1370 763 1423 et
784 1361 809 1423 li
833 1359 926 1423 Stati
950 1362 984 1423 in
1009 1363 1044 1425 13
1068 1361 1164 1424 dieta
1188 1360 1462 1424 deliberaranno

182 1475 219 1528 et
242 1465 289 1527 lui
314 1465 392 1528 lara
409 1468 442 1529 le
458 1466 687 1548 conclusioni,
713 1478 748 1530 et
763 1467 877 1549 questi
894 1466 928 1530 di
944 1467 1097 1548 proximi
1114 1468 1266 1532 essendo
1283 1475 1338 1530 sta
1354 1466 1463 1528 citato

181 1574 228 1635 ad
244 1593 431 1654 comparer
448 1593 567 1637 coram
579 1573 709 1637 Cesare
727 1595 791 1656 per
806 1595 960 1637 evacuat
977 1583 1074 1638 certa
1087 1595 1195 1637 causa
1210 1573 1246 1637 di
1259 1574 1462 1656 represalee

182 1680 345 1743 francese
375 1690 548 1744 arrestate
571 1681 607 1743 in
632 1702 736 1744 mano
762 1683 818 1744 del
843 1681 1085 1760 Treverense,
1117 1680 1165 1742 lui
1198 1699 1344 1761 respose
1368 1678 1462 1742 assai

181 1787 423 1850 incivilmente
448 1788 481 1849 al
505 1788 668 1850 heraldo:
693 1787 803 1851 Cesar
825 1790 906 1850 vole
931 1789 996 1851 che
1020 1787 1054 1850 io
1071 1786 1189 1850 cerchi
1213 1788 1304 1850 altro
1329 1786 1462 1868 partito

182 1895 261 1957 chel
286 1915 361 1973 suu,
386 1903 422 1956 et
445 1895 571 1956 alcune
595 1895 685 1958 altre
710 1914 779 1957 non
805 1896 914 1958 molto
939 1897 1088 1958 honeste
1113 1895 1253 1976 parole:
1279 1903 1315 1956 et
1334 1903 1460 1975 questo

182 2001 327 2064 ecome
352 2000 480 2080 scriv0,
504 2000 562 2062 del
587 2002 652 2063 che
676 2002 722 2063 ho
747 2003 869 2065 voluto
895 2002 1038 2064 advisar
1062 2001 1106 2063 V.
1132 2003 1168 2066 S.
1193 2002 1278 2065 Ru.

272 2108 316 2170 Et
340 2106 537 2189 parimente
562 2109 628 2171 che
652 2127 740 2170 sono
765 2107 825 2192 gia
850 2109 994 2171 adunati
1028 2108 1087 2189 qui
1111 2107 1146 2170 in
1171 2127 1276 2171 cerco
1300 2107 1372 2169 fino
1397 2107 1461 2170 sei·

181 2226 286 2278 cento
312 2214 440 2277 cavalli
465 2224 500 2276 et
525 2235 595 2277 non
620 2236 660 2278 so
685 2215 806 2296 quanti
831 2215 938 2294 lauti,
973 2226 1008 2278 et
1032 2214 1142 2277 dicesi
1166 2216 1232 2277 che
1256 2213 1310 2277 fra
1335 2214 1461 2296 pocchi

182 2321 219 2384 dl
251 2344 296 2385 ne
335 2341 489 2385 saranno
527 2320 599 2384 fino
637 2323 707 2385 3113
739 2343 874 2385 summa
898 2322 932 2385 di
957 2323 1051 2386 mille
1076 2322 1309 2404 cinquecento
1334 2321 1462 2384 cavalli

181 2440 275 2493 sotto
300 2450 404 2492 nome
437 2429 472 2490 di
496 2427 717 2492 confederati
742 2429 1006 2510 gentilhornini;
1031 2450 1088 2494 ma
1110 2450 1149 2491 re
1166 2449 1253 2493 vera
1269 2430 1315 2492 ad
1332 2429 1461 2491 instan-

181 2536 231 2598 tia
269 2545 304 2598 et
328 2545 423 2598 sotto
459 2533 482 2597 11
506 2535 639 2598 vexillo
674 2535 709 2597 di
734 2534 972 2619 Sichinghen‚
1012 2538 1129 2599 doude
1154 2535 1366 2617 Moguntino
1390 2534 1460 2602 fila.

181 2643 250 2706 Noi
274 2663 445 2724 pensamo
484 2644 550 2705 che
580 2663 619 2705 se
648 2662 735 2705 sono
767 2642 826 2725 gia
858 2642 1051 2726 discoperti
1076 2663 1140 2724 per
1165 2642 1325 2706 metterci
1349 2663 1462 2725 paura

182 2761 222 2814 et·
252 2751 319 2813 che
351 2771 421 2813 non
455 2748 627 2812 facciamo
659 2749 848 2812 execution
879 2751 972 2813 delle
1006 2770 1089 2813 cose
1114 2751 1159 2812 de
1183 2749 1318 2813 Luther
1342 2749 1460 2832 quiin

181 2858 294 2929 dieta;
328 2868 445 2918 tamen
477 2875 604 2919 revera
628 2856 828 2920 Francesco
859 2858 907 2920 ha
931 2855 1067 2919 obietto
1092 2857 1204 2919 andar
1228 2865 1353 2920 contra
1376 2857 1459 2920 Tre·

182 2965 277 3044 veri,
309 2985 409 3027 come
438 2963 498 3046 gia
531 2963 649 3026 alcuni
682 2964 769 3027 mesi
793 2963 976 3027 minaccih.
1024 2962 1130 3025 Certo
1154 2963 1311 3026 Trevere
1345 2963 1391 3026 mi
1413 2964 1461 3026 ha

182 3074 280 3135 detto
306 3070 442 3133 haverli
473 3071 563 3133 fatto
592 3069 756 3133 intender
779 3072 845 3133 che
870 3072 905 3132 lo
931 3079 1078 3151 expetta
1103 3069 1138 3131 di
1163 3072 1259 3131 buon
1284 3069 1401 3132 animo
1426 3079 1461 3133 et

182 3181 248 3243 che
272 3199 379 3260 spera
402 3176 482 3240 farli
506 3187 689 3240 recontrar
705 3197 789 3239 cosa
813 3178 878 3239 che
904 3177 928 3239 li
945 3175 1025 3240 altri
1040 3174 1209 3239 Germani
1232 3175 1279 3238 fin
1306 3176 1365 3257 qui
1389 3197 1460 3239 non

180 3287 301 3348 hanno
325 3284 426 3349 fatte.
474 3282 563 3346 Esso
587 3282 734 3346 Treveri
766 3284 784 3346 ὲ
810 3303 880 3345 una
903 3284 1010 3363 volpe
1035 3281 1071 3345 di
1094 3285 1213 3345 buona
1237 3294 1332 3345 sorte
1357 3292 1393 3345 et
1415 3284 1461 3345 ha

179 3396 301 3455 buona
325 3390 510 3473 alligantia
533 3410 600 3452 con
625 3390 658 3452 el
683 3390 773 3452 duca
798 3387 943 3451 Saxone
969 3396 1004 3452 et
1028 3388 1247 3471 Lantgravio
1273 3390 1306 3451 di
1331 3390 1460 3453 Hassia

181 3497 358 3581 principal
383 3498 510 3560 nimico
535 3495 570 3557 di
594 3495 785 3559 Francisco
810 3505 846 3558 et
870 3516 941 3558 non
965 3495 989 3558 li
1013 3516 1138 3559 manca
1162 3496 1315 3559 l'animo
1341 3496 1459 3560 defen·

181 3606 276 3668 dersi
303 3602 553 3667 daFrancisco
578 3613 614 3665 et
637 3604 683 3664 (13
698 3602 834 3664 Hutten
859 3612 894 3664 et
918 3601 994 3665 suoi
1018 3602 1226 3683 conlatroni,
1251 3605 1316 3666 che
1332 3604 1402 3667 Dio
1426 3606 1461 3667 10

180 3712 359 3775 benedica
382 3732 447 3793 per
470 3708 564 3774 mille
587 3711 700 3782 volte;
726 3720 761 3772 et
786 3711 925 3772 volesse
949 3708 1004 3772 far
1028 3730 1093 3791 per
1117 3731 1180 3772 sua
1202 3710 1322 3774 divina
1339 3721 1461 3794 poten·

182 3819 232 3882 tia
255 3820 322 3881 che
347 3819 465 3899 quello
489 3819 581 3880 altro
606 3817 734 3879 elettor
758 3816 910 3899 galerito
935 3817 1086 3880 havesse
1110 3819 1159 3879 tal
1185 3817 1301 3880 animo
1326 3819 1391 3880 che
1416 3820 1462 3881 ha

181 3926 330 3990 Treveri
368 3926 434 3987 che
458 3943 528 3986 non
565 3923 752 3986 saressimo
788 3924 856 4005 qua
880 3923 916 3986 in
941 3923 1055 4004 questi
1081 3923 1233 3998 fastidii;
1269 3924 1401 4006 alioqui
1425 3924 1460 3989 in

182 4032 328 4115 reliquis
351 4031 400 4094 lui
425 4032 442 4095 ὲ
467 4052 513 4094 un
539 4030 700 4113 principe
725 4029 806 4111 pien
832 4029 869 4091 di
894 4030 979 4113 ogni
1003 4029 1112 4092 bonta
1144 4040 1179 4092 et
1201 4029 1294 4093 virtu
1319 4042 1462 4094 excetta

181 4143 218 4205 13
250 4150 380 4224 troppa
409 4138 558 4201 timidita
589 4140 624 4200 la
656 4138 760 4219 quale
797 4137 819 4200 li
852 4138 961 4200 fanno
985 4158 1127 4203 crescer
1158 4139 1194 4201 di
1218 4141 1413 4223 vantaggio
1437 4140 1461 4202 li

182 4247 476 4312 Lutheranissimi
508 4246 574 4308 che
603 4246 651 4307 ha
681 4245 716 4306 in
750 4265 834 4307 casa
868 4252 903 4306 et
927 4265 997 4308 non
1022 4248 1082 4309 vol
1106 4247 1232 4309 creder
1255 4247 1291 4309 di
1314 4246 1461 4328 haveth,

183 4377 254 4419 non
288 4357 453 4419 obstante
489 4354 554 4416 che
578 4350 602 4413 il
627 4349 680 4413 S‘0
713 4351 922 4415 Carrazzolo
957 4363 993 4415 et
1024 4351 1058 4415 io
1083 4351 1281 4415 assaissime
1305 4354 1402 4417 volte
1425 4354 1460 4416 lo

182 4464 374 4527 habbiamo
398 4461 564 4525 ravisato.

273 4571 325 4633 Lo
341 4570 418 4633 ill¹¹¹⁰
444 4570 584 4632 ellettor
597 4566 857 4645 Braudeburgh
875 4563 1036 4646 principe
1054 4573 1144 4628 tutto
1160 4584 1337 4648 generoso
1349 4565 1463 4648 hoggi

184 4700 224 4742 se
246 4680 361 4742 devea
385 4675 497 4759 partir
509 4723 518 4755 ,
547 4683 584 4738 et
607 4672 784 4736 mandomi
808 4671 885 4734 heri
909 4692 989 4735 sero
1014 4693 1035 4735 3
1059 4672 1114 4735 dir
1138 4674 1204 4735 che
1228 4671 1416 4735 scrivendo
1441 4693 1463 4735 a

185 4772 303 4849 Roma
331 4785 367 4846 lo
400 4780 696 4845 raccomandasse
728 4778 789 4842 alli
824 4778 921 4860 piedi
950 4779 1008 4841 del
1034 4777 1098 4841 8⁰¹⁰
1122 4789 1158 4843 et
1181 4801 1203 4842 3
1227 4779 1271 4842 V.
1296 4777 1463 4861 Signoria

184 4892 261 4957 R²¹¹⁸
283 4889 392 4967 assai;
416 4890 607 4955 tuttavolta
622 4887 736 4977 hoggi
759 4908 867 4954 aucor
886 4908 957 4953 non
981 4887 1159 4973 epartito.
1207 4886 1289 4950 Cosi
1313 4888 1346 4949 el
1361 4887 1464 4956 Duca

1253 4991 1303 5050 14*
