3559 5734
835 513 1083 577 &iiiiii-³

319 668 429 751 ipsius
461 666 566 733 divae
598 666 775 749 Virginis,
811 676 847 731 et
877 667 1134 750 Redemptoris
1163 667 1275 731 nostri
1306 669 1446 749 delent,
1479 686 1600 733 sacros

319 776 429 840 libros
452 777 617 856 adurunt,
641 774 783 858 nuptias
807 775 902 838 inter
924 775 1129 838 sacerdotes
1154 785 1189 837 et
1212 776 1441 857 concubinas,
1465 796 1508 839 ac
1532 796 1600 839 me·

318 880 479 965 retrices,
503 882 596 947 inter
612 884 806 946 monachos
834 891 870 945 et
890 884 1082 945 monachas
1098 882 1242 965 publica
1256 902 1389 967 pompa
1405 884 1599 963 celebrant,

319 1001 355 1054 et
378 998 485 1074 prout
508 1010 683 1072 quemque
708 989 880 1072 impetus,
917 999 978 1052 aut
1009 989 1121 1053 libido
1159 990 1339 1073 exagitat,
1375 989 1409 1053 in
1447 997 1629 1073 preceps'

321 1098 493 1161 feruntur.
541 1095 634 1177 Quid
658 1098 753 1177 quod
777 1096 860 1160 freti
884 1095 1005 1159 nescio
1029 1086 1158 1179 quihus
1175 1096 1468 1161 translationibus
1491 1097 1598 1179 scrip-

321 1215 421 1269 turae
439 1225 562 1268 sacrae
579 1206 625 1267 ab
638 1202 806 1266 hereticis
831 1222 945 1285 nuper
969 1202 1083 1283 editis,
1109 1223 1178 1266 non
1203 1203 1338 1286 plebeii
1360 1205 1467 1267 modo
1491 1203 1600 1267 homi·

320 1335 402 1393 nes,
432 1315 497 1376 sub
523 1322 558 1374 et
581 1310 759 1374 foeminae
793 1310 838 1373 de
866 1309 999 1373 Divino
1029 1309 1152 1374 Verbo
1185 1311 1364 1392 argutari,
1393 1311 1599 1392 decernere,

322 1419 534 1483 doctissimis
566 1417 652 1481 viris
688 1427 822 1481 temere
857 1417 1102 1480 contradicere
1137 1437 1309 1500 nusquam
1347 1438 1419 1481 non
1456 1419 1599 1482 audent.

321 1529 441 1609 Atque
477 1525 514 1588 id
543 1524 621 1589 fieri
657 1546 679 1587 a
719 1524 961 1607 praedonibus
989 1532 1025 1586 et
1059 1524 1221 1605 perditae
1251 1526 1357 1588 sortis
1388 1524 1601 1606 hominibus,

319 1654 409 1717 quos
432 1632 503 1696 illic
527 1652 658 1713 magno
682 1651 828 1694 numero
852 1628 1015 1712 rapiendi
1040 1630 1169 1714 cupido
1193 1631 1229 1694 in
1253 1634 1387 1696 nullum
1413 1652 1486 1695 non
1516 1630 1599 1694 faci·

322 1762 388 1805 nus
411 1740 571 1803 furentes
595 1738 688 1820 agit,
714 1736 1005 1800 minus‘fortasse
1029 1736 1164 1801 mirum.
1217 1739 1266 1802 At
1296 1740 1488 1824 plerasque
1517 1738 1599 1801 civi·

320 1858 412 1912 tates
438 1847 661 1929 Imperiales,
686 1865 836 1927 easque,
861 1864 951 1926 quas
973 1845 1067 1907 mala
1090 1845 1306 1910 ominatione
1330 1846 1462 1910 liberas
1477 1845 1600 1909 vocari

321 1955 491 2037 contigit,
528 1974 620 2035 quae
655 1972 769 2034 nuper
799 1951 935 2034 optimo
960 1950 1085 2015 ordine
1116 1972 1138 2015 a
1164 1954 1287 2035 probis
1311 1962 1347 2017 et
1375 1952 1532 2017 cordatis
1555 1952 1599 2015 ci·

320 2062 441 2142 vibus,
465 2060 690 2142 maximeque
713 2058 782 2142 piis
809 2057 888 2141 regi
913 2067 1190 2140 consueverunt,
1216 2081 1294 2125 esse
1313 2063 1381 2124 hac
1403 2061 1485 2124 labe
1501 2059 1598 2144 peni-

319 2181 377 2232 tus
401 2165 675 2247 contaminatas,
706 2187 750 2230 ea
781 2168 922 2229 demum
954 2164 1059 2230 huius
1083 2165 1236 2229 nationis
1264 2176 1424 2231 extrema
1446 2165 1600 2249 miseria,

320 2287 357 2339 et
380 2273 562 2337 calamitas
593 2272 731 2336 censeri
765 2273 885 2337 debet.
944 2272 1058 2336 Porro
1093 2271 1297 2356 Principum
1332 2275 1492 2338 nonnulli
1529 2292 1600 2338 non

320 2383 426 2446 modo
450 2382 517 2443 hac
542 2379 577 2443 in
601 2388 704 2463 parte
728 2390 764 2443 et
787 2377 856 2462 ipsi
881 2380 1039 2462 corrupti
1063 2390 1154 2461 sunt,
1179 2382 1242 2443 sed
1267 2392 1303 2443 et
1318 2381 1418 2446 istius
1440 2363 1601 2446 haeresis

320 2500 472 2570 autores,
497 2497 534 2552 et
557 2490 734 2562 lautores;
758 2486 919 2551 nonnulli
940 2487 1007 2550 etsi
1031 2488 1148 2550 adhuc
1165 2497 1341 2569 constant,
1364 2490 1457 2552 malo
1481 2498 1602 2552 tamen

321 2617 464 2662 suorum
488 2594 767 2659 consiliariorum
791 2595 875 2658 dolo
899 2593 1052 2675 seducti,
1086 2597 1188 2676 (quos
1211 2595 1289 2658 fere
1312 2615 1434 2660 omnes
1457 2595 1494 2659 in
1519 2616 1602 2659 con·

321 2705 415 2771 fesso
440 2712 597 2767 estesse
621 2698 842 2786 lutheranos)
865 2700 975 2783 aliqui
998 2701 1175 2765 intestinis
1201 2702 1365 2784 dissidiis,
1389 2701 1500 2786 aliqui
1523 2723 1602 2766 suo·

321 2832 397 2875 rum
426 2809 647 2874 subditorum
678 2819 789 2889 metu,
822 2828 913 2891 quos
935 2808 1119 2893 'principio
1153 2809 1321 2874 cohibere
1351 2811 1603 2893 neglexerunt,

321 2921 357 2981 in
382 2917 585 2981 universum
609 2937 731 2980 omnes
755 2915 906 2979 diversis
930 2917 975 2979 de
1000 2915 1115 2980 causis
1145 2926 1218 2980 tam
1248 2919 1372 3000 procul
1403 2920 1449 2981 ab
1481 2916 1604 2981 officio

323 3026 359 3088 in
384 3027 451 3088 hac
475 3045 515 3087 re
538 3018 727 3087 tractanda
749 3023 939 3104 recedunt,
964 3032 1002 3086 ut
1025 3021 1219 3088 Germania
1242 3024 1355 3087 omnis
1378 3026 1413 3088 in
1437 3024 1603 3088 manifes·

320 3141 393 3196 tam
417 3129 609 3213 perniciem
634 3130 797 3193 iamiam
821 3150 947 3193 casura
978 3130 1150 3194 videatur.
1205 3130 1245 3194 Id
1281 3143 1399 3195 autem
1429 3131 1459 3195 si
1492 3133 1603 3215 (quod

320 3238 577 3320 abominamur)
602 3237 763 3319 eveniat,
803 3237 881 3319 quis
917 3258 987 3301 non
1018 3237 1118 3300 videt
1149 3237 1306 3320 reliquas
1336 3239 1443 3302 etiam
1477 3237 1604 3301 fideles

321 3345 485 3410 nationes
507 3344 543 3408 in
574 3346 724 3409 eandem
759 3345 935 3409 haeresim
970 3365 1014 3408 ne
1049 3346 1282 3426 prolabantur
1323 3344 1531 3428 periclitari,
1568 3354 1605 3407 et

320 3461 432 3515 totum
458 3450 695 3515 Christianum
719 3445 846 3515 nornen
872 3451 1201 3515 immanissimorum
1224 3453 1417 3516 Turcarum
1445 3452 1605 3533 praedae

325 3560 436 3623 multo
459 3557 575 3640 magis
599 3578 704 3641 quam
736 3568 842 3622 antea
875 3555 1057 3641 patefieri!
1105 3558 1164 3620 Ad
1197 3562 1289 3621 hanc
1322 3558 1604 3640 extinguendam

322 3674 461 3749 pestem
501 3674 635 3746 quanto
678 3664 813 3745 studio,
853 3684 994 3747 opeque
1031 3664 1231 3727 incubuerit
1254 3663 1315 3728 le.
1352 3684 1402 3728 re.
1462 3664 1537 3728 Leo
1564 3664 1604 3727 X

321 3773 524 3852 Precessor,
542 3780 579 3835 et
593 3773 786 3835 secundum
803 3791 946 3834 carnem
962 3770 1074 3834 frater
1087 3770 1260 3853 patruelis
1275 3781 1406 3852 noster,
1425 3769 1527 3835 testis
1549 3781 1607 3835 est

319 3879 399 3962 ipsa
422 3878 591 3960 Maiestas
614 3877 709 3959 Tua,
733 3898 825 3959 quae
849 3878 1009 3942 eiusdem
1032 3877 1163 3942 Leonis
1192 3877 1344 3941 assiduis
1366 3878 1602 3961 persuasioni·

320 3988 398 4065 buS,
422 3993 458 4050 et
480 3984 549 4067 piis
572 3984 881 4048 adhortationibus
905 3984 1048 4068 saepius
1065 3984 1246 4067 requisita,
1269 3986 1492 4067 praeclarum
1515 3984 1604 4047 illud

322 4092 476 4157 edictum
489 4092 524 4155 in
538 4091 863 4155 Wormatiensibus
880 4091 1030 4155 comitiis
1044 4101 1168 4155 contra
1179 4092 1271 4154 hanc
1282 4090 1437 4155 heresim
1451 4094 1605 4173 promul·

321 4200 431 4283 gavit
485 4198 589 4280 Quod
620 4198 651 4262 si
683 4207 721 4261 ut
750 4198 973 4263 sanctissime
1003 4200 1120 4263 fuerat
1152 4199 1347 4280 decretum,
1382 4198 1433 4262 ita
1465 4209 1605 4264 mature

322 4305 525 4370 executioni
548 4305 674 4368 fuisset
698 4307 961 4387 demandatum,
979 4305 1088 4369 dubio
1102 4308 1228 4388 procul
1250 4308 1318 4370 hac
1333 4328 1425 4371 nunc
1440 4308 1605 4372 molestia

321 4413 522 4477 Christiana
545 4412 749 4494 respublica
772 4421 922 4479 careret.
971 4413 1104 4477 Verum
1129 4432 1236 4495 quum
1259 4413 1311 4476 sic
1343 4414 1464 4478 divina
1485 4415 1603 4497 provi·

321 4521 442 4584 dentia
465 4519 673 4604 permissum
698 4519 850 4584 sortasse
875 4530 987 4602 esset,
1011 4528 1050 4582 ut
1077 4540 1143 4603 per
1174 4521 1265 4584 hanc
1292 4520 1467 4585 haeresim
1495 4524 1605 4605 longe

322 4629 465 4709 lateque
497 4626 731 4707 saevientem,
772 4625 832 4709 qui
868 4625 1011 4709 probati
1044 4636 1144 4706 sunt,
1179 4626 1356 4691 manifesti
1378 4625 1485 4708 fiant,
1520 4629 1604 4692 mali

321 4755 409 4798 vero
433 4754 576 4797 suorum
600 4742 830 4816 peccatorum
854 4753 991 4816 poenas
1014 4742 1114 4797 tanto
1139 4734 1303 4798 acerbius
1327 4736 1443 4815 luant,
1467 4735 1603 4819 prospi-

322 4841 487 4905 ciendum
517 4841 586 4904 iam
609 4840 679 4904 iam
703 4849 776 4925 est,
799 4859 844 4904 ne
867 4841 903 4903 id
928 4842 1077 4924 malum,
1107 4842 1203 4923 quod
1237 4841 1273 4905 in
1301 4850 1440 4924 partem
1462 4859 1605 4924 poenae
