3559 5734
819 525 877 578 0*ss
920 528 970 579 102
1008 525 1067 579 &0

299 672 394 734 disse
423 673 571 733 haverlo
599 671 690 733 fatto
719 672 850 752 perch&
885 692 956 734 non
986 692 1048 734 era
1076 682 1199 734 tenuto
1227 694 1248 735 a
1272 674 1398 736 credet
1426 675 1461 735 la
1489 675 1587 736 bulla

299 800 397 842 esser
421 799 517 859 vera,
541 777 613 841 fino
638 779 704 841 che
728 779 749 840 l'
766 779 918 841 havesse
943 778 1037 841 visto
1062 779 1083 841 l'
1102 779 1267 861 original,
1292 792 1327 843 et
1352 779 1386 842 io
1403 778 1585 843 reflecten-

300 887 372 949 doli
401 887 423 949 l'
440 895 650 968 argumento
679 887 834 968 resposi,
867 887 934 949 che
965 887 1008 949 οὲ
1034 888 1148 949 anche
1172 887 1221 949 lui
1251 889 1365 950 devea
1388 887 1588 968 publicaria

281 998 397 1058 ‘esser
420 994 523 1074 falsa,
547 993 618 1056 fino
643 993 710 1056 che
734 994 885 1056 havesse
910 995 1044 1056 veduto
1070 994 1090 1056 l’
1109 993 1273 1076 original,
1304 994 1435 1075 perche
1460 1004 1586 1075 questo

299 1122 361 1165 era
385 1101 447 1184 piu
471 1120 583 1182 grave
608 1120 708 1162 error
732 1101 939 1163 condennar
963 1102 998 1162 la
1023 1121 1106 1162 cosa
1123 1101 1189 1164 che
1205 1101 1227 1163 l’
1244 1103 1350 1164 homo
1368 1122 1438 1163 non
1455 1121 1505 1181 sa,
1530 1123 1587 1164 ma

299 1211 346 1271 da
369 1210 544 1291 prudente
570 1227 631 1270 era
654 1228 675 1269 o
700 1207 746 1269 de
770 1216 870 1269 tacer
894 1228 916 1268 ο
939 1207 1000 1290 piu
1026 1217 1121 1271 tosto
1139 1208 1193 1270 dir
1210 1211 1242 1271 el
1257 1209 1389 1291 meglio
1405 1209 1486 1272 chel
1500 1229 1586 1292 peg-

299 1315 370 1398 gio.
397 1315 456 1379 Ad
480 1316 569 1377 haec
594 1334 659 1395 per
683 1314 798 1376 Deum
823 1314 965 1376 erubuit
989 1323 1025 1376 et
1050 1315 1236 1395 obmutuit,
1261 1315 1355 1379 etio
1383 1317 1586 1380 vedendolo

299 1422 448 1486 confuso
473 1423 507 1485 la
530 1421 646 1484 buttai
670 1421 706 1483 in
730 1421 802 1484 riso
826 1421 986 1498 insieme,
1012 1430 1048 1482 et
1063 1421 1332 1501 ragionassemo
1348 1422 1383 1485 di
1398 1425 1488 1486 altre
1504 1443 1586 1486 cose

299 1540 335 1592 et
363 1533 491 1592 alcuna
520 1531 619 1591 volta
645 1528 679 1590 io
704 1529 738 1590 lo
762 1529 918 1590 laudava
942 1528 1022 1589 chel
1046 1547 1116 1590 non
1142 1528 1257 1591 bavea
1280 1527 1371 1591 fatto
1396 1549 1495 1593 come
1520 1530 1585 1592 Lu-

299 1639 388 1715 ther,
414 1646 449 1698 et
473 1634 719 1698 confortavalo
744 1656 765 1697 a
788 1633 946 1697 scrivere
971 1653 1131 1715 eaquae
1156 1634 1376 1717 edificarent,
1404 1657 1474 1700 non
1499 1637 1583 1699 divi-

298 1746 424 1807 derent
452 1744 654 1824 ecclesiam,
683 1763 783 1806 come
811 1742 928 1805 havea
959 1739 1048 1803 fatto
1073 1741 1218 1806 Luther.
1267 1743 1359 1805 Anci
1383 1745 1444 1825 piu
1469 1745 1586 1807 dicen·

298 1852 393 1914 domi
426 1851 475 1913 lui
508 1851 619 1913 haver
652 1851 696 1913 de
728 1850 880 1931 bisogno
915 1848 1025 1910 veder
1059 1848 1174 1911 alcuni
1204 1849 1287 1912 libri
1315 1851 1412 1913 della
1439 1851 1587 1914 libraria

298 1958 463 2022 Palatina
479 1960 513 2021 lo
532 1956 657 2021 invitai
683 1957 848 2035 iRoma,
872 1956 1150 2036 promettendoli
1176 1958 1242 2020 che
1267 1961 1420 2022 sarebbe
1445 1962 1515 2022 ben
1536 1958 1586 2022 vi-

298 2077 368 2145 sto,
403 2076 438 2129 et
467 2075 612 2128 trattato
643 2066 689 2127 da
713 2064 844 2126 Nostro
869 2060 1025 2144 Signore
1055 2072 1091 2127 et
1114 2063 1247 2126 Vostra
1272 2062 1444 2147 Signoria
1467 2066 1585 2129 Reve-

297 2173 522 2253 rendissima,
557 2182 593 2235 et
621 2170 694 2235 cosi
723 2190 951 2234 consumamo
983 2190 1017 2250 5,
1043 2191 1063 2233 o
1089 2172 1124 2251 ὁ,
1152 2172 1240 2235 hore
1269 2172 1328 2235 del
1352 2173 1397 2235 Dl
1422 2172 1584 2246 insieme;

297 2282 357 2364 poi
383 2302 449 2344 con
474 2283 595 2343 buona
618 2280 736 2362 gratia
759 2279 804 2341 de
829 2277 1015 2357 ambedoi,
1047 2278 1096 2340 lui
1121 2277 1150 2340 si
1174 2279 1279 2359 parti.
1324 2279 1365 2341 Li
1391 2280 1450 2342 doi
1474 2278 1509 2342 di
1533 2302 1584 2344 se-

295 2389 421 2469 guenti
452 2388 670 2451 intendendo
699 2386 748 2450 lui
778 2388 843 2448 che
872 2385 902 2448 si
930 2404 1134 2467 preparava
1159 2385 1215 2447 far
1238 2385 1261 2448 l'
1277 2396 1352 2449 atto
1377 2388 1524 2451 solenne
1548 2387 1585 2450 di

297 2496 379 2558 libri
404 2494 441 2557 di
455 2495 601 2570 Luther,
625 2494 753 2557 mando
779 2491 798 2555 ὲι
822 2491 1059 2555 rechiedermi
1084 2492 1118 2554 el
1143 2493 1333 2573 colloquio.
1370 2493 1409 2556 Io
1434 2495 1501 2557 che
1525 2514 1586 2558 era

298 2601 470 2684 impedito
494 2602 689 2664 scorrendo
714 2619 784 2681 qua
808 2608 844 2662 et
868 2598 913 2680 la,
941 2598 1104 2680 pregailo
1129 2601 1196 2662 che
1219 2620 1275 2662 me
1300 2602 1452 2664 lassasse
1478 2622 1585 2684 expe·

299 2709 354 2771 dir
378 2718 475 2771 certa
499 2708 662 2788 facenda,
687 2707 748 2789 poi
773 2706 962 2769 saressimo
987 2705 1145 2768 insieme.
1183 2706 1321 2769 Perche
1336 2707 1372 2770 io
1389 2728 1500 2791 sapea
1515 2712 1585 2773 ben

298 2818 364 2879 che
388 2815 438 2879 lui
461 2835 518 2878 me
541 2815 646 2877 volea
670 2813 762 2876 tenir
786 2812 806 2876 ὲι
830 2814 941 2892 bada,
970 2811 1069 2875 accio
1093 2831 1273 2877 scorresse
1298 2815 1323 2877 il
1352 2826 1488 2897 tempo,
1519 2819 1584 2880 che

298 2944 360 2987 era
383 2923 606 3001 brevissim0,
631 2932 666 2983 et
686 2920 795 2984 Cesar
818 2919 961 2984 interim
985 2940 1023 2983 se
1047 2919 1201 3001 partisse
1226 2921 1361 2984 infecta
1383 2942 1423 2985 re
1447 2933 1584 2987 nostra:

297 3032 358 3094 Ma
381 3030 442 3113 poi
466 3028 556 3092 fatto
581 3028 602 3092 l'
618 3029 796 3109 incendio,
820 3028 890 3091 mai
914 3028 978 3109 piu
994 3028 1141 3090 Erasmo
1163 3048 1359 3110 comparse,
1385 3039 1420 3092 et
1436 3031 1472 3093 la
1486 3042 1585 3094 corte

297 3138 391 3219 parti
416 3157 482 3220 per
503 3136 702 3218 Moguntia,
727 3157 771 3199 ne
796 3137 887 3198 altro
913 3135 974 3217 poi
999 3135 1018 3197 ὲ
1043 3136 1217 3198 accaduto
1242 3137 1308 3198 che
1334 3136 1367 3197 io
1392 3136 1498 3219 sapii:
1546 3136 1585 3201 Si

298 3250 364 3309 che
388 3264 503 3326 prego
518 3244 650 3307 Nostro
666 3242 821 3324 Signore
846 3263 918 3306 non
942 3242 1041 3305 credi
1066 3242 1111 3304 ad
1127 3241 1275 3305 Erasmo
1300 3243 1336 3306 in
1361 3255 1499 3327 questo,
1522 3247 1585 3328 piu

298 3355 364 3415 che
389 3374 411 3415 a
433 3372 500 3432 me,
525 3352 657 3433 perche
681 3349 755 3413 cosi
780 3351 798 3413 ὲ
824 3359 859 3412 et
882 3351 967 3412 holo
991 3349 1115 3412 scritto
1140 3348 1213 3412 cosi
1234 3372 1255 3412 a
1269 3351 1381 3433 lungo
1396 3353 1496 3415 accio
1512 3351 1585 3416 Sua

300 3457 437 3522 Santit‘a
468 3466 504 3519 et
531 3457 665 3520 νοεῖτε
694 3454 864 3539 Signoria
893 3456 1212 3520 Reverendissima
1240 3478 1386 3541 sapesso
1414 3462 1448 3522 el
1480 3469 1584 3540 tutto,

299 3576 335 3629 et
359 3587 380 3627 a
403 3564 672 3627 corroboration
697 3566 733 3627 di
759 3574 884 3646 questo
909 3565 969 3646 pol
998 3566 1235 3647 comprender
1259 3565 1393 3628 νοεῖτε
1417 3564 1585 3649 Signoria

299 3670 617 3735 Reverendissima
641 3675 674 3735 el
698 3693 785 3736 vero
810 3674 856 3735 da
876 3671 944 3735 mie
959 3672 1121 3753 proxime
1137 3674 1221 3736 date
1238 3673 1354 3754 lettre,
1379 3676 1472 3736 nelle
1488 3674 1584 3757 quali

299 3780 332 3841 io
357 3778 495 3845 scrivea
520 3781 586 3842 che
610 3799 720 3842 ancor
743 3781 809 3842 che
826 3779 975 3842 Erasmo
999 3777 1097 3841 fusse
1122 3781 1155 3841 el
1179 3799 1269 3860 gran
1293 3779 1526 3843 fundamento
1548 3781 1583 3844 di

299 3895 425 3968 questa
457 3886 611 3967 heresia,
644 3888 835 3949 tuttavolta
862 3907 901 3949 se
935 3887 1050 3949 devea
1083 3885 1319 3950 dissimularlo
1351 3907 1417 3969 per
1443 3889 1582 3954 adesso

299 3993 343 4055 Et
372 4002 490 4055 tamen
520 4001 603 4055 tunc
629 3993 839 4074 ignorabam
864 3994 902 4055 id
926 3993 1021 4074 quod
1045 4002 1173 4074 postea
1197 4014 1242 4056 ex
1266 3995 1395 4059 litteris
1418 4015 1583 4077 procura·

299 4099 386 4162 toris
410 4099 479 4161 mei
504 4099 665 4162 intellexi
689 4100 873 4162 Erasmum
898 4100 943 4161 ad
968 4102 1092 4162 urbem
1109 4100 1195 4163 talia
1212 4101 1408 4182 scripsisse.
1438 4100 1584 4166 Summa

299 4226 512 4269 summarum
537 4205 699 4288 supplico
724 4205 744 4269 ὲι
767 4205 900 4269 Νοεῖτο
925 4204 1079 4288 Signore
1104 4218 1139 4270 et
1163 4207 1296 4271 νοεῖτε
1320 4206 1489 4290 Signoria
1512 4211 1583 4273 Re·

299 4312 555 4376 verendissima
583 4316 650 4376 che
678 4333 749 4376 non
778 4313 924 4376 credino
953 4314 1019 4376 che
1048 4313 1082 4376 io
1110 4313 1153 4376 sii
1177 4319 1204 4376 sl
1228 4334 1336 4396 pazzo
1361 4317 1428 4379 che
1452 4317 1487 4379 io
1511 4337 1581 4381 non

299 4420 383 4483 vedi
406 4422 441 4482 lo
466 4423 532 4482 che
556 4422 718 4503 besogna
743 4419 797 4483 dir
821 4430 857 4483 et
879 4430 1016 4501 tacere,
1046 4422 1112 4484 che
1136 4422 1295 4485 horamai
1319 4443 1365 4486 ne
1389 4444 1453 4486 son
1477 4424 1582 4505 assai,

301 4539 336 4590 et
359 4547 426 4609 pur
450 4537 580 4609 troppo
604 4528 721 4609 perito
746 4528 781 4590 in
806 4536 934 4608 questa
957 4528 1115 4609 materia,
1141 4540 1177 4591 et
1200 4549 1239 4591 so
1264 4531 1333 4592 ben
1351 4530 1417 4592 che
1433 4550 1505 4594 non
1521 4552 1580 4613 op·

300 4642 420 4715 portet
448 4634 550 4696 simul
579 4633 760 4697 concitare
788 4643 842 4697 tot
867 4636 998 4699 hostes
1047 4636 1122 4699 lmo
1146 4637 1167 4699 l'
1184 4638 1274 4699 altro
1298 4634 1334 4698 dl
1359 4637 1425 4699 che
1449 4658 1496 4700 un
1520 4639 1580 4701 vil-

300 4742 382 4802 lano
411 4740 547 4821 portier
574 4741 633 4803 del
661 4741 837 4824 consiglio
862 4742 1166 4806 Lutheranissimo
1194 4764 1250 4806 me
1278 4744 1360 4806 dete
1384 4744 1445 4808 doi
1469 4746 1580 4831 pugni

300 4847 357 4909 nel
381 4855 481 4928 petto
506 4847 525 4909 ὲ
549 4867 639 4929 gran
656 4858 760 4930 tortu,
785 4861 820 4912 et
836 4851 902 4911 che
917 4849 998 4911 tutti
1014 4849 1073 4930 qui
1089 4851 1240 4912 aderant
1255 4850 1407 4932 plurimi,
1432 4853 1580 4917 diceano
