3559 5734
843 536 1089 600 baisse-0

324 702 435 755 strata
459 712 528 753 una
552 690 659 754 lettre
682 687 827 753 missiva
855 690 889 752 di
915 691 1025 754 Cesar
1049 694 1094 754 ad
1120 694 1219 754 detto
1244 691 1392 771 Luther,
1425 692 1490 754 che
1516 711 1604 755 com·

323 795 461 879 mincia,
490 797 647 879 „Nobilis
672 799 802 859 devote
826 798 940 860 Nobis
965 799 1113 861 dilecte“
1141 800 1259 861 dando
1285 810 1410 880 questo
1434 800 1536 863 titulo
1562 802 1607 862 ad

323 926 393 969 uno
417 905 575 968 heretico
600 905 743 986 publico
768 914 894 968 contra
911 906 979 968 Dio
1005 917 1040 968 et
1065 917 1189 969 contra
1213 908 1379 989 ragione;
1405 910 1462 970 del
1479 910 1543 970 che
1559 910 1606 969 la-

323 1011 581 1093 mentandomi,
615 1012 751 1074 dissero
783 1010 856 1073 cosi
882 1033 979 1075 esser
1009 1013 1032 1074 il
1058 1014 1156 1096 stilo,
1189 1026 1224 1076 et
1255 1017 1320 1076 che
1345 1036 1382 1076 se
1414 1017 1608 1077 havessero

323 1122 443 1181 voluto
469 1120 603 1181 scriver
627 1129 871 1200 aspramente,
908 1123 1059 1182 sarebbe
1092 1122 1174 1201 quel
1199 1121 1392 1184 medesimo
1417 1142 1438 1183 a
1462 1121 1517 1182 dir
1540 1123 1607 1181 che

323 1227 371 1288 lui
397 1247 467 1289 non
492 1247 655 1289 venesse.
703 1226 768 1288 Pol
793 1227 850 1289 nel
875 1227 1005 1308 sequir,
1030 1230 1128 1290 detta
1151 1229 1257 1290 lettra
1281 1229 1299 1289 ὲ
1325 1228 1360 1289 di
1385 1229 1457 1290 tale
1480 1227 1607 1307 forma,

322 1336 388 1396 che
413 1334 699 1396 evidentemente
731 1334 760 1395 si
784 1335 876 1397 vede
902 1337 966 1397 che
992 1345 1158 1416 questoro
1194 1339 1311 1398 hanno
1336 1335 1514 1397 desiderio
1539 1336 1607 1396 che

321 1442 455 1504 Luther
480 1462 548 1523 qua
573 1462 710 1523 venga,
735 1442 758 1504 il
783 1441 853 1505 fine
877 1463 948 1504 non
973 1443 1046 1505 scio
1071 1446 1176 1524 quale
1201 1444 1296 1515 sarim
1335 1443 1405 1506 Dio
1428 1441 1514 1505 volii
1539 1443 1606 1503 che

321 1553 450 1612 buon0.
499 1547 572 1611 Sed
606 1570 748 1612 causam
787 1570 897 1631 quare
931 1551 1075 1631 cupiant
1110 1551 1185 1613 eius
1219 1553 1411 1613 adventum
1444 1549 1607 1630 quamvis

321 1668 419 1719 certo
445 1656 615 1737 nesciam,
641 1655 790 1718 coniicio
815 1667 952 1736 tamen,
978 1658 1041 1719 sed
1066 1678 1136 1719 non
1162 1657 1273 1720 ausim
1298 1657 1466 1719 scribere.
1514 1656 1605 1717 Illud

321 1784 392 1826 non
423 1762 669 1843 dissimulabo,
706 1766 771 1826 che
803 1766 922 1844 quello
946 1764 1076 1845 giorno
1107 1766 1173 1827 che
1198 1786 1288 1827 vene
1321 1785 1389 1845 qua
1415 1785 1508 1826 nova
1538 1765 1606 1824 che

321 1873 485 1934 Roberto
511 1873 605 1933 della
629 1871 777 1933 Marcha
801 1892 916 1934 venea
941 1893 1007 1934 con
1033 1872 1204 1945 fantaria,
1242 1872 1385 1934 subbito
1409 1870 1447 1933 fu
1472 1879 1607 1932 mutata

321 1982 356 2041 la
379 1979 494 2040 lorma
519 1978 575 2039 del
601 1980 701 2040 salvo
726 1979 913 2052 condutto;
940 1980 1002 2040 sed
1029 1978 1124 2040 dicet
1148 1979 1333 2062 quispiam,
1359 1978 1535 2059 quidhoc
1558 1978 1604 2038 ad

321 2086 465 2148 Martini
485 2086 694 2167 negocium?
719 2086 849 2166 perche
875 2099 1044 2168 questore
1068 2089 1186 2149 hanno
1210 2107 1275 2168 per
1299 2089 1419 2148 buona
1443 2085 1502 2146 via
1524 2085 1604 2146 chel

320 2193 379 2255 Re
412 2193 446 2254 di
470 2193 622 2254 Francia
658 2192 694 2253 fa
729 2193 843 2273 questi
873 2194 977 2275 moti,
1014 2204 1049 2255 et
1085 2194 1113 2256 si
1138 2194 1334 2255 dubbitano
1369 2192 1404 2254 di
1439 2191 1604 2272 maggior

319 2320 450 2381 guerra
479 2301 549 2362 alla
574 2300 657 2380 qual
688 2303 879 2380 suspicano
906 2299 979 2361 Sua
1003 2299 1142 2362 Santitir
1176 2321 1274 2363 esser
1298 2298 1543 2361 consentiente
1568 2310 1605 2359 et

318 2406 501 2487 complice,
525 2408 621 2486 quod
645 2416 764 2469 tamen
792 2407 956 2470 existimo
981 2416 1017 2469 et
1041 2407 1116 2469 dixi
1139 2407 1190 2470 eis
1215 2407 1439 2469 falsissimum
1457 2426 1553 2471 esse:
1578 2404 1604 2466 il

319 2516 384 2574 che
409 2515 672 2595 comprehendo
698 2516 744 2575 da
768 2516 894 2595 parole
919 2516 984 2576 che
1002 2535 1057 2576 me
1080 2517 1199 2576 hanno
1224 2516 1322 2576 detto
1338 2512 1502 2595 privatim
1519 2520 1603 2573 trat-

319 2623 427 2682 tando
461 2640 506 2682 un
542 2617 577 2680 di
601 2639 701 2682 meco
735 2631 861 2701 queste
895 2630 1011 2683 traine'
1042 2622 1086 2683 de
1122 2633 1243 2683 nostro
1268 2641 1378 2702 paese
1411 2620 1446 2681 di
1472 2619 1602 2699 Liege:

320 2728 457 2790 benche
493 2748 562 2788 non
603 2727 652 2789 ita
685 2738 810 2808 aperte
851 2749 889 2789 se
931 2729 1115 2789 declarant
1150 2727 1311 2790 Dominis
1346 2727 1532 2790 Caraclolo
1567 2738 1604 2789 et

320 2834 511 2915 Raphaeli.
1488 2894 1493 2902 ,

407 2942 486 3003 Non
513 2961 618 3003 senza
643 2962 749 3004 causa
774 2944 887 3023 parm,
912 2942 985 3004 scio
1010 2943 1120 3004 multa
1145 2940 1178 3003 in
1205 2943 1271 3003 hac
1289 2962 1328 3002 re
1352 2962 1417 3023 per
1441 2943 1475 3004 la
1491 2944 1602 3025 longa

316 3049 592 3111 intrinsechezza
615 3051 681 3111 che
698 3049 732 3110 io
750 3051 796 3110 ho
812 3070 878 3112 con
896 3049 1010 3130 questi
1026 3048 1149 3112 stranii
1166 3049 1312 3110 cervelli
1330 3051 1424 3112 della
1441 3050 1603 3113 Marchia

317 3167 352 3218 et
376 3157 411 3218 la
435 3157 589 3237 prattica
613 3157 671 3218 del
688 3177 807 3237 paese,
833 3159 895 3219 sed
921 3177 1012 3238 quae
1028 3157 1113 3237 scio,
1138 3156 1235 3237 loqui
1260 3177 1329 3218 non
1348 3178 1491 3239 possum
1518 3160 1601 3219 dum

318 3284 392 3324 sum
419 3263 490 3325 hic:
515 3264 577 3326 Ma
602 3275 700 3326 certo
725 3285 780 3325 me
806 3265 954 3326 dubbito
980 3266 1045 3327 che
1071 3274 1238 3345 questoro
1260 3284 1330 3325 non
1355 3264 1487 3326 voliino
1509 3285 1599 3327 com-

317 3371 465 3432 miscere
497 3382 533 3433 et
557 3371 775 3434 confundere
800 3392 942 3434 causam
967 3371 1050 3434 fidei
1082 3392 1160 3434 curn
1185 3392 1293 3433 causa
1324 3391 1440 3434 rerum
1466 3382 1599 3453 tempo·

316 3478 452 3559 ralium,
478 3487 514 3540 et
537 3478 706 3540 adiutarsi
732 3480 778 3541 da
802 3479 886 3560 ogni
912 3481 996 3560 lat0,
1021 3478 1080 3560 poi
1105 3481 1170 3541 che
1195 3498 1259 3559 per
1279 3480 1387 3540 molte
1407 3499 1513 3541 cause
1529 3499 1598 3541 non

317 3584 338 3645 li
366 3585 468 3647 viene
493 3587 603 3648 molto
627 3587 661 3647 al
685 3586 870 3667 proposito
896 3587 1008 3667 peril
1032 3594 1199 3667 presente
1223 3586 1278 3647 far
1302 3606 1443 3668 guerra.

406 3692 451 3753 Et
475 3713 496 3753 a
520 3704 647 3773 questo
671 3715 727 3755 me
752 3695 993 3775 corresponde
1016 3696 1052 3756 lo
1077 3697 1142 3756 che
1167 3692 1337 3756 Chievres
1359 3695 1404 3755 mi
1429 3696 1475 3756 ha
1499 3695 1608 3756 detto'

315 3799 374 3880 gia
402 3799 463 3879 piu
492 3801 536 3861 de
570 3820 640 3861 una
668 3802 783 3881 volta,
819 3803 886 3862 che
917 3801 1047 3863 Nostro
1073 3799 1206 3882 Signor
1234 3822 1306 3865 non
1335 3802 1536 3864 turbidasse
1564 3803 1598 3863 le

316 3925 399 3968 cose
424 3907 500 3968 loro
535 3906 637 3971 sicuti
661 3907 695 3969 in
721 3908 841 3970 alteris
866 3908 992 3970 litteris
1017 3908 1152 3989 scripsi.
1201 3909 1402 3990 Utcumque
1426 3909 1485 3971 noi
1510 3909 1597 3972 sare-

316 4033 372 4075 mo
405 4014 438 4074 el
470 4014 591 4076 debito
624 4024 762 4095 nostre,
799 4026 969 4096 quantum
1008 4016 1042 4079 in
1074 4016 1178 4078 nobis
1209 4026 1279 4096 est,
1317 4038 1373 4079 ma
1403 4037 1474 4079 non
1506 4019 1598 4078 vedo

316 4131 445 4202 troppo
470 4121 579 4182 buoni
594 4121 695 4203 segni
713 4121 748 4182 di
764 4132 888 4203 questo
914 4122 970 4184 far
987 4124 1088 4185 venir
1103 4123 1246 4199 Luther‚
1271 4125 1448 4187 ancorchd
1467 4124 1487 4185 'l
1506 4145 1595 4186 rnan·

316 4229 400 4287 dato
426 4227 461 4288 di
481 4239 686 4308 sequestrar
710 4228 734 4290 li
759 4228 838 4291 libri
856 4231 1050 4311 contenghi
1076 4231 1168 4293 inse
1192 4231 1348 4293 clausule
1373 4251 1439 4311 per
1454 4233 1487 4293 le
1504 4230 1599 4311 quali

316 4355 353 4396 se
378 4336 594 4415 comprende
618 4338 690 4399 tale
715 4347 846 4398 venuta
871 4357 969 4399 esser
992 4357 1057 4418 per
1079 4340 1190 4400 haver
1211 4340 1306 4400 buon
1334 4337 1431 4400 exito
1455 4358 1519 4419 per
1539 4337 1598 4399 noi

315 4451 351 4502 et
375 4439 448 4502 cosi
475 4439 583 4504 Cesar
607 4454 643 4504 et
667 4443 838 4507 Chievres
862 4455 1098 4525 prornetten0.
1145 4446 1225 4508 Non
1251 4445 1407 4525 dimen0,
1432 4446 1598 4507 havendo

315 4549 390 4609 loro
414 4546 449 4609 in
475 4559 601 4628 questa
625 4569 732 4612 causa
756 4550 815 4631 gin
840 4551 935 4613 mille
959 4553 1055 4613 volte
1079 4555 1149 4614 ben
1174 4555 1341 4614 concluso
1367 4562 1402 4614 et
1422 4552 1596 4632 ordinat0,

315 4664 350 4716 et
374 4654 433 4735 poi
458 4654 549 4718 fatto
574 4666 699 4719 contra
722 4659 756 4719 la
780 4659 856 4720 loro
881 4658 1119 4737 conclusione,
1145 4670 1180 4721 et
1204 4679 1403 4741 promessa,
1428 4679 1497 4722 non
1523 4659 1596 4721 scio

315 4764 434 4842 quello
465 4762 512 4824 ml
537 4766 657 4825 debba
688 4764 764 4827 dire
789 4786 809 4826 o
835 4764 1036 4845 giudicare:
1074 4767 1111 4829 ln
1144 4788 1278 4829 summa
1307 4768 1425 4830 alcuni
1457 4766 1596 4843 dicono‚

315 4872 381 4931 che
407 4869 540 4931 Luther
565 4870 705 4951 veniri,
742 4871 822 4933 altri
847 4871 976 4935 dicono
1001 4877 1066 4935 che
1092 4895 1178 4955 non,
1211 4877 1243 4937 el
1268 4897 1354 4938 vero
1379 4876 1477 4937 Deus
1500 4876 1597 4936 solus
