3559 5734
821 530 1067 591 &laneo

301 682 459 766 simplice
485 684 576 747 laico
602 685 662 766 pol
688 684 883 766 dispensar,
909 685 968 747 vel
993 705 1070 747 cum
1087 684 1262 766 proximu,
1287 686 1346 747 vel
1361 705 1480 747 secum
1497 684 1584 765 ipse.

300 791 345 852 Et
375 791 469 855 mille
501 793 591 854 altre
623 792 835 855 crudelitate
866 794 933 854 che
964 793 1120 874 stupisco
1154 814 1176 854 a
1200 792 1300 853 dirle.
1348 791 1452 853 Fatto
1478 793 1530 853 ch’
1549 793 1584 853 io

299 898 410 960 hebbi
433 909 469 960 et
493 898 651 961 discorso
676 900 721 961 de
746 908 870 980 queste
892 920 974 961 cose
999 902 1057 962 nel
1078 898 1224 962 consilio
1242 901 1461 981 sopradett0‚
1486 910 1584 961 certo

298 1006 379 1068 tutti
404 1006 532 1069 furono
550 1005 791 1069 animatissimi
813 1027 878 1089 per
898 1005 967 1087 noi,
992 1007 1175 1088 et'perche
1191 1027 1230 1068 se
1248 1018 1449 1087 expectava
1465 1008 1584 1087 quello

299 1113 427 1194 giorno
458 1114 604 1196 proprio
636 1116 669 1175 el
693 1114 906 1194 Moguntino
940 1134 1030 1194 capo
1063 1114 1108 1175 de
1139 1115 1188 1176 tal
1220 1113 1369 1176 consilio
1394 1124 1428 1176 et
1453 1114 1584 1194 perche

299 1221 452 1283 voleano
485 1220 636 1303 expedir
669 1222 876 1302 monsignor
907 1222 952 1283 de
977 1222 1251 1302 Sennembergh
1282 1224 1314 1284 al
1346 1225 1507 1303 guberno
1540 1223 1584 1282 de

299 1318 580 1409 Wirternbergh,
606 1331 710 1390 homo
736 1329 781 1390 de
805 1348 942 1410 sangue
968 1339 1003 1390 et
1026 1329 1137 1408 dotto,
1163 1326 1350 1391 Caesarei
1375 1328 1453 1391 fece
1473 1330 1582 1391 inten-

300 1436 364 1497 der
388 1438 453 1497 che
478 1438 687 1498 devessemo
713 1445 880 1516 expettar
904 1435 925 1497 l’
942 1437 1097 1497 advento
1122 1436 1167 1497 de
1191 1435 1415 1518 Moguntin0.

389 1542 516 1623 Quello
547 1542 674 1624 giorno
706 1541 898 1604 medesimo
932 1542 1101 1622 Chievres
1132 1562 1211 1604 cum
1242 1542 1339 1605 molti
1370 1541 1515 1624 Signori
1549 1552 1585 1605 et

298 1649 452 1731 principi
482 1669 682 1730 pransorno
714 1651 809 1731 apud
833 1648 1083 1729 Leodiensem,
1119 1650 1211 1712 etio
1236 1669 1315 1712 cum
1340 1651 1410 1712 essi
1434 1650 1584 1712 invitato

299 1759 344 1819 da
369 1759 468 1820 detto
493 1755 666 1839 Signum,
692 1767 728 1820 et
751 1757 788 1818 fu
814 1759 907 1819 assai
932 1758 1072 1838 parlato
1097 1757 1133 1818 di
1157 1766 1283 1837 questa
1307 1756 1465 1836 materia,
1491 1759 1584 1819 dove

299 1886 361 1926 era
392 1885 461 1927 uno
491 1865 545 1927 de’
571 1865 700 1947 grandi
726 1864 762 1925 di
786 1873 912 1945 questa
937 1874 1052 1945 corte,
1086 1867 1119 1926 el
1143 1866 1227 1945 qual
1251 1886 1289 1926 sa
1315 1867 1348 1926 le
1373 1885 1483 1945 opere
1511 1867 1583 1926 vul-

298 1993 386 2054 gare
420 1974 465 2034 de
497 1972 632 2034 Luther
665 1972 736 2035 alla
768 1981 886 2034 mente
919 1980 954 2035 et
985 1972 1002 2033 c
1027 1973 1145 2033 ¹molto
1177 1973 1245 2033 ben
1280 1971 1423 2049 infett0‚
1455 1980 1491 2035 et
1523 1972 1583 2053 poi

299 2100 446 2161 pransu,
479 2079 601 2142 chiusa
624 2081 659 2141 la
683 2081 775 2159 sala,
808 2078 914 2141 furno
939 2079 1100 2161 proposti
1124 2078 1222 2140 multi
1247 2079 1348 2159 punti
1373 2099 1439 2160 per
1463 2083 1582 2160 quello

299 2187 421 2266 signer
456 2186 555 2249 cuius
588 2206 716 2248 nomen
751 2188 834 2248 dum
866 2207 942 2249 sum
975 2188 1010 2248 in
1034 2186 1088 2248 his
1112 2186 1200 2248 locis
1225 2207 1294 2249 non
1320 2186 1431 2249 ausim
1458 2187 1583 2249 litteris

299 2292 528 2365 committere,
553 2293 644 2355 sicut
665 2313 731 2355 nec
755 2294 901 2355 alterius
925 2294 1107 2356 cuiusdam
1132 2295 1240 2373 longe
1264 2292 1407 2356 maioris
1431 2304 1467 2356 et
1488 2293 1582 2375 peio-

298 2399 346 2462 ris
355 2448 364 2479 ,
398 2421 443 2462 ne
467 2400 496 2462 si
519 2400 556 2462 id
580 2400 770 2462 resciretur
795 2401 877 2461 dum
902 2399 936 2461 in
962 2398 1154 2461 Germania
1178 2421 1253 2461 sum
1277 2399 1312 2461 in
1337 2411 1445 2481 caput
1468 2422 1583 2462 meum

299 2509 387 2570 haec
418 2508 520 2570 ruina
554 2509 715 2579 caderet;
756 2516 792 2569 et
822 2506 856 2569 io
890 2507 925 2568 in
957 2506 1135 2588 presentia
1170 2508 1215 2568 de
1246 2507 1344 2586 tutti,
1376 2518 1473 2569 certe
1504 2527 1582 2569 cum

298 2615 383 2696 ogni
415 2617 600 2695 dextreza,
632 2619 666 2677 in
699 2615 748 2676 tal
782 2624 877 2676 sorte
910 2612 933 2675 li
958 2612 1112 2695 resposi,
1147 2615 1212 2674 che
1246 2634 1311 2694 per
1344 2613 1414 2676 mia
1447 2614 1530 2676 fede
1564 2615 1582 2675 i·

297 2722 387 2786 fatto
412 2733 503 2786 tutto
527 2732 665 2795 nostr03
691 2741 762 2783 non
787 2741 826 2783 so
851 2722 903 2782 sel
927 2720 1171 2800 perseverari.
1220 2721 1271 2783 La
1296 2722 1527 2784 conclusione
1545 2721 1581 2783 fu

299 2832 364 2892 che
396 2830 478 2892 tutti
508 2829 612 2892 furno
646 2832 740 2891 bene
772 2826 950 2890 aedificati
981 2837 1016 2889 et
1040 2828 1228 2910 presertim
1253 2827 1440 2906 ChievreS,
1473 2829 1508 2890 in
1533 2832 1582 2890 tal

298 2939 403 3000 modo
429 2937 589 3019 disposto
614 2939 679 2999 che
697 2935 928 2998 cominciamo
943 2937 1054 2999 haver
1069 2938 1165 2997 bona
1181 2956 1352 3017 speranza
1368 2936 1403 2997 di
1421 2945 1583 2998 retornar

298 3047 332 3107 al
356 3045 566 3108 cominciato
591 3064 704 3107 cors0.

388 3151 521 3233 Questa
551 3151 753 3214 turbatione
787 3170 856 3212 non
889 3171 929 3212 so
959 3152 1029 3212 ben
1064 3170 1102 3213 se
1133 3150 1151 3213 ὲ
1186 3161 1317 3213 venuta
1341 3171 1406 3232 per
1430 3155 1581 3233 qualche

298 3260 420 3322 dubito
446 3260 511 3322 che
536 3269 704 3340 questoro
728 3259 891 3319 haveano
917 3258 961 3319 de
984 3257 1162 3338 dispiacer
1182 3258 1216 3318 al
1234 3256 1379 3320 Saxone
1397 3269 1432 3320 et
1447 3280 1468 3321 a
1483 3261 1581 3322 molti

298 3367 553 3448 gentilhomeni
586 3365 790 3444 adherenti‚
824 3384 915 3446 opur
939 3385 1003 3446 per
1027 3364 1131 3426 indur
1155 3364 1197 3427 N.
1223 3365 1259 3427 S.
1285 3386 1306 3427 a
1330 3367 1480 3446 qualche
1505 3369 1582 3429 loro

297 3476 476 3556 dessegno
501 3476 546 3536 de
570 3476 604 3536 le
628 3475 717 3535 altre
741 3472 893 3535 facende
918 3474 984 3534 che
1008 3471 1038 3533 si
1062 3482 1228 3536 trattan0.
1276 3473 1322 3535 At
1350 3475 1415 3536 che
1431 3476 1477 3535 ho
1502 3495 1581 3557 pre-

298 3593 383 3662 gato
408 3583 515 3644 molte
539 3580 623 3642 flate
648 3600 725 3641 cum
751 3580 892 3660 grande
915 3578 1084 3642 instantia
1101 3579 1272 3643 Chievres
1296 3589 1332 3643 et
1355 3580 1378 3642 li
1394 3581 1474 3643 altri
1490 3602 1580 3644 com·

298 3688 446 3751 missarii
481 3689 546 3750 che
577 3708 642 3769 per
676 3689 787 3749 lamor
821 3688 865 3748 de
899 3685 968 3749 Dio
1002 3706 1071 3748 non
1104 3689 1286 3750 volessero
1318 3687 1517 3751 coniunder
1548 3691 1603 3751 ln'

298 3817 405 3857 causa
429 3796 474 3857 de
498 3795 533 3857 la
557 3795 639 3856 fede
664 3815 742 3856 cum
767 3793 849 3855 altri
871 3793 1078 3875 particulari
1103 3795 1245 3876 negocii
1264 3797 1329 3857 che
1346 3795 1581 3858 intraveneno

296 3914 353 3964 tra
376 3903 418 3969 N.
444 3900 479 3964 S.
514 3912 549 3963 et
573 3900 721 3980 Cesare‚
753 3901 778 3961 il
812 3902 895 3981 qual
927 3903 979 3979 (se
1007 3901 1042 3962 la
1074 3901 1216 3964 dotrina
1240 3902 1276 3964 di
1300 3902 1435 3964 Luther
1457 3922 1579 3985 proce-

298 4007 416 4093 desse)
441 4011 593 4071 sarebbe
617 4028 682 4089 per
705 4009 837 4090 perder
860 4008 963 4087 assai,
988 4010 1054 4071 che
1071 4008 1225 4071 Martino
1243 4008 1376 4071 Luther
1400 4009 1435 4072 in
1454 4019 1580 4091 questo

298 4137 361 4177 suo
386 4116 508 4178 ultimo
533 4116 623 4178 libro
648 4136 718 4176 non
740 4115 886 4177 attende
904 4116 948 4177 ad
966 4117 1057 4177 altro
1075 4118 1141 4178 che
1158 4117 1258 4177 levar
1274 4115 1358 4197 ogni
1376 4117 1581 4179 obedientia

298 4222 353 4284 de'
367 4221 520 4303 principi
550 4221 664 4303 prima
695 4221 888 4303 spirituali,
923 4221 1052 4283 deinde
1084 4221 1162 4307 (sed
1187 4223 1289 4299 clam)
1321 4222 1356 4283 di
1380 4224 1580 4305 temporali,

298 4351 397 4392 come
423 4330 707 4392 evidentemente
731 4329 754 4392 li
778 4331 825 4392 ho
850 4339 1046 4392 monstrato
1071 4350 1136 4411 per
1152 4329 1176 4391 il
1192 4332 1291 4392 detto
1308 4329 1411 4393 libro.
1445 4329 1579 4411 Questo

297 4457 408 4499 ancor
432 4438 540 4499 molto
564 4439 611 4499 ha
635 4437 781 4517 giovato
807 4439 877 4499 alla
901 4458 985 4499 cosa
1009 4446 1141 4500 nostra.

388 4543 505 4625 Quelli
537 4544 596 4606 doi
629 4544 757 4623 grandi
787 4542 932 4624 Signori
965 4545 999 4606 di
1032 4545 1127 4625 quali
1158 4546 1204 4606 ho
1235 4543 1326 4606 fatto
1355 4544 1510 4607 mention
1544 4544 1579 4606 di

298 4672 415 4733 sopra,
439 4672 510 4713 non
535 4672 707 4734 expresso
731 4659 849 4713 tamen
876 4651 1028 4731 nomine,
1053 4654 1171 4713 hanno
1197 4671 1336 4732 sempre
1360 4652 1396 4713 in
1425 4672 1530 4714 mano
1556 4651 1579 4713 li

297 4759 377 4820 libri
402 4758 436 4820 di
461 4758 596 4821 Luther
619 4759 747 4821 almani
772 4767 808 4820 et
832 4779 875 4820 ne
901 4759 1050 4839 pariano
1075 4760 1191 4840 palam
1217 4769 1253 4821 et
1277 4759 1490 4837 defendeno,
1523 4780 1579 4821 ma

298 4868 416 4927 buono
448 4866 465 4927 ὲ
499 4867 564 4927 che
597 4866 617 4927 l'
633 4867 723 4928 altro
755 4863 790 4927 di
822 4867 997 4946 parlando
1032 4886 1101 4927 uno
1135 4866 1169 4927 di
1200 4868 1278 4929 loro
1314 4875 1369 4929 sat
1400 4866 1511 4929 libere
1543 4867 1579 4927 di
