3559 5734
164 720 251 762 mam
275 709 337 761 tua
360 699 501 779 virtute,
527 706 562 761 et
586 697 621 760 in
638 699 754 761 Deum
771 693 952 759 Summum
977 715 1062 757 vere
1087 695 1280 758 christiana
1300 693 1445 777 pietate,

163 806 253 868 omni
284 808 391 869 laude
423 805 727 873 commendamus:
761 803 928 885 quodque
961 812 1016 865 est
1039 802 1230 885 reliquum,
1263 805 1446 865 hortamur

163 914 311 976 eandem
336 923 432 976 tuam
449 912 691 993 Nobilitatem,
716 911 752 973 in
767 910 932 992 Domin0,
956 919 994 972 ut
1018 921 1219 991 susceptam
1236 912 1345 973 semel
1361 909 1445 972 fidei

163 1030 305 1083 sanctae
330 1019 545 1099 catholicae,
577 1020 728 1101 atejus,
760 1018 817 1080 cui
841 1017 920 1080 Deo
945 1019 1053 1078 dante
1077 1016 1317 1097 presidemus,
1350 1016 1446 1080 sedis

162 1126 393 1207 Apostolicae
406 1126 742 1208 propugnationem,
760 1124 838 1206 pari
851 1124 994 1201 virtute,
1011 1133 1047 1186 et
1060 1125 1260 1187 constantia
1275 1124 1310 1187 in
1326 1135 1445 1207 poste·

161 1255 235 1296 rum
260 1244 398 1307 tuearc3
433 1243 471 1295 ut
500 1234 528 1297 si
552 1233 629 1296 fieri
653 1240 772 1315 potest
797 1232 903 1294 etiam
926 1231 983 1294 isti
1008 1232 1068 1313 qui
1092 1241 1128 1293 et
1152 1232 1268 1295 Deum
1293 1241 1329 1294 et
1353 1252 1444 1295 com·
1528 1251 1531 1258 ·

161 1362 299 1404 munem
331 1362 474 1423 pacem,
504 1340 746 1421 unitatemque
778 1338 1014 1402 Christianam
1048 1338 1249 1402 discindere
1282 1349 1445 1421 querunt,

161 1449 204 1509 ad
239 1450 432 1511 salutarem
456 1447 689 1529 penitentiam
732 1445 909 1526 conversi,
949 1446 1088 1509 veniam
1128 1446 1273 1510 admissi
1315 1447 1446 1510 erroris

161 1566 439 1635 promereantur,
463 1565 525 1617 aut
548 1554 578 1617 si
602 1555 758 1635 maligno
784 1553 909 1635 spiritu
933 1553 1091 1616 occecati
1116 1555 1149 1616 in
1174 1554 1352 1637 pravitate
1367 1574 1445 1635 per-

161 1662 303 1743 sistent,
335 1683 381 1725 ne
412 1662 627 1743 contagione
659 1673 812 1724 noceant
840 1682 862 1723 a
885 1660 988 1723 bonis
1011 1661 1188 1724 mentibus
1212 1660 1368 1723 fidelium
1393 1683 1444 1724 ar-

161 1779 328 1850 ceantur,
364 1770 460 1850 quod
495 1770 591 1851 apud
627 1789 799 1832 summum
829 1769 944 1831 Deum
980 1767 1045 1830 tibi
1076 1766 1313 1849 fructuosum,
1347 1769 1445 1851 apud

161 1897 283 1938 omnes
308 1876 468 1938 homines
492 1875 647 1939 futurum
673 1887 726 1939 est
750 1875 955 1957 gloriosum,
980 1875 1082 1938 nobis
1096 1896 1184 1939 vero
1205 1895 1314 1958 supra
1328 1876 1446 1940 omnia

160 1983 416 2065 gratissimum;
448 1982 538 2046 sicut
566 1984 672 2045 latius
704 2004 782 2045 cum
807 1981 1002 2045 Nobilitate
1034 1991 1094 2044 tua
1125 1982 1183 2045 dil.
1208 1982 1260 2048 Fi.
1284 1983 1445 2047 Marinus

161 2090 380 2169 Carraciola,
412 2100 448 2152 et
481 2090 708 2153 Hieronimus
735 2090 917 2152 Aleander
948 2089 1075 2151 notarii
1110 2098 1146 2152 et
1169 2089 1292 2152 Nuntii
1320 2091 1444 2170 nostri,

161 2198 217 2259 vel
242 2199 332 2259 alter
363 2217 484 2259 eorum
509 2207 631 2260 nostro
663 2196 820 2276 nomine,
853 2205 980 2278 agent,
1014 2196 1141 2277 quibus
1172 2198 1315 2278 plenam
1338 2196 1445 2260 fidem

160 2303 321 2366 habebis,

248 2410 331 2473 Dat.
356 2410 498 2473 Romae
522 2409 649 2474 XXV.
674 2388 779 2472 Fehr.
810 2429 888 2489 1521
917 2430 1010 2473 anno
1036 2389 1174 2475 octavo

249 2525 508 2590 Cardinalibus.

250 2630 449 2694 Nobilibus,

250 2738 410 2820 Quatuor
433 2739 591 2820 prelatis,

250 2844 412 2927 Quatuor
436 2844 525 2908 aliis

776 3221 828 3286 28.

526 3334 853 3417 vicecancellarius
880 3338 1070 3420 Alcandrc.

566 3464 707 3532 (lluudat.
727 3466 852 3526 deman
871 3468 902 3527 Β.
921 3468 967 3528 foL
987 3470 1040 3541 25.)

397 3569 446 3617 [Ex
464 3567 600 3616 Florentia
620 3568 662 3617 26.
682 3569 760 3617 Febr.
783 3580 858 3631 1521,
877 3596 913 3607 -κ
931 3573 1035 3622 Worm.
1055 3573 1081 3622 8·
1100 3573 1209 3643 Martii.)

251 3693 317 3756 Re
334 3693 392 3755 Pr.
417 3692 529 3755 amice
553 3700 675 3755 noster
699 3694 914 3758 charissime.
947 3697 1085 3761 Perche
1110 3701 1141 3761 el
1166 3711 1333 3782 presente
1350 3701 1443 3766 Gen·

163 3800 331 3862 tilhuomo
365 3802 432 3863 che
463 3800 566 3863 viene
597 3801 668 3862 alla
699 3811 798 3864 corte
828 3816 932 3884 parte
966 3806 1022 3866 nel
1048 3808 1209 3871 medemo
1234 3818 1353 3891 tempo
1378 3812 1444 3874 che

164 3906 221 3969 N¹⁰
246 3905 281 3972 S.
315 3927 458 3988 appena
482 3908 621 3969 haveva
645 3917 793 3989 possuto
817 3912 951 3973 vedere
975 3915 1009 3975 le
1034 3924 1153 3978 vostre
1178 3916 1222 3979 de
1246 3916 1344 3998 VIII,
1369 3918 1444 3981 XII

165 4024 200 4075 et
223 4012 324 4091 XIV,
350 4019 420 4075 non
445 4012 481 4075 vi
505 4013 534 4075 si
558 4014 629 4096 pud
653 4016 741 4077 hora
764 4016 974 4098 rispondere
999 4022 1090 4083 altro
1115 4024 1180 4085 che
1205 4026 1388 4087 accusarvi
1409 4028 1443 4088 la

164 4130 332 4183 recevuta
368 4132 403 4182 et
438 4122 702 4184 commendarvi
738 4124 831 4185 assai
867 4125 962 4188 dello
998 4128 1114 4191 studio
1151 4130 1260 4193 fatica
1295 4144 1331 4194 et
1360 4131 1443 4195 fede

166 4238 292 4290 vostra.
341 4226 484 4308 Quanto
520 4229 586 4290 che
616 4230 700 4292 nelli
731 4231 832 4293 brevi
863 4235 1021 4296 mandati
1052 4256 1123 4298 non
1158 4236 1251 4300 fuste
1281 4237 1377 4302 sacta
1407 4240 1443 4302 di

166 4336 223 4395 voi
242 4334 433 4413 menti0ne,·
455 4333 674 4414 eaccaduto,
700 4358 771 4399 non
795 4340 929 4419 perche
954 4342 1047 4403 della
1063 4363 1217 4425 persona
1234 4354 1356 4408 vostra
1371 4367 1442 4410 non

166 4440 194 4501 si
210 4440 315 4503 habbi
341 4438 400 4522 qui
425 4441 509 4522 ogni
534 4429 768 4507 conveniente
792 4446 948 4528 rispecto
973 4458 1009 4511 et
1033 4452 1085 4512 sia
1108 4471 1173 4532 per
1189 4453 1332 4516 haversi
1348 4455 1443 4518 nello

166 4548 331 4610 advenire
362 4547 538 4628 magiore;
573 4570 629 4611 ma
659 4551 791 4633 perche
822 4552 867 4614 ne
900 4555 958 4616 voi
989 4558 1023 4618 lo
1047 4556 1229 4620 ricercasti
1253 4559 1298 4622 ne
1322 4560 1382 4642 qui
1405 4560 1442 4624 fu

167 4653 358 4727 advertito;
383 4653 429 4715 ne
453 4656 565 4719 anche
589 4658 677 4737 perd
702 4659 760 4721 del
775 4658 982 4725 Caracciolo
1007 4662 1035 4727 si
1060 4665 1138 4727 fece
1155 4666 1334 4748 memoria,
1359 4670 1443 4731 ben-

167 4758 230 4820 che
256 4760 305 4822 lui
338 4760 372 4823 in
405 4772 531 4842 questa
562 4783 669 4826 causa
702 4765 738 4826 di
763 4766 897 4830 Luther
928 4790 1068 4852 sempre
1102 4772 1301 4855 preferisca
1325 4784 1360 4837 et
1385 4775 1444 4837 dia

168 4865 187 4928 1¹
197 4867 329 4931 honore
353 4869 398 4930 ad
423 4868 492 4931 voi.
526 4868 713 4952 Seguitate
737 4893 804 4955 pur
829 4874 865 4935 di
890 4878 984 4939 bono
1008 4879 1124 4942 animo
1141 4893 1177 4943 et
1191 4884 1444 4963 persuadetevi

1252 4989 1285 5043 5*
