3559 5734
694 522 922 578 fflllhffffl

170 673 451 753 populorumque
467 689 642 732 consensu
661 671 929 751 comprobatam
944 669 979 731 in
997 670 1275 732 controversiam
1291 672 1447 739 trahere:

169 788 202 840 et
235 778 413 841 dementia
447 777 492 839 sit
525 778 569 839 de
601 775 801 839 cerimoniis
834 777 965 839 nostru
997 789 1033 838 et
1063 776 1133 839 fide
1158 777 1332 840 catholica
1358 780 1449 840 velle

170 885 363 967 disputare,
388 895 424 947 et
447 886 556 966 vulgo
581 884 788 947 scandalum
812 904 950 964 parere,
975 904 1080 965 quam
1104 886 1358 966 prophetarum
1374 906 1449 947 ora-

169 995 264 1071 cula,
289 994 531 1074 apostolorum
556 990 773 1071 testimonia,
799 1001 991 1073 martyrum
1017 991 1180 1073 sanguis,
1206 992 1450 1055 confessorum

169 1100 331 1162 doctrina
355 1097 588 1162 consecravit.

258 1207 459 1270 Prudenter
481 1206 716 1268 admoneatur
740 1205 814 1267 dux
838 1214 874 1267 et
907 1204 1166 1287 interrogetur,
1200 1228 1244 1268 an
1278 1206 1344 1269 sibi
1377 1209 1451 1289 pul·

168 1316 290 1377 chrum
317 1314 495 1376 videretur
520 1314 549 1375 si
575 1333 696 1395 quem,
721 1333 740 1374 e
768 1312 841 1375 suis
874 1312 1025 1375 subditis
1055 1324 1115 1375 aut
1145 1313 1358 1393 corrigeret,
1391 1326 1451 1376 aut

169 1423 340 1485 rebellem
369 1423 520 1484 haberet
551 1422 608 1483 vel
636 1440 716 1483 eum
740 1420 799 1501 qui
823 1440 944 1483 secum
969 1422 1025 1482 vel
1050 1421 1094 1481 de
1118 1420 1261 1482 minimo
1286 1422 1379 1502 pede
1403 1421 1451 1483 di·

169 1526 276 1591 tionis
300 1548 385 1593 suae
410 1530 628 1591 contendere
653 1529 778 1607 vellet,
808 1548 853 1588 an
877 1526 954 1609 ipse
978 1526 1013 1589 in
1038 1528 1315 1590 controversiam
1341 1528 1392 1590 ire
1417 1539 1452 1590 et

165 1635 344 1716 judicibus
372 1635 470 1715 ullis,
503 1633 784 1716 praesertimque
814 1633 1147 1714 incompetentibus
1184 1637 1331 1697 subesse
1356 1636 1452 1699 velit.

169 1743 276 1824 Quod
300 1743 330 1804 si
354 1752 474 1825 negat,
498 1742 631 1804 ididem
655 1753 691 1805 et
715 1744 824 1804 multo
848 1742 973 1804 iustius
997 1741 1160 1804 Pontifici
1185 1742 1323 1805 dicatur
1345 1744 1453 1807 Petro

168 1850 241 1918 imo
266 1850 396 1913 Christi
421 1849 566 1912 Vicario
599 1869 670 1912 non
703 1851 847 1931 placere
872 1869 987 1930 neque
1012 1849 1120 1912 licere
1145 1852 1179 1913 in
1204 1850 1258 1913 ius
1282 1852 1454 1913 adversus

169 1978 277 2020 unam
302 1978 320 2019 e
345 1958 417 2020 suis
441 1958 642 2021 errantibus
666 1956 803 2036 ovibuS,
828 1958 1011 2019 accedere.

261 2065 451 2127 Moneatur
475 2064 580 2127 etiarn
597 2063 764 2143 benigne,
789 2073 915 2125 caveat
932 2063 999 2125 sibi
1014 2065 1061 2125 ab
1078 2065 1453 2145 excommunicatione,

169 2182 206 2234 et
237 2170 443 2250 interdict0,
478 2191 593 2253 neque
622 2169 709 2233 fidat
734 2171 967 2253 appellationi
992 2171 1232 2234 Lutheranae:
1266 2192 1335 2234 non
1361 2173 1454 2235 enim
1489 2214 1492 2218 -

168 2278 384 2342 rationabile
409 2288 480 2357 est,
514 2298 630 2360 neque
654 2271 734 2358 paci
759 2276 1038 2340 Christianorum
1067 2291 1323 2361 opportunum,
1358 2281 1453 2342 utin

169 2389 279 2449 rebus
303 2383 564 2467 spiritualibus,
597 2384 714 2447 statim
740 2384 817 2466 quis
842 2385 887 2445 ad
914 2383 1108 2448 Concilium
1134 2387 1304 2467 generale
1328 2408 1454 2468 provo·

169 2502 248 2572 cet,
282 2493 376 2572 quod
408 2512 539 2574 magna
572 2513 650 2555 cum
682 2491 892 2554 difficultate
925 2493 1141 2575 congregari
1174 2503 1306 2576 potest;
1342 2508 1377 2556 et
1405 2495 1454 2555 sic

169 2600 282 2682 igitur
320 2599 444 2663 liceret
483 2599 670 2681 unicuique
707 2597 893 2685 (quidquid
926 2599 992 2662 sibi
1027 2600 1163 2663 libitum
1197 2604 1302 2681 esset)
1332 2612 1455 2663 contra

170 2706 279 2769 fidem
302 2707 445 2788 impune
471 2706 577 2787 loqui,
602 2716 637 2769 et
661 2708 705 2769 de
731 2727 774 2769 ea
796 2707 896 2793 iuxta
921 2727 1020 2769 suum
1045 2708 1213 2789 cuiusque
1238 2729 1379 2771 sensum
1405 2711 1456 2790 (ut

170 2814 349 2876 Martinus
379 2833 488 2893 saepe
514 2812 599 2874 facit
623 2824 659 2875 et
682 2814 846 2893 consulit)
877 2825 1051 2893 statuere,
1085 2815 1283 2895 scripturae
1314 2836 1455 2878 sensum

171 2931 394 3003 pervertere,
419 2923 563 2982 decreta
587 2930 727 3002 patrum
751 2941 895 3003 negare,
920 2922 1079 2985 conciliis
1094 2923 1293 3001 detrahere,
1318 2935 1455 2986 senten-

170 3030 230 3092 tiis
254 3032 472 3111 prelatorum
498 3028 712 3109 diffinitivis,
746 3048 816 3090 non
841 3029 1006 3107 obedire,
1041 3030 1127 3092 nihil
1151 3030 1294 3092 omnino
1318 3030 1353 3092 in
1377 3032 1455 3092 reli·

171 3137 283 3217 gione
300 3135 402 3217 pensi
418 3137 562 3213 habere,
587 3138 652 3211 sub
668 3136 736 3197 hoc
753 3137 797 3197 ad
815 3135 1009 3199 Concilium
1025 3136 1231 3218 appellandi
1250 3147 1455 3217 praetextu:

171 3244 270 3325 quod
296 3242 398 3305 sicuti
423 3254 476 3305 est
505 3241 799 3321 enormissimum,
833 3243 1122 3307 absurdissimum
1154 3245 1395 3307 abominabile
1422 3257 1456 3306 et

171 3351 206 3413 in
241 3371 281 3412 re
313 3349 513 3413 Christiana
545 3350 894 3431 perniciosissimum:
929 3352 978 3412 ita
1007 3370 1073 3431 pro
1106 3338 1203 3414 certo
1231 3361 1353 3413 teneat
1379 3352 1454 3413 lllu·

172 3456 366 3522 strissimus
389 3457 473 3519 Dux
497 3458 739 3537 hujuscemodi
764 3457 1024 3539 appellationes
1048 3466 1084 3519 et
1115 3458 1288 3539 pessimas
1317 3468 1352 3520 et
1385 3457 1456 3520 ina-

173 3588 240 3631 nes
264 3587 354 3646 esse,
379 3565 537 3646 nihilque
561 3567 744 3645 prodesse,
769 3564 956 3645 quominus
981 3565 1040 3645 qui
1064 3565 1142 3626 illas
1160 3564 1210 3626 sic
1227 3565 1457 3645 interponunt

173 3684 210 3737 et
235 3672 661 3737 excommunicationibus
680 3671 840 3734 innodati
865 3680 1107 3753 perseverent,
1132 3681 1168 3733 et
1192 3671 1383 3753 aliquando
1408 3673 1455 3733 di·

173 3783 259 3845 vino
279 3780 412 3863 judicio
440 3780 586 3842 veniant
615 3778 802 3859 puniendi,
834 3789 906 3841 tam
930 3778 953 3840 ii
978 3778 1038 3860 qui
1062 3778 1197 3840 faciunt
1221 3798 1325 3859 quam
1350 3779 1373 3841 ii
1398 3779 1458 3860 qui

173 3888 224 3951 sic
254 3887 469 3950 facientibus
493 3886 729 3949 consentiunt.

266 3996 422 4058 Possunt
441 3994 548 4057 etiam
565 3993 707 4056 Domini
725 3991 895 4055 Oratores
914 3993 1033 4075 aliqua
1049 3991 1166 4055 obiter
1182 4012 1458 4056 commemorare

174 4106 221 4167 de
247 4100 483 4182 confessione,
509 4100 745 4181 Eucharistia,
770 4111 931 4162 extrema
955 4100 1135 4162 unctione:
1161 4100 1206 4160 de
1226 4100 1353 4180 quibus
1369 4102 1458 4162 Mar·

173 4210 271 4273 tinus
295 4207 517 4292 apertissime
542 4228 585 4270 ea
608 4208 770 4285 somniat,
804 4228 896 4288 quae
921 4209 966 4269 ab
991 4206 1152 4269 Ecclesia
1168 4206 1352 4270 Catholica
1377 4218 1459 4269 sunt

175 4337 323 4398 prorsus
347 4316 475 4395 aliena,
500 4323 536 4379 et
559 4335 666 4397 quum
690 4314 777 4376 nihil
802 4314 885 4377 boni
910 4314 1062 4376 afferant
1088 4334 1131 4375 ea
1155 4334 1246 4394 quae
1263 4313 1382 4393 tradit,
1407 4326 1456 4375 to·

175 4435 249 4487 tum
275 4426 398 4486 orbem
422 4422 456 4485 in
482 4423 688 4485 scandalum
713 4432 842 4483 vocant
867 4431 902 4483 et
925 4422 1080 4484 trahunt.

266 4530 333 4593 His
349 4540 393 4593 *et
417 4529 588 4593 similibus
611 4528 740 4610 topicis
757 4540 792 4590 et
806 4528 1054 4609 probabilibus
1070 4527 1287 4610 argumentis
1304 4530 1458 4590 adhunc

175 4659 277 4701 usum
301 4637 454 4700 maxime
483 4635 693 4699 necessariis
717 4636 782 4715 usi,
807 4635 950 4698 Domini
973 4635 1143 4699 Oratores
1168 4637 1309 4698 nomine
1334 4635 1458 4697 Caesa·

176 4765 261 4808 reae
286 4745 484 4827 Maiestatis
507 4746 694 4807 hortentur
717 4753 908 4825 precentur
933 4754 967 4805 et
993 4755 1159 4806 moneant
1183 4744 1459 4806 Illustrissimum

177 4853 326 4934 Ducem,
351 4863 390 4915 ut
411 4872 499 4935 prae
524 4851 635 4914 oculis
652 4853 784 4914 habeat
801 4850 930 4914 Deum:
956 4872 1072 4935 neque
1089 4872 1168 4914 cum
1183 4858 1283 4912 tanto
1300 4852 1459 4934 periculo
