<?xml version="1.0" encoding="UTF-8"?>
<!DOCTYPE html PUBLIC "-//W3C//DTD XHTML 1.0 Transitional//EN"
    "http://www.w3.org/TR/xhtml1/DTD/xhtml1-transitional.dtd">
<html xmlns="http://www.w3.org/1999/xhtml" xml:lang="en" lang="en">
 <head>
  <title>
</title>
<meta http-equiv="Content-Type" content="text/html;charset=utf-8" />
  <meta name='ocr-system' content='tesseract 3.04.00' />
  <meta name='ocr-capabilities' content='ocr_page ocr_carea ocr_par ocr_line ocrx_word'/>
</head>
<body>
  <div class='ocr_page' id='page_1' title='image "./monumentareform01vatigoog/monumentareform01vatigoog_0361.png"; bbox 0 0 3559 5734; ppageno 0'>
   <div class='ocr_carea' id='block_1_1' title="bbox 682 526 929 589">
    <p class='ocr_par' dir='ltr' id='par_1_1' title="bbox 682 526 929 589">
     <span class='ocr_line' id='line_1_1' title="bbox 682 526 929 589; baseline -0.012 0"><span class='ocrx_word' id='word_1_1' title='bbox 682 526 929 589; x_wconf 42' lang='lat' dir='ltr'>&amp;libaid-0</span> 
     </span>
    </p>
   </div>
   <div class='ocr_carea' id='block_1_2' title="bbox 166 671 1514 4935">
    <p class='ocr_par' dir='ltr' id='par_1_2' title="bbox 166 671 1451 1596">
     <span class='ocr_line' id='line_1_2' title="bbox 166 671 1446 761; baseline -0.001 -23"><span class='ocrx_word' id='word_1_2' title='bbox 166 675 324 740; x_wconf 82' lang='lat' dir='ltr'><strong>habeant</strong></span> <span class='ocrx_word' id='word_1_3' title='bbox 346 676 413 740; x_wconf 89' lang='lat' dir='ltr'>nisi</span> <span class='ocrx_word' id='word_1_4' title='bbox 437 677 666 761; x_wconf 89' lang='lat' dir='ltr'>mortiferum,</span> <span class='ocrx_word' id='word_1_5' title='bbox 691 677 816 742; x_wconf 90' lang='lat' dir='ltr'>merito</span> <span class='ocrx_word' id='word_1_6' title='bbox 840 674 970 742; x_wconf 90' lang='lat' dir='ltr'>nullius</span> <span class='ocrx_word' id='word_1_7' title='bbox 994 674 1128 738; x_wconf 91' lang='lat' dir='ltr'>debent</span> <span class='ocrx_word' id='word_1_8' title='bbox 1151 693 1229 737; x_wconf 91' lang='lat' dir='ltr'>esse</span> <span class='ocrx_word' id='word_1_9' title='bbox 1246 671 1446 738; x_wconf 88' lang='lat' dir='ltr'>considera·</span> 
     </span>
     <span class='ocr_line' id='line_1_3' title="bbox 167 781 1449 869; baseline -0.001 -24"><span class='ocrx_word' id='word_1_10' title='bbox 167 782 285 864; x_wconf 86' lang='lat' dir='ltr'>tionis,</span> <span class='ocrx_word' id='word_1_11' title='bbox 310 804 415 865; x_wconf 91' lang='lat' dir='ltr'>quum</span> <span class='ocrx_word' id='word_1_12' title='bbox 441 785 526 848; x_wconf 89' lang='lat' dir='ltr'>satis</span> <span class='ocrx_word' id='word_1_13' title='bbox 551 785 596 848; x_wconf 90' lang='lat' dir='ltr'>sit</span> <span class='ocrx_word' id='word_1_14' title='bbox 622 806 666 848; x_wconf 90' lang='lat' dir='ltr'>ex</span> <span class='ocrx_word' id='word_1_15' title='bbox 684 783 942 869; x_wconf 75' lang='lat' dir='ltr'>probatissimis</span> <span class='ocrx_word' id='word_1_16' title='bbox 962 781 1145 845; x_wconf 84' lang='lat' dir='ltr'>autoribus</span> <span class='ocrx_word' id='word_1_17' title='bbox 1168 781 1278 864; x_wconf 91' lang='lat' dir='ltr'>longe</span> <span class='ocrx_word' id='word_1_18' title='bbox 1301 781 1449 845; x_wconf 83' lang='lat' dir='ltr'>meliora</span> 
     </span>
     <span class='ocr_line' id='line_1_4' title="bbox 167 888 1448 971; baseline 0 -19"><span class='ocrx_word' id='word_1_19' title='bbox 167 889 321 956; x_wconf 91' lang='lat' dir='ltr'>haurire.</span> <span class='ocrx_word' id='word_1_20' title='bbox 387 891 462 955; x_wconf 91' lang='lat' dir='ltr'>Nec</span> <span class='ocrx_word' id='word_1_21' title='bbox 497 893 612 956; x_wconf 92' lang='lat' dir='ltr'>minus</span> <span class='ocrx_word' id='word_1_22' title='bbox 644 893 792 957; x_wconf 90' lang='lat' dir='ltr'>innuere</span> <span class='ocrx_word' id='word_1_23' title='bbox 825 891 992 954; x_wconf 90' lang='lat' dir='ltr'>videntur</span> <span class='ocrx_word' id='word_1_24' title='bbox 1022 888 1119 952; x_wconf 90' lang='lat' dir='ltr'>dicta</span> <span class='ocrx_word' id='word_1_25' title='bbox 1149 889 1261 952; x_wconf 91' lang='lat' dir='ltr'>verba</span> <span class='ocrx_word' id='word_1_26' title='bbox 1293 888 1448 971; x_wconf 85' lang='lat' dir='ltr'>aliquam</span> 
     </span>
     <span class='ocr_line' id='line_1_5' title="bbox 168 995 1448 1083; baseline 0 -24"><span class='ocrx_word' id='word_1_27' title='bbox 168 1018 247 1060; x_wconf 89' lang='lat' dir='ltr'>esse</span> <span class='ocrx_word' id='word_1_28' title='bbox 272 998 368 1082; x_wconf 94' lang='lat' dir='ltr'>apud</span> <span class='ocrx_word' id='word_1_29' title='bbox 393 1019 437 1062; x_wconf 92' lang='lat' dir='ltr'>ea</span> <span class='ocrx_word' id='word_1_30' title='bbox 464 1000 690 1083; x_wconf 83' lang='lat' dir='ltr'>proferentes</span> <span class='ocrx_word' id='word_1_31' title='bbox 714 998 933 1063; x_wconf 86' lang='lat' dir='ltr'>dubietatem</span> <span class='ocrx_word' id='word_1_32' title='bbox 956 996 993 1059; x_wconf 93' lang='lat' dir='ltr'>in</span> <span class='ocrx_word' id='word_1_33' title='bbox 1017 995 1078 1077; x_wconf 90' lang='lat' dir='ltr'>iis,</span> <span class='ocrx_word' id='word_1_34' title='bbox 1111 1015 1202 1077; x_wconf 92' lang='lat' dir='ltr'>quae</span> <span class='ocrx_word' id='word_1_35' title='bbox 1236 995 1321 1059; x_wconf 88' lang='lat' dir='ltr'>fidei</span> <span class='ocrx_word' id='word_1_36' title='bbox 1356 1005 1448 1077; x_wconf 90' lang='lat' dir='ltr'>sunt,</span> 
     </span>
     <span class='ocr_line' id='line_1_6' title="bbox 168 1100 1449 1191; baseline -0.001 -23"><span class='ocrx_word' id='word_1_37' title='bbox 168 1107 264 1187; x_wconf 92' lang='lat' dir='ltr'>quod</span> <span class='ocrx_word' id='word_1_38' title='bbox 288 1114 408 1191; x_wconf 90' lang='lat' dir='ltr'>tamen</span> <span class='ocrx_word' id='word_1_39' title='bbox 431 1127 453 1170; x_wconf 98' lang='lat' dir='ltr'>a</span> <span class='ocrx_word' id='word_1_40' title='bbox 485 1107 636 1171; x_wconf 90' lang='lat' dir='ltr'>veritate</span> <span class='ocrx_word' id='word_1_41' title='bbox 669 1107 822 1170; x_wconf 84' lang='lat' dir='ltr'>maxime</span> <span class='ocrx_word' id='word_1_42' title='bbox 846 1104 999 1169; x_wconf 89' lang='lat' dir='ltr'>alienum</span> <span class='ocrx_word' id='word_1_43' title='bbox 1023 1112 1088 1166; x_wconf 86' lang='lat' dir='ltr'>est.</span> <span class='ocrx_word' id='word_1_44' title='bbox 1127 1100 1252 1185; x_wconf 83' lang='lat' dir='ltr'>Neque</span> <span class='ocrx_word' id='word_1_45' title='bbox 1267 1103 1334 1167; x_wconf 91' lang='lat' dir='ltr'>nisi</span> <span class='ocrx_word' id='word_1_46' title='bbox 1357 1105 1449 1168; x_wconf 91' lang='lat' dir='ltr'>ullus</span> 
     </span>
     <span class='ocr_line' id='line_1_7' title="bbox 167 1209 1448 1293; baseline 0 -19"><span class='ocrx_word' id='word_1_47' title='bbox 167 1221 299 1293; x_wconf 91' lang='lat' dir='ltr'>potest,</span> <span class='ocrx_word' id='word_1_48' title='bbox 322 1221 383 1275; x_wconf 88' lang='lat' dir='ltr'>aut</span> <span class='ocrx_word' id='word_1_49' title='bbox 406 1214 515 1276; x_wconf 92' lang='lat' dir='ltr'>debet</span> <span class='ocrx_word' id='word_1_50' title='bbox 538 1233 617 1277; x_wconf 90' lang='lat' dir='ltr'>esse</span> <span class='ocrx_word' id='word_1_51' title='bbox 641 1212 853 1277; x_wconf 88' lang='lat' dir='ltr'>dubitationi</span> <span class='ocrx_word' id='word_1_52' title='bbox 876 1214 976 1274; x_wconf 91' lang='lat' dir='ltr'>locus</span> <span class='ocrx_word' id='word_1_53' title='bbox 999 1209 1034 1273; x_wconf 91' lang='lat' dir='ltr'>in</span> <span class='ocrx_word' id='word_1_54' title='bbox 1059 1209 1110 1289; x_wconf 87' lang='lat' dir='ltr'>iis,</span> <span class='ocrx_word' id='word_1_55' title='bbox 1135 1229 1226 1291; x_wconf 90' lang='lat' dir='ltr'>quae</span> <span class='ocrx_word' id='word_1_56' title='bbox 1250 1212 1297 1272; x_wconf 93' lang='lat' dir='ltr'>ab</span> <span class='ocrx_word' id='word_1_57' title='bbox 1311 1210 1448 1274; x_wconf 90' lang='lat' dir='ltr'>univer·</span> 
     </span>
     <span class='ocr_line' id='line_1_8' title="bbox 168 1317 1450 1403; baseline -0.002 -20"><span class='ocrx_word' id='word_1_58' title='bbox 168 1319 235 1383; x_wconf 88' lang='lat' dir='ltr'>sali</span> <span class='ocrx_word' id='word_1_59' title='bbox 260 1319 421 1383; x_wconf 86' lang='lat' dir='ltr'>Ecclesia</span> <span class='ocrx_word' id='word_1_60' title='bbox 444 1320 564 1384; x_wconf 91' lang='lat' dir='ltr'>decisa</span> <span class='ocrx_word' id='word_1_61' title='bbox 587 1330 667 1384; x_wconf 90' lang='lat' dir='ltr'>sunt</span> <span class='ocrx_word' id='word_1_62' title='bbox 689 1341 756 1403; x_wconf 89' lang='lat' dir='ltr'>per</span> <span class='ocrx_word' id='word_1_63' title='bbox 778 1318 956 1384; x_wconf 90' lang='lat' dir='ltr'>hereticos</span> <span class='ocrx_word' id='word_1_64' title='bbox 980 1317 1214 1397; x_wconf 89' lang='lat' dir='ltr'>deducuntur,</span> <span class='ocrx_word' id='word_1_65' title='bbox 1239 1317 1345 1380; x_wconf 90' lang='lat' dir='ltr'>etiam</span> <span class='ocrx_word' id='word_1_66' title='bbox 1362 1317 1450 1381; x_wconf 91' lang='lat' dir='ltr'>alias</span> 
     </span>
     <span class='ocr_line' id='line_1_9' title="bbox 169 1422 1451 1508; baseline -0.001 -20"><span class='ocrx_word' id='word_1_67' title='bbox 169 1446 236 1508; x_wconf 91' lang='lat' dir='ltr'>per</span> <span class='ocrx_word' id='word_1_68' title='bbox 260 1425 420 1489; x_wconf 91' lang='lat' dir='ltr'>Concilia</span> <span class='ocrx_word' id='word_1_69' title='bbox 443 1427 659 1492; x_wconf 85' lang='lat' dir='ltr'>universalia</span> <span class='ocrx_word' id='word_1_70' title='bbox 682 1427 806 1491; x_wconf 90' lang='lat' dir='ltr'>habita</span> <span class='ocrx_word' id='word_1_71' title='bbox 829 1426 864 1489; x_wconf 93' lang='lat' dir='ltr'>in</span> <span class='ocrx_word' id='word_1_72' title='bbox 898 1423 1089 1489; x_wconf 84' lang='lat' dir='ltr'>Germania</span> <span class='ocrx_word' id='word_1_73' title='bbox 1124 1422 1246 1486; x_wconf 91' lang='lat' dir='ltr'>decisa</span> <span class='ocrx_word' id='word_1_74' title='bbox 1278 1433 1388 1506; x_wconf 89' lang='lat' dir='ltr'>sunt‚.</span> <span class='ocrx_word' id='word_1_75' title='bbox 1415 1433 1451 1487; x_wconf 89' lang='lat' dir='ltr'>et</span> 
     </span>
     <span class='ocr_line' id='line_1_10' title="bbox 170 1532 416 1596; baseline 0 -1"><span class='ocrx_word' id='word_1_76' title='bbox 170 1532 416 1596; x_wconf 87' lang='lat' dir='ltr'>determinata.</span> 
     </span>
    </p>

    <p class='ocr_par' dir='ltr' id='par_1_3' title="bbox 170 1635 1514 3095">
     <span class='ocr_line' id='line_1_11' title="bbox 260 1635 1451 1723; baseline -0.001 -20"><span class='ocrx_word' id='word_1_77' title='bbox 260 1640 382 1703; x_wconf 87' lang='lat' dir='ltr'>Tertio</span> <span class='ocrx_word' id='word_1_78' title='bbox 400 1660 469 1723; x_wconf 91' lang='lat' dir='ltr'>quo</span> <span class='ocrx_word' id='word_1_79' title='bbox 485 1641 531 1705; x_wconf 91' lang='lat' dir='ltr'>ad</span> <span class='ocrx_word' id='word_1_80' title='bbox 554 1640 756 1707; x_wconf 86' lang='lat' dir='ltr'>universale</span> <span class='ocrx_word' id='word_1_81' title='bbox 773 1639 970 1705; x_wconf 89' lang='lat' dir='ltr'>Concilium</span> <span class='ocrx_word' id='word_1_82' title='bbox 989 1637 1150 1718; x_wconf 90' lang='lat' dir='ltr'>liberum,</span> <span class='ocrx_word' id='word_1_83' title='bbox 1174 1658 1196 1701; x_wconf 98' lang='lat' dir='ltr'>a</span> <span class='ocrx_word' id='word_1_84' title='bbox 1220 1635 1451 1702; x_wconf 87' lang='lat' dir='ltr'>Sanctissimo</span> 
     </span>
     <span class='ocr_line' id='line_1_12' title="bbox 170 1744 1451 1829; baseline 0 -20"><span class='ocrx_word' id='word_1_85' title='bbox 170 1747 325 1810; x_wconf 93' lang='lat' dir='ltr'>Domino</span> <span class='ocrx_word' id='word_1_86' title='bbox 349 1747 481 1811; x_wconf 90' lang='lat' dir='ltr'>Nostro</span> <span class='ocrx_word' id='word_1_87' title='bbox 505 1748 749 1829; x_wconf 86' lang='lat' dir='ltr'>indicendum,</span> <span class='ocrx_word' id='word_1_88' title='bbox 775 1760 811 1811; x_wconf 91' lang='lat' dir='ltr'>et</span> <span class='ocrx_word' id='word_1_89' title='bbox 835 1745 1149 1828; x_wconf 90' lang='lat' dir='ltr'>congregandum,</span> <span class='ocrx_word' id='word_1_90' title='bbox 1182 1744 1278 1827; x_wconf 91' lang='lat' dir='ltr'>quod</span> <span class='ocrx_word' id='word_1_91' title='bbox 1303 1755 1339 1807; x_wconf 87' lang='lat' dir='ltr'>et</span> <span class='ocrx_word' id='word_1_92' title='bbox 1362 1746 1451 1809; x_wconf 89' lang='lat' dir='ltr'>alias</span> 
     </span>
     <span class='ocr_line' id='line_1_13' title="bbox 172 1851 1451 1937; baseline -0.002 -20"><span class='ocrx_word' id='word_1_93' title='bbox 172 1854 308 1918; x_wconf 88' lang='lat' dir='ltr'>eisdem</span> <span class='ocrx_word' id='word_1_94' title='bbox 324 1855 504 1937; x_wconf 90' lang='lat' dir='ltr'>deputatis</span> <span class='ocrx_word' id='word_1_95' title='bbox 520 1857 700 1937; x_wconf 84' lang='lat' dir='ltr'>respondi,</span> <span class='ocrx_word' id='word_1_96' title='bbox 725 1854 941 1918; x_wconf 84' lang='lat' dir='ltr'>nuncetiam</span> <span class='ocrx_word' id='word_1_97' title='bbox 958 1851 1172 1934; x_wconf 89' lang='lat' dir='ltr'>responde0,</span> <span class='ocrx_word' id='word_1_98' title='bbox 1197 1860 1233 1914; x_wconf 91' lang='lat' dir='ltr'>et</span> <span class='ocrx_word' id='word_1_99' title='bbox 1248 1852 1340 1934; x_wconf 92' lang='lat' dir='ltr'>dico,</span> <span class='ocrx_word' id='word_1_100' title='bbox 1364 1852 1451 1916; x_wconf 90' lang='lat' dir='ltr'>illud</span> 
     </span>
     <span class='ocr_line' id='line_1_14' title="bbox 172 1959 1453 2044; baseline -0.001 -20"><span class='ocrx_word' id='word_1_101' title='bbox 172 1981 243 2024; x_wconf 91' lang='lat' dir='ltr'>non</span> <span class='ocrx_word' id='word_1_102' title='bbox 268 1962 383 2025; x_wconf 90' lang='lat' dir='ltr'>videri</span> <span class='ocrx_word' id='word_1_103' title='bbox 407 1973 714 2044; x_wconf 88' lang='lat' dir='ltr'>praesentaneum,</span> <span class='ocrx_word' id='word_1_104' title='bbox 739 1972 777 2024; x_wconf 90' lang='lat' dir='ltr'>ut</span> <span class='ocrx_word' id='word_1_105' title='bbox 800 1982 857 2024; x_wconf 91' lang='lat' dir='ltr'>res</span> <span class='ocrx_word' id='word_1_106' title='bbox 882 1960 1099 2042; x_wconf 81' lang='lat' dir='ltr'>expostulat,</span> <span class='ocrx_word' id='word_1_107' title='bbox 1122 1959 1318 2023; x_wconf 89' lang='lat' dir='ltr'>remedium</span> <span class='ocrx_word' id='word_1_108' title='bbox 1328 1986 1346 2042; x_wconf 93' lang='lat'>,·</span> <span class='ocrx_word' id='word_1_109' title='bbox 1371 1960 1453 2043; x_wconf 90' lang='lat' dir='ltr'>quia</span> 
     </span>
     <span class='ocr_line' id='line_1_15' title="bbox 172 2063 1452 2153; baseline -0.002 -21"><span class='ocrx_word' id='word_1_110' title='bbox 172 2088 239 2132; x_wconf 89' lang='lat' dir='ltr'>nec</span> <span class='ocrx_word' id='word_1_111' title='bbox 262 2080 430 2151; x_wconf 88' lang='lat' dir='ltr'>repente,</span> <span class='ocrx_word' id='word_1_112' title='bbox 458 2090 522 2133; x_wconf 92' lang='lat' dir='ltr'>nec</span> <span class='ocrx_word' id='word_1_113' title='bbox 546 2070 649 2133; x_wconf 89' lang='lat' dir='ltr'>brevi</span> <span class='ocrx_word' id='word_1_114' title='bbox 674 2082 835 2153; x_wconf 88' lang='lat' dir='ltr'>tempore</span> <span class='ocrx_word' id='word_1_115' title='bbox 859 2067 941 2150; x_wconf 84' lang='lat' dir='ltr'>cogi</span> <span class='ocrx_word' id='word_1_116' title='bbox 964 2075 1095 2149; x_wconf 89' lang='lat' dir='ltr'>potest.</span> <span class='ocrx_word' id='word_1_117' title='bbox 1142 2065 1181 2128; x_wconf 90' lang='lat' dir='ltr'>Si</span> <span class='ocrx_word' id='word_1_118' title='bbox 1206 2076 1325 2130; x_wconf 89' lang='lat' dir='ltr'>tamen</span> <span class='ocrx_word' id='word_1_119' title='bbox 1349 2063 1452 2130; x_wconf 87' lang='lat' dir='ltr'>Sacri</span> 
     </span>
     <span class='ocr_line' id='line_1_16' title="bbox 172 2172 1452 2259; baseline -0.002 -19"><span class='ocrx_word' id='word_1_120' title='bbox 172 2176 331 2240; x_wconf 92' lang='lat' dir='ltr'>Romani</span> <span class='ocrx_word' id='word_1_121' title='bbox 355 2176 498 2259; x_wconf 90' lang='lat' dir='ltr'>Imperii</span> <span class='ocrx_word' id='word_1_122' title='bbox 522 2177 687 2256; x_wconf 89' lang='lat' dir='ltr'>statibus,</span> <span class='ocrx_word' id='word_1_123' title='bbox 711 2197 777 2259; x_wconf 92' lang='lat' dir='ltr'>pro</span> <span class='ocrx_word' id='word_1_124' title='bbox 801 2177 933 2256; x_wconf 89' lang='lat' dir='ltr'>salute,</span> <span class='ocrx_word' id='word_1_125' title='bbox 958 2185 993 2238; x_wconf 89' lang='lat' dir='ltr'>et</span> <span class='ocrx_word' id='word_1_126' title='bbox 1016 2172 1273 2256; x_wconf 85' lang='lat' dir='ltr'>tranquillitate</span> <span class='ocrx_word' id='word_1_127' title='bbox 1298 2174 1452 2238; x_wconf 91' lang='lat' dir='ltr'>omnium</span> 
     </span>
     <span class='ocr_line' id='line_1_17' title="bbox 171 2277 1453 2366; baseline -0.002 -21"><span class='ocrx_word' id='word_1_128' title='bbox 171 2281 286 2346; x_wconf 89' lang='lat' dir='ltr'>visum</span> <span class='ocrx_word' id='word_1_129' title='bbox 323 2282 432 2346; x_wconf 88' lang='lat' dir='ltr'>fuerit</span> <span class='ocrx_word' id='word_1_130' title='bbox 468 2283 519 2346; x_wconf 89' lang='lat' dir='ltr'>ita</span> <span class='ocrx_word' id='word_1_131' title='bbox 554 2283 746 2366; x_wconf 84' lang='lat' dir='ltr'>expedire,</span> <span class='ocrx_word' id='word_1_132' title='bbox 781 2281 915 2366; x_wconf 89' lang='lat' dir='ltr'>recipio</span> <span class='ocrx_word' id='word_1_133' title='bbox 959 2302 1015 2344; x_wconf 91' lang='lat' dir='ltr'>me</span> <span class='ocrx_word' id='word_1_134' title='bbox 1054 2282 1150 2363; x_wconf 90' lang='lat' dir='ltr'>apud</span> <span class='ocrx_word' id='word_1_135' title='bbox 1186 2277 1453 2344; x_wconf 88' lang='lat' dir='ltr'>Sanctissimum</span> 
     </span>
     <span class='ocr_line' id='line_1_18' title="bbox 171 2385 1453 2473; baseline 0.002 -22"><span class='ocrx_word' id='word_1_136' title='bbox 171 2388 364 2452; x_wconf 89' lang='lat' dir='ltr'>Dominum</span> <span class='ocrx_word' id='word_1_137' title='bbox 388 2390 555 2455; x_wconf 88' lang='lat' dir='ltr'>Nostrum</span> <span class='ocrx_word' id='word_1_138' title='bbox 578 2391 615 2453; x_wconf 93' lang='lat' dir='ltr'>id</span> <span class='ocrx_word' id='word_1_139' title='bbox 643 2400 861 2473; x_wconf 91' lang='lat' dir='ltr'>curaturum,</span> <span class='ocrx_word' id='word_1_140' title='bbox 886 2389 1122 2471; x_wconf 83' lang='lat' dir='ltr'>existimoque</span> <span class='ocrx_word' id='word_1_141' title='bbox 1143 2385 1376 2453; x_wconf 90' lang='lat' dir='ltr'>Sanctitatem</span> <span class='ocrx_word' id='word_1_142' title='bbox 1400 2410 1453 2453; x_wconf 90' lang='lat' dir='ltr'>su·</span> 
     </span>
     <span class='ocr_line' id='line_1_19' title="bbox 172 2495 1514 2581; baseline 0.001 -23"><span class='ocrx_word' id='word_1_143' title='bbox 172 2516 229 2559; x_wconf 91' lang='lat' dir='ltr'>am</span> <span class='ocrx_word' id='word_1_144' title='bbox 254 2495 348 2559; x_wconf 91' lang='lat' dir='ltr'>intra</span> <span class='ocrx_word' id='word_1_145' title='bbox 371 2497 549 2578; x_wconf 85' lang='lat' dir='ltr'>legitimos</span> <span class='ocrx_word' id='word_1_146' title='bbox 577 2498 764 2579; x_wconf 89' lang='lat' dir='ltr'>terminos,</span> <span class='ocrx_word' id='word_1_147' title='bbox 798 2517 905 2581; x_wconf 92' lang='lat' dir='ltr'>quum</span> <span class='ocrx_word' id='word_1_148' title='bbox 941 2497 986 2559; x_wconf 90' lang='lat' dir='ltr'>de</span> <span class='ocrx_word' id='word_1_149' title='bbox 1015 2497 1083 2559; x_wconf 89' lang='lat' dir='ltr'>bac</span> <span class='ocrx_word' id='word_1_150' title='bbox 1116 2515 1155 2558; x_wconf 89' lang='lat' dir='ltr'>re</span> <span class='ocrx_word' id='word_1_151' title='bbox 1189 2516 1268 2559; x_wconf 91' lang='lat' dir='ltr'>cum</span> <span class='ocrx_word' id='word_1_152' title='bbox 1300 2495 1455 2560; x_wconf 85' lang='lat' dir='ltr'>Cesarea</span> <span class='ocrx_word' id='word_1_153' title='bbox 1511 2508 1514 2517; x_wconf 88' lang='grc'><strong>“</strong></span> 
     </span>
     <span class='ocr_line' id='line_1_20' title="bbox 172 2602 1455 2687; baseline -0.002 -20"><span class='ocrx_word' id='word_1_154' title='bbox 172 2603 362 2685; x_wconf 70' lang='lat' dir='ltr'>Maiestate</span> <span class='ocrx_word' id='word_1_155' title='bbox 386 2605 609 2687; x_wconf 89' lang='lat' dir='ltr'>coeterisque</span> <span class='ocrx_word' id='word_1_156' title='bbox 632 2605 810 2687; x_wconf 76' lang='lat' dir='ltr'>RegibuS,</span> <span class='ocrx_word' id='word_1_157' title='bbox 834 2603 1071 2685; x_wconf 86' lang='lat' dir='ltr'>Principibus,</span> <span class='ocrx_word' id='word_1_158' title='bbox 1096 2611 1133 2665; x_wconf 91' lang='lat' dir='ltr'>et</span> <span class='ocrx_word' id='word_1_159' title='bbox 1148 2603 1296 2686; x_wconf 92' lang='lat' dir='ltr'>Populis</span> <span class='ocrx_word' id='word_1_160' title='bbox 1311 2602 1455 2669; x_wconf 86' lang='lat' dir='ltr'>Christi·</span> 
     </span>
     <span class='ocr_line' id='line_1_21' title="bbox 172 2710 1455 2795; baseline 0.001 -22"><span class='ocrx_word' id='word_1_161' title='bbox 172 2711 251 2773; x_wconf 89' lang='lat' dir='ltr'>anis</span> <span class='ocrx_word' id='word_1_162' title='bbox 275 2711 498 2791; x_wconf 89' lang='lat' dir='ltr'>tractaverit,</span> <span class='ocrx_word' id='word_1_163' title='bbox 522 2723 629 2795; x_wconf 90' lang='lat' dir='ltr'>atque</span> <span class='ocrx_word' id='word_1_164' title='bbox 654 2714 698 2775; x_wconf 91' lang='lat' dir='ltr'>de</span> <span class='ocrx_word' id='word_1_165' title='bbox 722 2714 812 2792; x_wconf 93' lang='lat' dir='ltr'>loco,</span> <span class='ocrx_word' id='word_1_166' title='bbox 837 2722 1009 2794; x_wconf 87' lang='lat' dir='ltr'>tempore,</span> <span class='ocrx_word' id='word_1_167' title='bbox 1034 2710 1149 2792; x_wconf 92' lang='lat' dir='ltr'>modo,</span> <span class='ocrx_word' id='word_1_168' title='bbox 1175 2719 1211 2774; x_wconf 92' lang='lat' dir='ltr'>et</span> <span class='ocrx_word' id='word_1_169' title='bbox 1234 2710 1385 2774; x_wconf 90' lang='lat' dir='ltr'>coeteris</span> <span class='ocrx_word' id='word_1_170' title='bbox 1408 2712 1455 2774; x_wconf 89' lang='lat' dir='ltr'>ad</span> 
     </span>
     <span class='ocr_line' id='line_1_22' title="bbox 173 2817 1455 2901; baseline 0.001 -21"><span class='ocrx_word' id='word_1_171' title='bbox 173 2818 209 2880; x_wconf 93' lang='lat' dir='ltr'>id</span> <span class='ocrx_word' id='word_1_172' title='bbox 234 2817 446 2881; x_wconf 79' lang='lat' dir='ltr'>necessariis</span> <span class='ocrx_word' id='word_1_173' title='bbox 470 2818 604 2901; x_wconf 91' lang='lat' dir='ltr'>aliquid</span> <span class='ocrx_word' id='word_1_174' title='bbox 628 2820 856 2883; x_wconf 84' lang='lat' dir='ltr'>constitutum</span> <span class='ocrx_word' id='word_1_175' title='bbox 880 2817 1061 2898; x_wconf 87' lang='lat' dir='ltr'>habuerit,</span> <span class='ocrx_word' id='word_1_176' title='bbox 1086 2838 1192 2899; x_wconf 92' lang='lat' dir='ltr'>quam</span> <span class='ocrx_word' id='word_1_177' title='bbox 1215 2818 1366 2901; x_wconf 92' lang='lat' dir='ltr'>primum</span> <span class='ocrx_word' id='word_1_178' title='bbox 1390 2838 1455 2901; x_wconf 89' lang='lat' dir='ltr'>per</span> 
     </span>
     <span class='ocr_line' id='line_1_23' title="bbox 173 2924 1455 3009; baseline 0 -22"><span class='ocrx_word' id='word_1_179' title='bbox 173 2924 403 2989; x_wconf 90' lang='lat' dir='ltr'>concordiam</span> <span class='ocrx_word' id='word_1_180' title='bbox 419 2925 634 3009; x_wconf 89' lang='lat' dir='ltr'>Principum,</span> <span class='ocrx_word' id='word_1_181' title='bbox 658 2926 704 2988; x_wconf 91' lang='lat' dir='ltr'>ad</span> <span class='ocrx_word' id='word_1_182' title='bbox 720 2946 824 3008; x_wconf 90' lang='lat' dir='ltr'>quam</span> <span class='ocrx_word' id='word_1_183' title='bbox 840 2924 995 2988; x_wconf 83' lang='lat' dir='ltr'>maxime</span> <span class='ocrx_word' id='word_1_184' title='bbox 1013 2925 1169 3006; x_wconf 91' lang='lat' dir='ltr'>anhelat,</span> <span class='ocrx_word' id='word_1_185' title='bbox 1193 2925 1344 3007; x_wconf 90' lang='lat' dir='ltr'>licuerit,</span> <span class='ocrx_word' id='word_1_186' title='bbox 1367 2925 1455 2988; x_wconf 92' lang='lat' dir='ltr'>illud</span> 
     </span>
     <span class='ocr_line' id='line_1_24' title="bbox 174 3032 397 3095; baseline 0 -1"><span class='ocrx_word' id='word_1_187' title='bbox 174 3032 397 3095; x_wconf 76' lang='lat' dir='ltr'>indictarum.</span> 
     </span>
    </p>

    <p class='ocr_par' dir='ltr' id='par_1_4' title="bbox 174 3137 1462 4935">
     <span class='ocr_line' id='line_1_25' title="bbox 266 3137 1456 3221; baseline 0.003 -21"><span class='ocrx_word' id='word_1_188' title='bbox 266 3138 403 3220; x_wconf 83' lang='lat' dir='ltr'>Quarto</span> <span class='ocrx_word' id='word_1_189' title='bbox 434 3159 505 3221; x_wconf 94' lang='lat' dir='ltr'>quo</span> <span class='ocrx_word' id='word_1_190' title='bbox 540 3140 587 3203; x_wconf 96' lang='lat' dir='ltr'>ad</span> <span class='ocrx_word' id='word_1_191' title='bbox 626 3159 846 3203; x_wconf 89' lang='lat' dir='ltr'>communem</span> <span class='ocrx_word' id='word_1_192' title='bbox 881 3138 1198 3221; x_wconf 83' lang='lat' dir='ltr'>congregationem</span> <span class='ocrx_word' id='word_1_193' title='bbox 1222 3137 1456 3203; x_wconf 86' lang='lat' dir='ltr'>Germanicae</span> 
     </span>
     <span class='ocr_line' id='line_1_26' title="bbox 174 3243 1457 3329; baseline -0.002 -18"><span class='ocrx_word' id='word_1_194' title='bbox 174 3246 340 3311; x_wconf 90' lang='lat' dir='ltr'>Nationis</span> <span class='ocrx_word' id='word_1_195' title='bbox 364 3247 399 3309; x_wconf 93' lang='lat' dir='ltr'>in</span> <span class='ocrx_word' id='word_1_196' title='bbox 425 3247 483 3309; x_wconf 90' lang='lat' dir='ltr'>die</span> <span class='ocrx_word' id='word_1_197' title='bbox 508 3246 590 3310; x_wconf 91' lang='lat' dir='ltr'>Divi</span> <span class='ocrx_word' id='word_1_198' title='bbox 614 3245 758 3309; x_wconf 92' lang='lat' dir='ltr'>Martini</span> <span class='ocrx_word' id='word_1_199' title='bbox 774 3247 938 3329; x_wconf 87' lang='lat' dir='ltr'>proxime</span> <span class='ocrx_word' id='word_1_200' title='bbox 955 3244 1063 3309; x_wconf 87' lang='lat' dir='ltr'>futuri</span> <span class='ocrx_word' id='word_1_201' title='bbox 1084 3244 1119 3307; x_wconf 93' lang='lat' dir='ltr'>in</span> <span class='ocrx_word' id='word_1_202' title='bbox 1135 3245 1280 3309; x_wconf 90' lang='lat' dir='ltr'>civitate</span> <span class='ocrx_word' id='word_1_203' title='bbox 1296 3243 1457 3329; x_wconf 87' lang='lat' dir='ltr'>Spirensi</span> 
     </span>
     <span class='ocr_line' id='line_1_27' title="bbox 175 3352 1458 3437; baseline 0 -20"><span class='ocrx_word' id='word_1_204' title='bbox 175 3354 348 3434; x_wconf 89' lang='lat' dir='ltr'>fiendam,</span> <span class='ocrx_word' id='word_1_205' title='bbox 380 3353 465 3417; x_wconf 92' lang='lat' dir='ltr'>mihi</span> <span class='ocrx_word' id='word_1_206' title='bbox 489 3354 586 3416; x_wconf 91' lang='lat' dir='ltr'>nullo</span> <span class='ocrx_word' id='word_1_207' title='bbox 611 3365 716 3436; x_wconf 90' lang='lat' dir='ltr'>pacto</span> <span class='ocrx_word' id='word_1_208' title='bbox 739 3353 881 3416; x_wconf 90' lang='lat' dir='ltr'>videtur</span> <span class='ocrx_word' id='word_1_209' title='bbox 906 3364 1140 3436; x_wconf 88' lang='lat' dir='ltr'>oportunum,</span> <span class='ocrx_word' id='word_1_210' title='bbox 1163 3362 1225 3415; x_wconf 89' lang='lat' dir='ltr'>aut</span> <span class='ocrx_word' id='word_1_211' title='bbox 1249 3352 1458 3437; x_wconf 77' lang='lat' dir='ltr'>expedienS,</span> 
     </span>
     <span class='ocr_line' id='line_1_28' title="bbox 177 3459 1458 3543; baseline -0.001 -19"><span class='ocrx_word' id='word_1_212' title='bbox 177 3462 239 3543; x_wconf 89' lang='lat' dir='ltr'>qui</span> <span class='ocrx_word' id='word_1_213' title='bbox 263 3461 345 3524; x_wconf 87' lang='lat' dir='ltr'>talis</span> <span class='ocrx_word' id='word_1_214' title='bbox 368 3461 603 3543; x_wconf 90' lang='lat' dir='ltr'>congregatio</span> <span class='ocrx_word' id='word_1_215' title='bbox 626 3460 689 3523; x_wconf 86' lang='lat' dir='ltr'>liat</span> <span class='ocrx_word' id='word_1_216' title='bbox 719 3469 866 3543; x_wconf 90' lang='lat' dir='ltr'>propter</span> <span class='ocrx_word' id='word_1_217' title='bbox 895 3462 1022 3522; x_wconf 89' lang='lat' dir='ltr'>multas</span> <span class='ocrx_word' id='word_1_218' title='bbox 1057 3459 1225 3523; x_wconf 86' lang='lat' dir='ltr'>rationes.</span> <span class='ocrx_word' id='word_1_219' title='bbox 1279 3460 1360 3523; x_wconf 95' lang='lat' dir='ltr'>Non</span> <span class='ocrx_word' id='word_1_220' title='bbox 1390 3460 1458 3524; x_wconf 93' lang='lat' dir='ltr'>nisi</span> 
     </span>
     <span class='ocr_line' id='line_1_29' title="bbox 175 3565 1457 3650; baseline -0.002 -17"><span class='ocrx_word' id='word_1_221' title='bbox 175 3570 394 3650; x_wconf 90' lang='lat' dir='ltr'>sperandum</span> <span class='ocrx_word' id='word_1_222' title='bbox 418 3576 473 3630; x_wconf 91' lang='lat' dir='ltr'>est</span> <span class='ocrx_word' id='word_1_223' title='bbox 500 3568 566 3631; x_wconf 87' lang='lat' dir='ltr'>hac</span> <span class='ocrx_word' id='word_1_224' title='bbox 598 3566 657 3629; x_wconf 90' lang='lat' dir='ltr'>via</span> <span class='ocrx_word' id='word_1_225' title='bbox 688 3566 797 3648; x_wconf 89' lang='lat' dir='ltr'>quieti</span> <span class='ocrx_word' id='word_1_226' title='bbox 822 3576 858 3631; x_wconf 91' lang='lat' dir='ltr'>et</span> <span class='ocrx_word' id='word_1_227' title='bbox 881 3565 1130 3649; x_wconf 89' lang='lat' dir='ltr'>tranquillitati</span> <span class='ocrx_word' id='word_1_228' title='bbox 1161 3566 1265 3630; x_wconf 91' lang='lat' dir='ltr'>huius</span> <span class='ocrx_word' id='word_1_229' title='bbox 1294 3567 1457 3631; x_wconf 87' lang='lat' dir='ltr'>Nationis</span> 
     </span>
     <span class='ocr_line' id='line_1_30' title="bbox 176 3672 1457 3757; baseline 0 -19"><span class='ocrx_word' id='word_1_230' title='bbox 176 3686 277 3739; x_wconf 88' lang='lat' dir='ltr'>recte</span> <span class='ocrx_word' id='word_1_231' title='bbox 302 3674 438 3738; x_wconf 92' lang='lat' dir='ltr'>consuli</span> <span class='ocrx_word' id='word_1_232' title='bbox 462 3694 579 3757; x_wconf 86' lang='lat' dir='ltr'>posse.</span> <span class='ocrx_word' id='word_1_233' title='bbox 625 3673 717 3736; x_wconf 90' lang='lat' dir='ltr'>Nam</span> <span class='ocrx_word' id='word_1_234' title='bbox 744 3672 779 3736; x_wconf 94' lang='lat' dir='ltr'>in</span> <span class='ocrx_word' id='word_1_235' title='bbox 808 3681 908 3737; x_wconf 87' lang='lat' dir='ltr'>tanto</span> <span class='ocrx_word' id='word_1_236' title='bbox 936 3674 1115 3736; x_wconf 89' lang='lat' dir='ltr'>hominum</span> <span class='ocrx_word' id='word_1_237' title='bbox 1147 3694 1313 3754; x_wconf 89' lang='lat' dir='ltr'>numer0,</span> <span class='ocrx_word' id='word_1_238' title='bbox 1343 3682 1378 3738; x_wconf 90' lang='lat' dir='ltr'>et</span> <span class='ocrx_word' id='word_1_239' title='bbox 1409 3676 1457 3738; x_wconf 93' lang='lat' dir='ltr'>di-</span> 
     </span>
     <span class='ocr_line' id='line_1_31' title="bbox 177 3780 1459 3865; baseline 0 -20"><span class='ocrx_word' id='word_1_240' title='bbox 177 3782 350 3846; x_wconf 89' lang='lat' dir='ltr'>versitate</span> <span class='ocrx_word' id='word_1_241' title='bbox 374 3782 576 3865; x_wconf 90' lang='lat' dir='ltr'>disceptare</span> <span class='ocrx_word' id='word_1_242' title='bbox 600 3781 645 3844; x_wconf 90' lang='lat' dir='ltr'>de</span> <span class='ocrx_word' id='word_1_243' title='bbox 668 3780 733 3862; x_wconf 92' lang='lat' dir='ltr'>iis,</span> <span class='ocrx_word' id='word_1_244' title='bbox 759 3801 849 3864; x_wconf 91' lang='lat' dir='ltr'>quae</span> <span class='ocrx_word' id='word_1_245' title='bbox 881 3781 1063 3865; x_wconf 87' lang='lat' dir='ltr'>pertinent</span> <span class='ocrx_word' id='word_1_246' title='bbox 1093 3781 1139 3843; x_wconf 94' lang='lat' dir='ltr'>ad</span> <span class='ocrx_word' id='word_1_247' title='bbox 1169 3780 1290 3863; x_wconf 86' lang='lat' dir='ltr'>fidem,</span> <span class='ocrx_word' id='word_1_248' title='bbox 1323 3782 1459 3865; x_wconf 89' lang='lat' dir='ltr'>pericu·</span> 
     </span>
     <span class='ocr_line' id='line_1_32' title="bbox 176 3887 1460 3971; baseline -0.001 -18"><span class='ocrx_word' id='word_1_249' title='bbox 176 3888 390 3953; x_wconf 90' lang='lat' dir='ltr'>losissimum</span> <span class='ocrx_word' id='word_1_250' title='bbox 415 3909 556 3971; x_wconf 89' lang='lat' dir='ltr'>semper</span> <span class='ocrx_word' id='word_1_251' title='bbox 579 3887 660 3969; x_wconf 84' lang='lat' dir='ltr'>suit,</span> <span class='ocrx_word' id='word_1_252' title='bbox 692 3888 774 3970; x_wconf 89' lang='lat' dir='ltr'>quia</span> <span class='ocrx_word' id='word_1_253' title='bbox 797 3908 978 3951; x_wconf 86' lang='lat' dir='ltr'>sacrarum</span> <span class='ocrx_word' id='word_1_254' title='bbox 1002 3888 1203 3951; x_wconf 88' lang='lat' dir='ltr'>licterarum</span> <span class='ocrx_word' id='word_1_255' title='bbox 1227 3887 1398 3970; x_wconf 90' lang='lat' dir='ltr'>imperiti,</span> <span class='ocrx_word' id='word_1_256' title='bbox 1423 3897 1460 3952; x_wconf 93' lang='lat' dir='ltr'>et</span> 
     </span>
     <span class='ocr_line' id='line_1_33' title="bbox 177 3994 1456 4078; baseline -0.001 -18"><span class='ocrx_word' id='word_1_257' title='bbox 177 3998 417 4060; x_wconf 91' lang='lat' dir='ltr'>Decretorum</span> <span class='ocrx_word' id='word_1_258' title='bbox 448 4005 592 4058; x_wconf 91' lang='lat' dir='ltr'>nostrae</span> <span class='ocrx_word' id='word_1_259' title='bbox 623 3994 807 4077; x_wconf 84' lang='lat' dir='ltr'>religionis</span> <span class='ocrx_word' id='word_1_260' title='bbox 843 4004 1034 4078; x_wconf 85' lang='lat' dir='ltr'>expertes,</span> <span class='ocrx_word' id='word_1_261' title='bbox 1068 3994 1156 4059; x_wconf 91' lang='lat' dir='ltr'>nihil</span> <span class='ocrx_word' id='word_1_262' title='bbox 1189 4004 1338 4077; x_wconf 89' lang='lat' dir='ltr'>possunt</span> <span class='ocrx_word' id='word_1_263' title='bbox 1368 4016 1456 4059; x_wconf 91' lang='lat' dir='ltr'>com·</span> 
     </span>
     <span class='ocr_line' id='line_1_34' title="bbox 177 4100 1460 4184; baseline -0.002 -17"><span class='ocrx_word' id='word_1_264' title='bbox 177 4104 287 4173; x_wconf 86' lang='lat' dir='ltr'>modo</span> <span class='ocrx_word' id='word_1_265' title='bbox 312 4103 357 4165; x_wconf 94' lang='lat' dir='ltr'>de</span> <span class='ocrx_word' id='word_1_266' title='bbox 380 4102 440 4183; x_wconf 90' lang='lat' dir='ltr'>iis,</span> <span class='ocrx_word' id='word_1_267' title='bbox 475 4122 566 4183; x_wconf 89' lang='lat' dir='ltr'>quae</span> <span class='ocrx_word' id='word_1_268' title='bbox 597 4103 643 4165; x_wconf 90' lang='lat' dir='ltr'>ad</span> <span class='ocrx_word' id='word_1_269' title='bbox 673 4100 779 4165; x_wconf 89' lang='lat' dir='ltr'>fidem</span> <span class='ocrx_word' id='word_1_270' title='bbox 804 4110 885 4166; x_wconf 91' lang='lat' dir='ltr'>sunt</span> <span class='ocrx_word' id='word_1_271' title='bbox 909 4111 1076 4166; x_wconf 85' lang='lat' dir='ltr'>statuere.</span> <span class='ocrx_word' id='word_1_272' title='bbox 1123 4101 1169 4164; x_wconf 87' lang='lat' dir='ltr'>Et</span> <span class='ocrx_word' id='word_1_273' title='bbox 1199 4102 1353 4166; x_wconf 86' lang='lat' dir='ltr'>maxime</span> <span class='ocrx_word' id='word_1_274' title='bbox 1377 4103 1460 4184; x_wconf 91' lang='lat' dir='ltr'>quia</span> 
     </span>
     <span class='ocr_line' id='line_1_35' title="bbox 178 4208 1459 4292; baseline 0.001 -19"><span class='ocrx_word' id='word_1_275' title='bbox 178 4210 432 4292; x_wconf 86' lang='lat' dir='ltr'>suspicandum</span> <span class='ocrx_word' id='word_1_276' title='bbox 459 4219 513 4272; x_wconf 90' lang='lat' dir='ltr'>est</span> <span class='ocrx_word' id='word_1_277' title='bbox 548 4209 630 4272; x_wconf 89' lang='lat' dir='ltr'>illuc</span> <span class='ocrx_word' id='word_1_278' title='bbox 654 4210 775 4292; x_wconf 90' lang='lat' dir='ltr'>plures</span> <span class='ocrx_word' id='word_1_279' title='bbox 799 4219 1038 4273; x_wconf 90' lang='lat' dir='ltr'>conventuros</span> <span class='ocrx_word' id='word_1_280' title='bbox 1070 4208 1187 4271; x_wconf 90' lang='lat' dir='ltr'>animo</span> <span class='ocrx_word' id='word_1_281' title='bbox 1215 4208 1251 4271; x_wconf 92' lang='lat' dir='ltr'>in</span> <span class='ocrx_word' id='word_1_282' title='bbox 1284 4210 1459 4274; x_wconf 88' lang='lat' dir='ltr'>baeresim</span> 
     </span>
     <span class='ocr_line' id='line_1_36' title="bbox 178 4315 1460 4399; baseline -0.001 -20"><span class='ocrx_word' id='word_1_283' title='bbox 178 4317 368 4397; x_wconf 90' lang='lat' dir='ltr'>inclinato,</span> <span class='ocrx_word' id='word_1_284' title='bbox 401 4315 532 4399; x_wconf 89' lang='lat' dir='ltr'>quique</span> <span class='ocrx_word' id='word_1_285' title='bbox 568 4317 638 4378; x_wconf 89' lang='lat' dir='ltr'>tum</span> <span class='ocrx_word' id='word_1_286' title='bbox 671 4318 789 4397; x_wconf 90' lang='lat' dir='ltr'>palam</span> <span class='ocrx_word' id='word_1_287' title='bbox 820 4337 996 4380; x_wconf 89' lang='lat' dir='ltr'>venenum</span> <span class='ocrx_word' id='word_1_288' title='bbox 1029 4316 1115 4378; x_wconf 90' lang='lat' dir='ltr'>illud</span> <span class='ocrx_word' id='word_1_289' title='bbox 1140 4316 1340 4398; x_wconf 88' lang='lat' dir='ltr'>proferent,</span> <span class='ocrx_word' id='word_1_290' title='bbox 1364 4318 1460 4398; x_wconf 92' lang='lat' dir='ltr'>quod</span> 
     </span>
     <span class='ocr_line' id='line_1_37' title="bbox 181 4422 1460 4507; baseline -0.002 -20"><span class='ocrx_word' id='word_1_291' title='bbox 181 4425 333 4506; x_wconf 86' lang='lat' dir='ltr'>egregie</span> <span class='ocrx_word' id='word_1_292' title='bbox 357 4423 472 4486; x_wconf 90' lang='lat' dir='ltr'>minus</span> <span class='ocrx_word' id='word_1_293' title='bbox 496 4442 589 4485; x_wconf 91' lang='lat' dir='ltr'>nunc</span> <span class='ocrx_word' id='word_1_294' title='bbox 614 4422 846 4488; x_wconf 90' lang='lat' dir='ltr'>dissimulant.</span> <span class='ocrx_word' id='word_1_295' title='bbox 892 4423 948 4487; x_wconf 91' lang='lat' dir='ltr'>Ac</span> <span class='ocrx_word' id='word_1_296' title='bbox 971 4433 1166 4506; x_wconf 91' lang='lat' dir='ltr'>propterea</span> <span class='ocrx_word' id='word_1_297' title='bbox 1192 4424 1271 4486; x_wconf 91' lang='lat' dir='ltr'>huic</span> <span class='ocrx_word' id='word_1_298' title='bbox 1301 4423 1460 4507; x_wconf 89' lang='lat' dir='ltr'>periculo</span> 
     </span>
     <span class='ocr_line' id='line_1_38' title="bbox 178 4529 1461 4612; baseline 0.001 -19"><span class='ocrx_word' id='word_1_299' title='bbox 178 4551 248 4593; x_wconf 90' lang='lat' dir='ltr'>nos</span> <span class='ocrx_word' id='word_1_300' title='bbox 271 4529 478 4593; x_wconf 90' lang='lat' dir='ltr'>submittere</span> <span class='ocrx_word' id='word_1_301' title='bbox 502 4549 573 4592; x_wconf 92' lang='lat' dir='ltr'>non</span> <span class='ocrx_word' id='word_1_302' title='bbox 598 4531 778 4593; x_wconf 90' lang='lat' dir='ltr'>debemus.</span> <span class='ocrx_word' id='word_1_303' title='bbox 833 4530 937 4610; x_wconf 83' lang='lat' dir='ltr'>Quod</span> <span class='ocrx_word' id='word_1_304' title='bbox 962 4530 991 4592; x_wconf 94' lang='lat' dir='ltr'>si</span> <span class='ocrx_word' id='word_1_305' title='bbox 1015 4529 1111 4612; x_wconf 93' lang='lat' dir='ltr'>quid,</span> <span class='ocrx_word' id='word_1_306' title='bbox 1135 4539 1174 4592; x_wconf 91' lang='lat' dir='ltr'>ut</span> <span class='ocrx_word' id='word_1_307' title='bbox 1196 4550 1305 4612; x_wconf 88' lang='lat' dir='ltr'>saepe</span> <span class='ocrx_word' id='word_1_308' title='bbox 1330 4532 1461 4612; x_wconf 90' lang='lat' dir='ltr'>evenit,</span> 
     </span>
     <span class='ocr_line' id='line_1_39' title="bbox 178 4636 1461 4719; baseline 0.002 -20"><span class='ocrx_word' id='word_1_309' title='bbox 178 4636 369 4719; x_wconf 89' lang='lat' dir='ltr'>impiorum</span> <span class='ocrx_word' id='word_1_310' title='bbox 397 4656 532 4699; x_wconf 88' lang='lat' dir='ltr'>summa</span> <span class='ocrx_word' id='word_1_311' title='bbox 555 4637 764 4717; x_wconf 89' lang='lat' dir='ltr'>prevalente</span> <span class='ocrx_word' id='word_1_312' title='bbox 780 4636 814 4699; x_wconf 92' lang='lat' dir='ltr'>in</span> <span class='ocrx_word' id='word_1_313' title='bbox 834 4656 876 4700; x_wconf 92' lang='lat' dir='ltr'>eo</span> <span class='ocrx_word' id='word_1_314' title='bbox 897 4645 1075 4700; x_wconf 90' lang='lat' dir='ltr'>conventu</span> <span class='ocrx_word' id='word_1_315' title='bbox 1098 4645 1313 4701; x_wconf 90' lang='lat' dir='ltr'>statueretur</span> <span class='ocrx_word' id='word_1_316' title='bbox 1337 4646 1461 4701; x_wconf 87' lang='lat' dir='ltr'>contra</span> 
     </span>
     <span class='ocr_line' id='line_1_40' title="bbox 180 4742 1460 4827; baseline 0.002 -20"><span class='ocrx_word' id='word_1_317' title='bbox 180 4764 304 4807; x_wconf 89' lang='lat' dir='ltr'>veram</span> <span class='ocrx_word' id='word_1_318' title='bbox 328 4742 559 4825; x_wconf 89' lang='lat' dir='ltr'>religionem,</span> <span class='ocrx_word' id='word_1_319' title='bbox 590 4742 626 4805; x_wconf 91' lang='lat' dir='ltr'>id</span> <span class='ocrx_word' id='word_1_320' title='bbox 662 4763 840 4824; x_wconf 90' lang='lat' dir='ltr'>nunquam</span> <span class='ocrx_word' id='word_1_321' title='bbox 872 4752 1000 4827; x_wconf 92' lang='lat' dir='ltr'>postea</span> <span class='ocrx_word' id='word_1_322' title='bbox 1023 4743 1101 4807; x_wconf 92' lang='lat' dir='ltr'>sine</span> <span class='ocrx_word' id='word_1_323' title='bbox 1124 4746 1255 4807; x_wconf 90' lang='lat' dir='ltr'>sudore</span> <span class='ocrx_word' id='word_1_324' title='bbox 1278 4745 1460 4810; x_wconf 89' lang='lat' dir='ltr'>obliterari</span> 
     </span>
     <span class='ocr_line' id='line_1_41' title="bbox 178 4849 1462 4935; baseline 0.001 -20"><span class='ocrx_word' id='word_1_325' title='bbox 178 4860 324 4935; x_wconf 88' lang='lat' dir='ltr'>posset,</span> <span class='ocrx_word' id='word_1_326' title='bbox 356 4849 530 4934; x_wconf 89' lang='lat' dir='ltr'>praedicti</span> <span class='ocrx_word' id='word_1_327' title='bbox 554 4860 750 4913; x_wconf 89' lang='lat' dir='ltr'>conventus</span> <span class='ocrx_word' id='word_1_328' title='bbox 773 4850 986 4914; x_wconf 88' lang='lat' dir='ltr'>auctoritate</span> <span class='ocrx_word' id='word_1_329' title='bbox 1008 4851 1189 4916; x_wconf 90' lang='lat' dir='ltr'>munitum.</span> <span class='ocrx_word' id='word_1_330' title='bbox 1236 4850 1389 4916; x_wconf 90' lang='lat' dir='ltr'>Accedit</span> <span class='ocrx_word' id='word_1_331' title='bbox 1410 4852 1462 4916; x_wconf 93' lang='lat' dir='ltr'>in·</span> 
     </span>
    </p>
   </div>
   <div class='ocr_carea' id='block_1_3' title="bbox 0 0 1801 5734">
    <p class='ocr_par' dir='ltr' id='par_1_5' title="bbox 0 0 1801 5734">
     <span class='ocr_line' id='line_1_42' title="bbox 0 0 1801 5734; baseline 0 0"><span class='ocrx_word' id='word_1_332' title='bbox 0 0 1801 5734; x_wconf 95' lang='lat' dir='ltr'> </span> 
     </span>
    </p>
   </div>
  </div>
 </body>
</html>
