3559 5734
817 457 1066 520 0-{3470ffl

300 606 446 696 pietate,
469 617 530 675 tua
554 610 754 675 constantia
785 633 824 675 ac
855 610 1062 693 integritate
1094 611 1245 674 clarius?
1284 630 1325 675 ac
1359 609 1485 695 gravia
1512 607 1583 694 qui·

301 723 383 784 dem
407 729 488 783 sunt
511 740 604 801 quae
635 730 670 782 te
702 720 850 800 cingunt
880 720 1056 802 pericula,
1087 720 1151 782 sed
1182 721 1307 783 eadem
1339 723 1491 802 gloriam
1521 720 1585 782 tibi

303 848 381 891 eam
405 827 754 908 benivolentiamque
778 827 939 909 pariunt,
969 826 1067 890 cuius
1102 826 1238 889 fructus
1262 848 1283 889 a
1306 837 1342 890 te
1366 828 1585 910 percipietur

302 935 548 1018 sempiternus.
595 935 670 997 Nos
694 934 763 997 tuis
787 934 914 997 litteris
938 934 1050 1016 lectis,
1082 943 1117 997 et
1147 936 1193 997 ad
1218 932 1488 998 Serenissimum
1518 934 1583 998 fra·

302 1053 392 1105 trem
415 1051 514 1104 tuum
538 1042 695 1104 scribere
719 1041 932 1104 instituimus
947 1051 983 1103 et
1004 1041 1149 1104 cumeis
1165 1041 1369 1124 Principum
1384 1042 1585 1104 oratoribus

302 1148 362 1232 qui
386 1150 482 1231 apud
506 1169 572 1212 nos
596 1158 678 1211 sunt
701 1150 932 1211 vehementer
959 1146 1110 1229 egimus,
1143 1159 1181 1210 ut
1204 1169 1270 1230 pro
1294 1170 1358 1212 sua
1380 1161 1485 1231 parte
1508 1151 1584 1211 hor·

302 1266 462 1320 tarentur
477 1277 571 1337 suos,
595 1266 633 1318 ut
656 1257 702 1319 ad
718 1258 808 1319 haec
832 1257 987 1320 arcenda
1011 1256 1170 1338 pericula
1194 1257 1288 1319 ferre
1311 1256 1504 1319 subsidium
1529 1276 1585 1318 ve-

303 1364 384 1437 lint;
413 1363 449 1426 in
480 1383 549 1445 quo
581 1362 736 1425 maxima
769 1373 823 1427 est
851 1362 1016 1426 Caesaris
1048 1362 1256 1444 auctoritas,
1287 1363 1440 1426 facultas
1469 1374 1586 1425 autem

305 1469 460 1532 omnium
492 1479 528 1532 et
555 1471 720 1532 voluntas
749 1479 845 1533 esset
875 1470 1004 1551 maior,
1034 1469 1063 1532 si
1093 1491 1163 1552 quo
1195 1471 1300 1532 modo
1331 1482 1392 1533 aut
1422 1468 1587 1551 componi

304 1574 394 1639 fida
410 1597 501 1658 pax,
533 1586 594 1639 aut
623 1575 772 1640 induciis
802 1577 904 1658 quies
928 1576 1005 1639 dari
1029 1576 1169 1640 afflictis
1193 1588 1229 1640 et
1253 1578 1496 1640 dubitantibus
1526 1597 1586 1659 po·

304 1682 399 1765 pulis
422 1682 544 1764 possit,
569 1683 698 1764 inqua
721 1704 811 1765 pace
836 1685 1020 1747 suadenda
1044 1695 1126 1747 tuae
1150 1684 1343 1767 praecipue
1359 1705 1438 1747 esse
1455 1685 1587 1747 debent

305 1799 436 1871 partes
483 1789 574 1851 Illud
600 1798 636 1851 et
658 1792 831 1854 vellemus
856 1801 891 1854 et
915 1793 1130 1854 consulimus
1155 1790 1229 1870 tibi,
1253 1802 1292 1854 ut
1316 1791 1392 1855 eius
1407 1792 1588 1854 exercitus

263 1944 265 1948 .
304 1896 453 1959 fraterni
478 1898 537 1978 qui
560 1896 647 1959 locis
671 1896 740 1960 tuis
763 1898 986 1980 propinquus
1010 1908 1064 1962 est
1095 1919 1206 1980 opera
1234 1908 1270 1961 et
1302 1898 1435 1961 auxilio
1465 1897 1516 1960 uti
1551 1899 1587 1960 in

305 2012 404 2065 tanta
427 2023 465 2065 re
489 2002 590 2084 velis,
615 2023 693 2066 cum
717 2024 858 2086 semper
882 2004 915 2068 ei
939 2005 1097 2087 periculo
1122 2006 1217 2086 quod
1242 2025 1414 2086 praesens
1435 2005 1587 2069 maxime

273 2193 274 2200 ἵ
306 2120 360 2173 est
391 2109 672 2173 subveniendum
697 2111 751 2191 sit,
780 2120 816 2174 et
847 2132 969 2175 omnes
997 2111 1210 2174 intellecturi
1243 2111 1312 2175 sint
1340 2112 1460 2175 Nobl⁰¹¹
1491 2123 1587 2175 tuam

304 2237 390 2280 vere
414 2227 521 2299 atque
553 2238 599 2280 ex
622 2218 739 2280 animo
765 2220 811 2280 ad
841 2220 1118 2282 succurrendum
1146 2218 1314 2300 periculis
1343 2219 1587 2282 communibus

306 2324 415 2387 totius
435 2323 649 2389 Germaniae
672 2325 844 2388 intentam
868 2336 904 2389 et
924 2335 1085 2407 paratam
1110 2347 1207 2398 esse;
1232 2326 1321 2389 sicut
1344 2327 1448 2389 latius
1471 2336 1587 2390 tecum

306 2430 365 2495 dil.
397 2431 489 2495 filius
513 2432 754 2512 Hieronymus
777 2432 954 2495 Rorarius
987 2433 1133 2496 nuncius
1162 2442 1284 2496 noster
1300 2443 1422 2495 nostro
1446 2434 1587 2496 nomine

305 2548 400 2620 aget,
425 2539 482 2602 cui
504 2537 624 2601 Nobffl
636 2549 697 2600 tua
720 2537 826 2602 fidem
851 2560 991 2602 omnem
1014 2540 1171 2603 habebit.

394 2645 525 2708 Datum
549 2646 691 2709 Romae
714 2656 780 2712 etc.
806 2647 944 2710 XXIX
964 2648 1051 2710 Maii
1066 2647 1257 2710 MDXXV
1282 2648 1390 2711 Anno
1408 2646 1586 2711 Secundo

840 2889 1044 2902 smvvvwvwmv»

907 3200 983 3265 217.

566 3315 761 3418 Episcopus
789 3315 1021 3397 Tridentinus
1049 3315 1222 3396 Clementi
1249 3316 1328 3398 m

740 3463 839 3538 (aput.
855 3464 943 3538 prinu
961 3463 1012 3523 m
1030 3463 1075 3523 fol
1093 3462 1162 3535 itt.)

820 3595 872 3655 (30.
893 3593 960 3641 Maii
981 3595 1066 3655 1525l

398 3727 610 3791 Beatissime
634 3727 743 3790 Pater
772 3725 927 3789 Domine
960 3724 1007 3788 mi
1038 3724 1313 3806 Colendissime,
1345 3735 1428 3808 post
1455 3728 1586 3808 pedum

308 3840 491 3899 beatorum
517 3837 638 3898 oscula
665 3833 893 3897 humillimam
912 3832 1254 3895 commendationem
1278 3842 1314 3895 et
1337 3833 1588 3914 obsequiorum

310 3963 468 4006 meorum
491 3942 719 4006 oblationem.
744 3939 829 4003 Vidi
854 3939 939 4021 quid
963 3940 1008 4001 ad
1032 3960 1089 4002 me
1113 3939 1305 4002 Beatitudo
1318 3939 1449 4002 Vestra
1482 3941 1587 4022 scrip·

310 4049 395 4113 serit
418 4069 483 4132 per
506 4052 617 4113 breve
642 4069 741 4111 suum
766 4047 823 4111 die
848 4046 1081 4109 decimanona
1104 4047 1224 4128 huius,
1256 4048 1351 4128 quod
1376 4047 1422 4108 ad
1446 4067 1502 4109 me
1525 4067 1590 4129 per

310 4157 485 4221 Nuncium
510 4155 618 4220 Suum
642 4155 836 4219 Rorarium
859 4176 904 4218 ex
928 4154 1131 4236 Insprugga
1154 4154 1297 4218 missum
1320 4153 1427 4217 hodie
1457 4154 1589 4237 accepi.

310 4264 400 4345 Ego,
417 4264 507 4326 sicut
523 4263 601 4344 ipsa
618 4262 809 4342 desiderat,
833 4282 972 4324 omnem
998 4282 1144 4343 operam
1167 4263 1314 4326 duturus
1329 4282 1416 4342 sum,
1440 4282 1510 4343 quo
1536 4282 1591 4324 me

311 4381 484 4453 agnoscat
507 4380 579 4433 tam
602 4369 767 4451 suiipsius
791 4368 1095 4448 studiosissimum,
1119 4390 1224 4451 quam
1251 4368 1357 4432 etiam
1373 4366 1478 4432 Sedis
1494 4369 1590 4450 Apo-

313 4477 460 4539 stolicae
491 4479 758 4540 observatorem
790 4475 1116 4559 vigilantissimum,
1150 4485 1189 4539 ut
1219 4496 1265 4538 ne
1296 4475 1381 4557 quid
1412 4475 1591 4539 minimum

314 4584 456 4666 quidem
480 4585 526 4647 de
548 4604 628 4646 mea
651 4603 740 4666 erga
763 4603 802 4645 se
825 4581 897 4645 fide
930 4591 967 4645 et
998 4582 1195 4646 devocione
1229 4583 1418 4664 depereat,
1450 4582 1592 4645 minime

315 4711 469 4772 unquam
515 4690 827 4773 praetermissurus
876 4689 961 4771 quin
1005 4689 1120 4753 eidem
1166 4699 1372 4753 reverenter
1407 4689 1592 4752 enunciem

315 4818 535 4881 quecumque
558 4798 604 4860 ad
640 4797 850 4878 dignitatem
875 4817 972 4859 suam
1003 4798 1061 4859 vel
1090 4797 1257 4859 tuendam
1288 4800 1347 4859 vel
1377 4796 1592 4878 amplifican-
