3559 5734
815 516 1062 576 *butor

302 665 519 730 Deferuntur
542 664 683 748 quidem
709 667 753 729 ad
779 686 843 728 nos
878 667 1028 748 primum
1062 686 1108 728 ex
1142 663 1236 727 omni
1266 675 1370 748 parte
1403 663 1579 745 querelae,

303 795 367 837 nec
398 774 583 855 quicquam
617 773 686 836 iam
722 773 881 836 crebrius
922 793 1026 835 aures
1065 779 1208 836 nostrae
1244 771 1446 854 percipiunt
1476 788 1581 851 quam

301 882 513 963 oppidorum
538 880 806 943 christianorum
831 879 1061 961 direptiones,
1086 878 1267 942 hominum
1291 879 1464 961 praedas,
1488 875 1579 940 exci-

302 990 360 1051 dia
385 1008 568 1070 agrorum:
594 1007 672 1049 cum
697 986 855 1068 quotidie
881 987 958 1050 fere
973 986 1180 1049 miserorum
1204 985 1412 1067 sanguinem
1437 983 1581 1062 effundi,

301 1097 396 1159 viros
421 1107 456 1158 et
479 1095 638 1176 virgines
661 1094 697 1157 in
722 1095 937 1158 teterrimam
966 1093 1173 1157 servitutem
1198 1092 1373 1168 abstrahi;
1407 1095 1514 1156 urbes
1547 1100 1582 1155 et

302 1202 436 1284 oppida
459 1201 538 1282 capi
563 1201 757 1264 audiamus.
805 1199 877 1264 Sed
904 1200 937 1262 in
963 1201 1018 1263 his
1042 1201 1143 1263 malis
1167 1201 1254 1263 illud
1278 1202 1385 1281 longe
1416 1199 1581 1280 gravissi·

302 1330 393 1372 mum
418 1310 546 1370 malum
571 1318 635 1387 est,
660 1309 755 1389 quod
779 1307 841 1388 qui
863 1308 1023 1390 periculo
1053 1305 1206 1389 proximi
1231 1317 1329 1384 sunt,
1353 1327 1503 1389 quorum
1529 1316 1582 1368 est

301 1416 497 1498 periculum
523 1436 601 1477 cum
627 1429 747 1477 nostro
773 1414 1014 1477 coniunctum:
1053 1414 1076 1475 ii
1106 1422 1273 1495 tanquam
1307 1413 1428 1477 laetali
1458 1434 1581 1476 somno

301 1523 475 1606 oppressi,
500 1524 631 1584 nullam
655 1522 823 1584 videntur
845 1523 976 1585 ducere
1000 1521 1053 1583 sui
1072 1520 1262 1603 propinqui
1279 1520 1380 1584 exitii
1397 1520 1581 1586 rationem.

304 1632 424 1711 Atque
449 1630 516 1691 hoc
543 1630 669 1690 malum
698 1639 883 1690 externum
909 1637 978 1701 est;
1010 1628 1093 1710 quid
1118 1628 1206 1691 illud
1229 1628 1433 1691 intestinum
1456 1647 1498 1691 ac
1523 1628 1582 1690 do·

302 1736 502 1814 mesticum,
534 1755 603 1816 quo
635 1736 768 1798 nullum
792 1734 905 1799 maius
929 1754 1045 1817 neque
1072 1734 1305 1816 perniciosius
1333 1736 1405 1799 ulla
1428 1755 1582 1818 unquam

301 1843 442 1924 aspexit
467 1845 587 1905 aetas?
619 1844 713 1924 quod
745 1852 805 1904 tua
837 1839 1030 1905 Germania
1058 1841 1165 1904 tantis
1194 1841 1263 1904 iam
1288 1842 1448 1905 cladibus
1472 1853 1508 1905 et
1531 1863 1582 1906 se·

302 1951 496 2013 ditionibus
519 1948 679 2012 involuta
703 1959 767 2029 est,
800 1959 839 2010 ut
862 1969 966 2012 nemo
991 1947 1027 2011 in
1052 1969 1095 2011 ea
1118 1948 1188 2010 iam
1212 1948 1258 2010 sit
1283 1948 1343 2029 qui
1365 1951 1498 2012 habeat
1522 1969 1580 2012 ex·

303 2060 476 2140 ploratum
492 2057 666 2119 rationem
690 2076 761 2118 non
778 2058 892 2118 solum
909 2054 1104 2138 dignitatis,
1128 2057 1193 2118 sed
1209 2055 1316 2119 etiam
1332 2056 1455 2119 salutis
1479 2076 1581 2128 suae;

302 2164 478 2227 increbuit
502 2162 654 2226 enimin
679 2162 806 2226 animis
829 2162 1071 2244 imperitarum
1094 2162 1251 2245 plebium
1276 2162 1375 2226 furor
1407 2162 1583 2226 immissus

302 2270 371 2333 illis
408 2292 426 2333 a
464 2271 531 2332 Dei
565 2272 668 2333 hoste
692 2279 729 2333 et
757 2269 833 2333 eius
865 2270 978 2333 hostis
1013 2269 1180 2333 ministris
1210 2269 1394 2351 impiarum
1418 2271 1584 2334 heresum

302 2378 523 2452 auctoribus;
568 2398 633 2460 per
676 2399 780 2458 quem
828 2377 1131 2440 coniurationibus
1172 2376 1318 2440 nefariis
1359 2378 1584 2459 popularium

303 2485 416 2548 omnis
440 2485 608 2548 nobilitas
644 2495 679 2548 et
712 2485 825 2548 omnis
856 2487 945 2548 ordo
981 2485 1242 2549 ecclesiasticus
1278 2484 1314 2547 in
1354 2484 1500 2548 exitium
1524 2506 1583 2548 vo·

302 2602 420 2662 catur;
460 2593 519 2674 qui
556 2592 655 2655 furor
694 2612 861 2674 quorsum
898 2592 1097 2675 irrupturos
1131 2591 1176 2654 sit
1211 2592 1370 2673 graviter
1401 2591 1583 2674 pertimes-

303 2700 455 2763 cendum
495 2712 567 2780 est,
605 2719 675 2761 non
711 2698 802 2761 enim
837 2698 1013 2761 cernimus
1049 2697 1155 2762 finem
1192 2718 1257 2761 nec
1289 2700 1448 2766 modum.
1511 2695 1584 2760 Sed

302 2828 368 2889 per
406 2807 522 2869 Deum
558 2805 805 2885 immortalem,
842 2804 871 2866 si
911 2806 1019 2868 tantis
1060 2804 1319 2868 calamitatibus
1356 2803 1512 2868 afflictae
1549 2813 1583 2867 et

302 2914 465 2996 perditae
490 2913 703 2976 christianae
729 2911 946 2993 reipublicae
970 2912 1077 2974 celeri
1106 2911 1205 2993 pacis
1229 2911 1386 2974 remedio
1409 2932 1479 2975 non
1506 2913 1582 2974 sub·

302 3021 482 3101 veniatur,
519 3019 603 3102 quid
638 3019 780 3081 tandem
817 3018 894 3099 spei
926 3029 986 3081 aut
1014 3018 1137 3081 salutis
1170 3017 1342 3098 reliquum
1373 3018 1477 3081 nobis
1505 3038 1582 3081 esse

303 3130 445 3210 potest?
469 3127 548 3209 quis
572 3146 659 3190 vero
685 3126 773 3188 alius
797 3145 897 3206 pacis
922 3135 957 3188 et
981 3124 1102 3187 auxilii
1127 3135 1271 3205 praeter
1294 3134 1329 3187 te
1353 3124 1504 3188 idoneus
1533 3125 1580 3188 iu·

303 3245 401 3298 turus
442 3245 496 3296 est
537 3244 661 3296 auctor
696 3233 755 3312 qui
791 3232 949 3295 eiusdem
987 3232 1055 3295 Dei
1096 3230 1358 3313 Omnipotentis
1397 3231 1582 3311 benefici0,

303 3342 410 3405 tantis
441 3362 461 3405 e
496 3342 599 3404 coelo
638 3339 842 3403 muneribus
874 3362 913 3402 es
943 3339 1152 3418 illustratus,
1188 3351 1226 3401 ut
1263 3338 1367 3403 facile
1400 3352 1584 3422 appareat,

304 3446 523 3529 quaesivisse
548 3446 616 3509 sibi
640 3447 754 3508 Deum
779 3447 973 3509 secundum
998 3466 1182 3509 corsuum
1207 3445 1349 3527 Regem
1381 3466 1487 3509 unum
1511 3457 1582 3509 tan·

304 3575 409 3635 quam
435 3555 583 3616 alterum
608 3552 784 3617 Davidem
808 3553 868 3635 qui
892 3553 960 3616 Dei
984 3555 1108 3617 hostes
1132 3561 1310 3626 conterat;
1339 3554 1481 3635 populis
1501 3552 1581 3617 fide·

304 3660 396 3722 libus
419 3667 563 3742 parcat:
597 3658 704 3722 Cuius
728 3670 766 3722 tu
790 3660 858 3723 Dei
883 3671 919 3724 et
947 3671 1096 3742 propter
1119 3659 1286 3722 virtutem
1310 3680 1351 3722 ae
1375 3659 1583 3743 religionem

305 3766 521 3849 amplissima
544 3766 719 3830 beneficia
753 3767 930 3846 meruisti,
964 3776 999 3830 et
1034 3767 1110 3830 eius
1144 3766 1403 3831 beneficentiae
1437 3779 1585 3851 propter

305 3875 476 3957 pietatem
499 3886 624 3956 gratus
648 3894 727 3937 esse
752 3874 823 3956 vis,
847 3877 894 3937 ad
918 3875 1088 3956 pacisque
1112 3874 1261 3937 consilia
1283 3874 1430 3957 aspiras,
1455 3895 1499 3938 ac
1519 3896 1585 3958 pro

305 3993 365 4043 tua
389 3980 561 4061 singulari
585 3980 760 4062 sapientia
793 3979 927 4062 optime
961 3981 1077 4045 cernis
1107 3981 1265 4045 remedia
1298 3992 1334 4046 et
1366 3981 1501 4045 auxilia
1535 3993 1586 4045 tot

304 4087 514 4171 perniciosis
537 4087 806 4151 christianitatis
822 4088 984 4151 cladibus
999 4089 1256 4172 quamprimum
1278 4110 1356 4152 esse
1373 4091 1586 4153 necessaria.

306 4195 379 4258 Sed
415 4206 454 4256 ut
486 4193 661 4257 voluntati
697 4204 778 4257 tuae
812 4196 912 4258 locus
944 4196 1006 4276 sit,
1045 4206 1083 4259 ut
1120 4198 1216 4278 quod
1250 4195 1515 4279 religiosissime
1552 4209 1588 4260 et

305 4300 595 4365 christianissime
631 4300 842 4383 designasti,
877 4322 987 4384 opere
1025 4310 1061 4366 et
1095 4303 1191 4367 facto
1223 4305 1420 4386 compleas;
1452 4303 1587 4368 idcirco

305 4409 393 4471 haec
419 4417 473 4471 est
497 4429 518 4471 a
541 4408 646 4472 nobis
661 4417 778 4472 tecum
791 4419 959 4492 suscepta
974 4410 1193 4484 adhortati03
1209 4408 1419 4474 confidimus
1433 4411 1587 4475 maxime

305 4515 457 4579 bonitati
481 4526 582 4581 tuae:
608 4517 800 4580 deferimus
824 4517 965 4599 virtuti,
990 4517 1216 4599 prudentiam
1232 4538 1373 4600 quoque
1398 4526 1433 4580 et
1452 4519 1585 4601 magni·

306 4622 463 4686 tudinem
493 4622 600 4686 animi
634 4623 893 4706 cognoscimus.
949 4624 1023 4688 Sed
1055 4624 1084 4687 si
1114 4624 1239 4688 honori
1271 4635 1307 4688 et
1334 4625 1470 4706 gloriae
1503 4635 1586 4690 tuae

306 4729 527 4794 satisfactum
552 4750 574 4793 a
597 4731 676 4793 Deo
700 4740 765 4811 est,
789 4730 819 4794 si
843 4752 935 4813 quae
959 4731 1099 4814 pristini
1132 4731 1218 4795 belli
1249 4741 1285 4795 et
1320 4733 1586 4796 controversiae

306 4857 414 4902 causa
436 4835 514 4919 fuit,
540 4857 583 4899 ea
607 4846 661 4899 est
685 4846 721 4898 et
744 4847 805 4900 tua
833 4837 965 4921 insigni
997 4838 1167 4921 victoria,
1198 4849 1233 4901 et
1264 4838 1421 4921 ipsorum
1450 4839 1585 4906 confes·
