3559 5734
695 509 942 585 &aie-r

181 670 249 736 Dei
273 671 326 736 ira
354 671 544 737 immissum
581 682 653 754 est,
685 675 757 737 ulla
789 682 913 737 nostra
944 672 1166 756 negligentia
1194 672 1231 737 in
1264 676 1459 737 extremam

182 780 404 845 Christianae
427 781 480 844 rei
509 779 704 865 perniciem
735 789 931 845 excrescat.
987 779 1065 862 Qua
1096 781 1132 843 in
1164 800 1204 843 re
1235 779 1460 844 considerare

181 890 291 952 debet
322 888 491 970 Majestas
525 889 602 951 Tua
631 886 864 951 immortalem
898 888 1028 967 Deum,
1061 887 1357 969 quemadmodum
1390 890 1460 951 duo

181 996 243 1059 illa
265 1015 397 1077 magna
431 995 465 1058 in
491 996 592 1059 coelo
623 993 809 1058 luminaria
833 992 1059 1057 dimetiendis
1087 993 1213 1063 diebus
1237 1002 1273 1057 et
1296 995 1461 1077 tempori·

180 1106 248 1167 bus
281 1102 474 1185 praefecit,
510 1102 560 1165 ita
595 1111 630 1165 et
652 1101 688 1165 in
711 1103 816 1166 terris
839 1101 1076 1185 gubernando
1101 1100 1302 1165 Christiano
1326 1103 1460 1184 populo

182 1231 269 1294 prae
303 1209 457 1272 coeteris
481 1209 727 1291 Apostolicam
756 1218 792 1271 et
816 1208 1027 1272 Caesaream
1052 1206 1261 1289 dignitatem
1291 1207 1462 1272 immensa

183 1338 246 1381 sua
268 1316 459 1399 prudentia
482 1315 727 1398 constituisse,
758 1314 874 1397 illam,
906 1324 945 1377 ut
974 1322 1111 1378 mentes
1142 1315 1323 1379 hominum
1347 1335 1461 1379 sacra-

184 1424 312 1488 mentis
334 1422 436 1504 fidei,
461 1423 581 1486 divino
606 1424 719 1503 cultu,
742 1421 918 1504 bonisque
942 1420 1101 1485 moribus
1123 1421 1333 1504 illustraret,
1357 1425 1461 1504 hanc,

184 1541 221 1594 ut
244 1551 334 1613 quos
364 1529 431 1605 illa¹
454 1530 703 1594 inobedientes
741 1537 777 1592 et
806 1527 1001 1611 iniquitatis
1027 1527 1120 1591 filios
1151 1536 1187 1591 et
1216 1529 1403 1612 presertim
1426 1530 1464 1594 in

183 1637 364 1701 haeretica
394 1638 475 1700 labe
499 1637 716 1718 obstinatos,
750 1645 875 1719 utpote
899 1635 1120 1718 perniciosas
1144 1635 1273 1717 stirpes
1294 1636 1463 1699 radicitus

184 1744 404 1809 excidendas
426 1744 629 1827 indicasset,
654 1743 889 1825 gravioribus,
915 1763 956 1805 ac
981 1741 1087 1805 etiam
1102 1741 1315 1825 capitalibus
1331 1744 1461 1826 suppli·

182 1852 246 1917 ciis
277 1861 469 1916 coerceret.
525 1851 571 1914 Et
605 1851 769 1934 profecto
802 1850 832 1913 si
869 1849 949 1931 quis
972 1870 1045 1912 rem
1071 1870 1209 1913 omnem
1241 1851 1333 1913 hanc
1365 1860 1463 1914 recte

182 1960 403 2044 perpendat,
436 1958 562 2022 merito
595 1957 774 2021 videbitur
807 1955 1019 2039 Apostolica
1050 1952 1163 2021 Sedes
1193 1957 1260 2020 hac
1293 1956 1328 2019 in
1360 1967 1463 2039 parte

183 2087 247 2131 suo
271 2085 417 2129 munere
441 2064 641 2147 perfuncta,
665 2063 694 2127 si
718 2064 860 2146 quidem
884 2062 978 2125 idem
1003 2061 1077 2124 Leo
1102 2062 1271 2127 Pontifex
1296 2066 1342 2126 ab
1364 2063 1463 2128 initio

184 2173 303 2237 statim
325 2172 428 2236 huius
451 2173 543 2252 muli,
568 2192 673 2253 quam
690 2172 750 2234 diu
770 2172 805 2234 in
824 2170 985 2233 humanis
1005 2170 1090 2251 egit,
1114 2171 1247 2234 nullum
1270 2171 1464 2235 remedium

186 2280 314 2363 omisit,
338 2281 435 2363 quod
458 2280 505 2343 ad
529 2278 723 2342 curandum
745 2279 838 2340 hunc
862 2279 1024 2341 morbum
1048 2277 1167 2340 facere
1182 2277 1373 2343 videretur.
1419 2278 1465 2342 Et

185 2409 269 2453 mox
294 2396 437 2451 secutus
461 2385 643 2449 Adrianus
661 2382 792 2449 Sextus
815 2386 907 2447 hanc
932 2386 979 2447 ob
1003 2404 1145 2447 causam
1169 2385 1343 2449 Nuncium
1368 2387 1463 2470 Apo·

185 2494 349 2559 stolicum
372 2495 418 2557 ad
443 2492 629 2575 Principes
652 2492 875 2574 populosque
897 2488 1123 2571 Germaniae,
1147 2491 1221 2554 Nos
1244 2512 1331 2556 vero
1357 2492 1465 2557 etiam

186 2603 362 2685 Legatum
386 2602 431 2663 de
455 2601 567 2663 latere
591 2599 758 2662 dilectum
786 2596 895 2661 filium
927 2607 1084 2661 nostrum
1117 2596 1342 2662 Cardinalem
1366 2599 1464 2664 Cam·

185 2708 348 2793 pegium,
377 2726 513 2770 summa
536 2705 732 2788 probitate,
757 2702 962 2787 prudentia,
991 2711 1026 2766 et
1050 2704 1213 2768 doctrina
1237 2704 1360 2786 virum,
1384 2726 1464 2789 pro·

185 2816 281 2881 xime
304 2814 478 2879 misimus:
513 2814 543 2876 si
566 2833 637 2894 qua
659 2811 736 2876 fieri
760 2819 883 2894 posset
906 2798 944 2873 ut
968 2810 1126 2891 blandis,
1158 2811 1371 2896 mitibusque
1395 2834 1464 2878 me·

187 2922 405 3001 dicamentis,
430 2940 520 3002 quae
544 2940 631 2983 oves
654 2921 721 2983 hac
744 2917 1044 3002 perniciosissima
1059 2921 1141 2982 labe
1158 2928 1277 2984 essent
1299 2919 1465 3004 infectae,

187 3037 408 3093 sanarentur.
447 3024 522 3091 Sed
537 3047 643 3108 quum
657 3026 725 3088 hac
746 3025 805 3088 via
822 3045 926 3107 quam
951 3033 1139 3108 tantopere
1163 3026 1464 3110 desiderabamus,

187 3135 272 3200 nihil
296 3133 570 3218 profecerimus,
602 3131 777 3214 reliquum
801 3140 871 3212 est,
897 3140 935 3194 ut
959 3132 1054 3214 quod
1078 3132 1147 3196 iam
1173 3133 1218 3196 ad
1241 3133 1465 3216 Majestatem

187 3244 298 3307 Tuam
322 3239 542 3324 potissimum
566 3239 736 3321 pertinet,
761 3238 942 3320 aliquanto
967 3238 1107 3303 acriora
1130 3240 1388 3305 medicamenta
1406 3242 1464 3304 ad·

187 3350 386 3414 hibeantur.
432 3346 538 3410 Inviti
561 3347 598 3409 id
623 3345 764 3428 quidem
789 3343 902 3431 (Deus
925 3344 1005 3426 scit)
1040 3347 1103 3408 sed
1134 3356 1173 3408 ut
1202 3347 1308 3429 periti
1338 3347 1466 3411 medici

188 3458 307 3521 facere
331 3459 465 3537 solent,
489 3456 696 3535 suademus,
727 3474 772 3516 ne
796 3452 825 3516 si
849 3452 980 3515 diutius
1003 3453 1083 3515 hoc.
1097 3453 1296 3517 carcinoma
1320 3475 1466 3538 serpere

186 3563 428 3648 permittatur,
451 3571 564 3624 totum
588 3559 763 3624 Dominici
788 3561 912 3643 gregis
935 3581 1064 3644 corpus
1088 3569 1360 3643 computrescat.
1406 3562 1467 3625 Ad

186 3674 253 3735 hoc
278 3681 314 3734 te
344 3679 416 3733 tam
437 3678 614 3749 sanctum,
647 3677 790 3749 tamque
818 3667 999 3730 laudabile
1030 3666 1168 3730 facinus
1198 3669 1467 3752 agrediendum,

187 3799 258 3843 non
282 3777 387 3841 modo
412 3775 602 3857 Imperiale
627 3773 781 3838 officium
805 3794 928 3838 verum
953 3773 1059 3837 etiam
1083 3775 1356 3840 Praecessorum
1391 3788 1467 3840 tuo·

187 3905 264 3948 rum
296 3881 671 3946 christianissimorum
701 3880 959 3963 Imperatorum
1001 3883 1166 3963 exempla
1205 3902 1275 3945 non
1314 3882 1466 3947 invitare

188 3994 317 4072 solum,
352 3990 417 4053 sed
446 4000 482 4052 et
505 3988 653 4051 incitare
685 3990 834 4053 debent:
872 3987 903 4050 si
931 3988 1074 4069 quidem
1105 3987 1373 4070 Constantinus,
1407 3991 1466 4071 qui

187 4098 321 4181 prImus
345 4095 569 4180 Imperialem
593 4093 725 4158 Sedem
749 4094 785 4156 in
810 4092 993 4159 Orientem
1018 4096 1215 4177 transtulit,
1246 4102 1282 4159 et
1304 4097 1466 4160 Theodo-

188 4206 260 4269 sius
283 4202 496 4268 sanctissimi
520 4201 758 4284 Imperatores
781 4201 817 4264 in
841 4201 1066 4283 extirpandis
1090 4202 1230 4284 ariana,
1261 4215 1296 4265 et
1320 4203 1467 4266 nestori·

188 4333 256 4376 ana
271 4308 480 4374 haeresibus
495 4329 565 4372 non
581 4308 694 4371 minus
709 4307 826 4370 ferrea
843 4308 948 4391 virga
961 4307 1195 4372 Christianam
1210 4309 1466 4392 rempublicam

187 4420 370 4499 iuverunt,
403 4437 507 4498 quam
522 4412 571 4479 'in
597 4414 761 4480 Consiliis
792 4416 838 4476 ob
869 4416 961 4477 hanc
986 4436 1128 4480 causam
1152 4416 1342 4480 autoritate
1365 4418 1467 4499 hujus

190 4525 421 4609 Apostolicae
457 4521 562 4586 Sedis
600 4520 831 4605 congregatis
864 4530 988 4584 contra
1022 4522 1282 4587 haereticorum
1314 4524 1467 4606 impetus

190 4630 330 4695 Sanctis
362 4629 523 4713 patribus
555 4650 620 4692 sua
650 4627 832 4710 presentia
864 4636 972 4691 antea
1003 4628 1224 4695 adstiterant.
1276 4631 1397 4713 Atque
1429 4640 1467 4694 ut

191 4741 236 4801 ab
260 4737 504 4803 Orientalibus
527 4738 572 4798 ad
598 4734 764 4798 occiduos
788 4732 1027 4815 Imperatores
1054 4734 1210 4799 familiae
1245 4748 1327 4801 tuae
1358 4740 1468 4819 longa

192 4847 280 4910 serie
305 4845 513 4910 coniunctos
536 4843 739 4924 veniamus,
764 4840 913 4905 Carolus
944 4842 1004 4905 ille
1032 4863 1199 4925 magnus,
1232 4845 1330 4906 cuius
1360 4852 1399 4907 ut
1430 4845 1466 4907 in

217 4972 297 5023 Βιῑιιι,
308 4972 452 5011 Documenta
460 4969 598 5009 Lutherauu.
1291 4950 1326 5003 22
