3559 5734
806 558 1052 614 edistii&-0

290 705 420 767 Cesare
444 724 521 765 cum
547 704 638 766 altra
661 703 852 784 petitione,
883 706 948 768 che
973 727 1043 768 non
1068 709 1183 769 havea
1206 706 1296 769 fatto
1321 707 1354 769 el
1379 708 1413 768 di
1439 706 1568 786 avanti,

290 812 348 873 nel
379 811 484 891 quale
515 811 536 871 l'
556 812 673 872 havea
697 810 875 873 rechiesto
907 812 1124 894 inscriptis,
1161 815 1226 876 che
1259 812 1317 895 poi
1346 813 1410 875 che
1437 813 1571 875 Luther

289 919 405 980 havea
429 916 726 980 obstinatamente
752 928 884 999 negato
916 918 972 981 far
997 921 1031 981 la
1055 920 1297 998 revocatione,
1335 921 1408 984 Sua
1432 920 1571 983 Maesta

291 1028 405 1088 devea
434 1025 660 1087 remandarlo
691 1024 726 1087 vi
750 1024 839 1087 salvi
864 1026 1059 1088 conductus
1091 1037 1126 1089 et
1149 1030 1326 1109 procedet
1355 1028 1415 1110 poi
1447 1038 1571 1091 contra

291 1152 498 1215 personam,
535 1141 569 1192 et
601 1131 634 1193 in
660 1132 819 1213 presenti
851 1143 974 1196 contra
999 1133 1126 1213 libros,
1163 1144 1198 1196 et
1227 1144 1352 1215 questo
1382 1135 1571 1198 rechiedea

292 1239 432 1303 nomine
464 1248 615 1321 quatuor
640 1240 849 1303 electorum:
882 1240 1015 1303 Verum
1048 1241 1107 1304 ille
1132 1241 1225 1303 idem
1257 1241 1366 1324 dopoi
1390 1242 1572 1323 publicata

292 1356 417 1428 questa
450 1347 612 1423 scedula,
643 1366 759 1409 venne
784 1367 804 1408 a
830 1347 978 1424 Cesare‚
1009 1350 1159 1410 essendo
1184 1348 1244 1411 noi
1268 1349 1442 1431 presenti,
1479 1351 1572 1412 dove

292 1455 512 1537 expettando
537 1452 682 1515 insieme
708 1474 773 1515 con
801 1453 858 1515 noi
883 1452 964 1516 altri
988 1455 1100 1517 baver
1124 1454 1315 1532 audientia,
1340 1455 1372 1518 ci
1397 1455 1491 1519 disse
1507 1458 1573 1519 che

293 1566 413 1625 buono
444 1564 597 1624 sarebbe
630 1563 760 1625 vedere
793 1562 838 1623 de
863 1560 1065 1642 interrogat
1088 1560 1242 1624 Martino
1275 1562 1331 1625 un'
1345 1565 1435 1625 altra
1464 1566 1573 1644 volta,

293 1679 329 1732 et
354 1669 574 1731 examinarlo
608 1668 813 1751 per‘alcuni
838 1668 981 1731 Dottori
1013 1668 1048 1730 in
1073 1668 1253 1751 presentia
1276 1670 1312 1731 di
1336 1670 1451 1732 alcuni
1477 1669 1575 1732 Prin·

294 1775 363 1857 cipi
388 1795 453 1856 per
477 1796 580 1838 nome
605 1775 640 1837 di
664 1785 755 1837 tutto
780 1776 813 1836 lo
839 1774 1010 1856 Imperio,
1035 1784 1070 1838 et
1095 1777 1159 1838 che
1185 1785 1311 1857 questo
1337 1797 1398 1839 era
1422 1797 1528 1858 parso
1554 1799 1576 1839 a

293 1884 373 1945 tutti
405 1884 428 1945 li
456 1883 620 1962 iilettori,
656 1883 750 1964 quod
774 1881 880 1944 facile
907 1883 1032 1964 credo,
1069 1884 1200 1965 perche
1233 1882 1257 1943 li
1282 1882 1341 1945 doi
1366 1904 1387 1945 a
1412 1883 1470 1946 noi
1494 1905 1573 1947 con·

294 1990 391 2053 trarii
418 2010 486 2052 non
513 1989 724 2053 desiderano
749 2013 787 2052 se
812 2011 882 2053 non
908 1989 1074 2070 dilation,
1100 1999 1135 2052 et
1159 1989 1356 2069 turbation,
1386 2000 1422 2052 et
1446 1990 1469 2052 li
1493 1991 1574 2053 altri

295 2119 364 2160 non
391 2097 540 2160 iaceano
566 2097 784 2177 resistentia,
820 2098 951 2179 perche
977 2099 1094 2179 quello
1120 2100 1184 2160 che
1219 2099 1236 2160 ὁ
1262 2096 1297 2158 di
1321 2097 1381 2178 piu
1407 2097 1576 2160 auttoritd

294 2226 359 2287 per
391 2225 502 2286 paura
536 2207 807 2267 condescendea
838 2226 858 2266 a
883 2213 1019 2285 questo.
1067 2203 1134 2266 Noi
1169 2203 1472 2284 respondessimo,
1508 2206 1574 2266 che

295 2333 360 2395 per
383 2312 480 2374 molti
507 2311 584 2393 capi
611 2312 646 2373 di
672 2311 820 2394 ragione
844 2321 971 2392 questo
996 2332 1066 2373 non
1092 2331 1154 2373 era
1178 2313 1223 2373 da
1246 2310 1312 2390 far,
1336 2310 1416 2374 anci
1441 2312 1575 2392 pericu-

295 2419 485 2498 losissimo,
522 2420 711 2481 tuttavolta
736 2418 829 2480 disse
854 2420 920 2480 che
945 2419 1059 2480 havea
1084 2437 1193 2498 carga
1216 2417 1306 2479 dirio
1332 2439 1353 2479 a
1377 2418 1504 2500 Cesar,
1540 2429 1576 2481 et

295 2545 455 2609 pregava
487 2528 552 2587 che
586 2525 642 2587 noi
675 2546 744 2587 non
770 2524 1010 2606 impedissimo
1045 2528 1092 2586 tal
1125 2523 1265 2602 effetto,
1302 2532 1337 2585 et
1367 2522 1440 2586 cosi
1473 2527 1576 2606 parlo

296 2655 373 2696 cum
410 2633 540 2695 Cesare
577 2629 679 2695 nobis
717 2632 943 2714 presentibus
979 2631 1064 2693 forsi
1101 2630 1244 2712 meggia
1279 2631 1367 2693 hora
1402 2629 1577 2693 submissa

295 2752 411 2802 tamen
438 2728 544 2817 uoce,
578 2760 635 2801 ma
659 2738 727 2801 Dio
751 2741 851 2802 uolse
884 2740 949 2800 che
982 2747 1107 2820 questo
1132 2737 1367 2820 gentilissimo
1399 2737 1574 2819 Principe,

296 2857 332 2910 et
362 2846 628 2928 religiosissimo
654 2846 762 2909 Cesar
794 2844 817 2907 il
842 2846 925 2925 qual
950 2865 1089 2925 sempre
1121 2847 1197 2906 solo
1223 2845 1240 2905 e
1266 2853 1358 2906 stato
1390 2843 1424 2906 in
1451 2853 1577 2925 questa

296 2976 380 3017 cosa
401 2954 621 3032 inconcusse,
647 2951 668 3014 li
689 2973 847 3034 respose,
872 2953 938 3013 che
958 2951 1005 3013 lui
1026 2972 1096 3014 non
1114 2953 1323 3013 mutarebbe
1344 2971 1411 3032 pur
1434 2952 1488 3013 un’
1503 2951 1577 3014 iota

297 3063 392 3125 della
415 3081 478 3123 sua
502 3059 775 3136 deliberatione,
813 3068 848 3120 et
873 3060 938 3120 che
967 3079 1031 3140 per
1056 3057 1175 3120 niente
1199 3057 1384 3136 intendea,
1421 3061 1486 3121 che
1511 3079 1576 3141 per

297 3193 351 3247 se,
384 3191 404 3230 o
429 3166 545 3231 alcuni
577 3167 612 3227 di
637 3166 711 3228 suoi
738 3165 892 3227 Martino
924 3165 1019 3227 fusse
1044 3165 1103 3246 piu
1130 3164 1365 3246 interrogato;
1397 3166 1475 3227 anci
1508 3166 1575 3228 dis·

298 3277 372 3354 seli,
397 3278 461 3338 che
487 3275 509 3336 li
529 3274 682 3354 Principi
708 3275 907 3335 sarebbono
932 3275 1034 3350 bene,
1059 3273 1216 3334 secundo
1233 3275 1267 3334 la
1283 3293 1466 3353 promessa
1488 3274 1575 3354 lor0,

298 3384 531 3446 concordibus
555 3381 680 3444 animis
704 3382 859 3462 sequitar
884 3383 917 3442 la
941 3401 1004 3442 sua
1029 3379 1266 3442 conclusione.

388 3491 522 3570 Questo
557 3490 657 3552 voler
692 3489 725 3550 di
763 3489 836 3550 Sua
861 3487 997 3549 Maesta
1033 3487 1069 3548 fu
1106 3495 1288 3569 reportato
1324 3486 1383 3549 alli
1419 3486 1574 3569 Principi

298 3597 458 3676 Elettori,
483 3617 552 3659 non
577 3616 681 3658 senza
706 3597 842 3675 grande
867 3594 1076 3657 admiration
1103 3597 1180 3656 loro
1205 3594 1238 3655 di
1263 3605 1362 3657 tanta
1378 3594 1577 3657 constantia

299 3714 335 3767 et
366 3703 483 3766 animo
508 3705 678 3774 Cesareo;
717 3724 771 3764 ma
796 3704 866 3764 tale
900 3702 935 3764 fu
961 3702 982 3765 1'
997 3700 1164 3763 auttoritir
1194 3713 1229 3764 et
1253 3701 1408 3764 versutia
1432 3703 1490 3764 del
1514 3701 1575 3763 Sa·
1638 3709 1640 3712 ’

299 3833 403 3890 xone,
429 3813 494 3872 che
518 3811 698 3873 i'ottenne
724 3809 808 3871 dalli
834 3810 925 3871 Stati
951 3830 1019 3871 una
1044 3808 1304 3890 supplicatione
1328 3808 1373 3870 ad
1399 3809 1576 3888 Cesarem,

299 3920 364 3981 che
399 3939 465 3999 per
499 3918 522 3979 il
560 3916 699 3994 meglio·
728 3917 762 3977 di
798 3927 924 3996 questa
959 3937 1058 3994 cosa,
1100 3936 1209 3997 parea
1249 3917 1324 3977 ioro
1360 3915 1389 3977 si
1424 3917 1576 3978 havesse

300 4025 355 4087 un’
370 4027 460 4088 altra
492 4024 573 4086 fiata
598 4024 643 4085 ad
669 4023 851 4085 examinar
877 4024 1009 4084 Luther
1042 4033 1076 4084 et
1102 4024 1306 4084 exhortar10
1339 4023 1408 4084 alla
1433 4043 1575 4086 revoca·

299 4133 405 4196 tione.
454 4133 481 4192 ll
514 4132 579 4192 che
604 4153 642 4192 se
667 4151 736 4192 non
768 4129 923 4208 facesse,
959 4131 1119 4191 harebbe
1153 4151 1259 4192 eausa
1292 4128 1372 4191 tutti
1396 4129 1576 4210 persequi·

299 4241 400 4316 tario,
425 4247 461 4299 et
485 4237 539 4299 far
565 4247 655 4299 tutto
680 4237 836 4298 secundo
861 4238 896 4298 la
916 4235 1151 4298 deliberation
1173 4238 1255 4297 data
1275 4238 1320 4297 da
1337 4235 1411 4298 Sua
1427 4236 1576 4298 Maesta.

300 4348 408 4409 Cesar
433 4366 578 4426 respose
604 4345 679 4406 loro
704 4344 737 4406 in
762 4344 912 4426 scriptis,
937 4346 1003 4406 che
1025 4344 1073 4406 lui
1092 4365 1161 4406 non
1179 4345 1387 4405 mutarebbe
1402 4364 1449 4406 un
1464 4355 1577 4424 punto

301 4453 335 4515 di
366 4474 429 4514 sua
453 4451 648 4530 sententia,
684 4461 718 4513 et
744 4452 809 4512 che
834 4473 872 4512 se
896 4452 972 4513 loro
997 4460 1181 4531 potessero
1213 4472 1233 4512 o
1258 4470 1444 4531 sapessero
1472 4449 1578 4512 indur

301 4561 453 4622 Martino
480 4561 524 4621 ad
550 4557 840 4640 resipiscentiam,
865 4557 913 4620 lui
939 4558 973 4619 lo
998 4557 1232 4620 adiutarebbe
1256 4577 1429 4639 appresso
1447 4556 1577 4619 Nostro

301 4667 455 4748 Signore
487 4675 523 4728 et
554 4668 619 4728 che
644 4688 664 4728 a
689 4676 814 4747 questo
846 4665 870 4726 li
902 4666 994 4726 dava
1024 4664 1173 4726 termine
1206 4663 1240 4725 di
1272 4672 1325 4726 tre
1349 4663 1484 4746 giomi,
1521 4685 1579 4727 ma

301 4795 370 4836 non
396 4775 500 4835 volea
523 4775 588 4835 che
615 4775 656 4835 ni·
681 4793 746 4853 per
770 4795 807 4834 se
832 4773 875 4834 ne
901 4792 965 4853 per
990 4772 1106 4834 alcuni
1132 4771 1167 4832 di
1193 4770 1267 4833 suoi
1293 4771 1322 4833 si
1342 4769 1577 4834 intervenisse

300 4881 345 4944 ad
378 4881 426 4944 tal
452 4901 594 4954 exame3
631 4879 768 4941 interim
793 4901 831 4943 se
863 4879 1013 4942 faceano
1044 4888 1141 4942 tante
1166 4877 1341 4962 prattiche
1370 4887 1494 4941 contra
1517 4877 1577 4940 noi
