3559 5734
796 451 1043 510 *datae*

282 594 452 676 eundem,
488 618 559 660 non
593 595 627 660 in
652 599 719 661 hac
754 599 878 681 mod0,
915 600 959 663 ad
996 622 1101 682 quam
1136 600 1282 663 indubie
1319 622 1389 663 non
1425 603 1564 680 absque

282 698 406 764 Sancti
432 701 585 785 Spiritus
609 706 725 787 gratia
749 717 898 769 vocatus
922 717 977 770 est
1000 708 1184 789 dignitate,
1210 708 1410 771 confirmari
1427 720 1464 770 et
1480 727 1564 769 con-

281 811 426 890 servari,
452 813 515 874 sed
540 812 663 875 maiori
688 814 794 876 etiarn
812 816 1076 878 commodorum
1101 827 1296 879 mereretur
1316 814 1421 895 affici,
1454 826 1490 877 et
1515 834 1562 875 ex

281 936 323 978 eo
337 917 562 982 Trarectensi
577 919 768 999 Ecclesiae,
793 921 862 984 iam
885 924 981 984 bello
999 922 1230 1000 disturbatae,
1255 926 1347 986 bene
1363 924 1563 985 consultum

283 1023 325 1084 iri
359 1026 558 1106 cupiamus,
596 1047 710 1109 eoque
744 1030 989 1091 vehementius
1029 1030 1288 1108 desideremuS,
1325 1031 1420 1110 quod
1455 1030 1565 1110 plane

281 1130 457 1194 noscimus
476 1132 686 1196 Caesaream
704 1135 928 1199 Maiestatem
953 1134 1051 1199 cuius
1074 1156 1146 1199 non
1171 1136 1272 1218 parvi
1297 1138 1455 1216 interest,
1480 1156 1564 1216 qua·

281 1238 324 1300 lis
348 1238 577 1321 Episcopatui
609 1241 659 1304 illi
683 1242 728 1304 in·
743 1242 823 1305 imis
847 1243 948 1324 quasi
980 1242 1159 1306 inferioris
1182 1244 1392 1325 Burgundie
1421 1241 1564 1305 visceri·

281 1346 348 1407 bus
372 1348 564 1410 constituto
589 1349 710 1429 presit,
735 1349 912 1431 prefatum
940 1350 1102 1430 electum,
1126 1361 1293 1432 tanquam
1315 1348 1565 1432 gratissimum,

283 1452 455 1534 precipuo
484 1455 608 1517 favore
636 1454 818 1538 prosequi;
852 1465 960 1537 atque
985 1459 1137 1520 eundern
1168 1477 1234 1538 pro
1259 1457 1378 1519 valido
1408 1455 1566 1537 presidio

283 1557 435 1624 afflictae
462 1562 700 1625 Traiectensis
724 1562 907 1625 Ecclesiae
932 1564 1100 1642 stabiliri,
1125 1564 1160 1626 in
1184 1564 1277 1628 votis
1301 1562 1443 1643 haberi,
1468 1563 1565 1625 unde

283 1668 530 1749 tranquillitas,
556 1670 867 1752 desidaratumque
893 1669 1092 1733 Christiano
1118 1674 1252 1753 populo
1278 1671 1411 1753 ocium,
1443 1672 1564 1733 subse·

284 1774 343 1855 qui
379 1779 530 1856 poterit,
566 1787 602 1840 et
638 1776 720 1859 quia
752 1778 820 1839 hoc
856 1776 934 1839 sine
968 1778 1139 1859 precipua
1177 1778 1383 1842 Sanctitatis
1412 1777 1566 1839 Vestrae

287 1882 519 1963 benignitate,
544 1883 677 1964 gratia,
712 1884 838 1947 favore
871 1893 908 1946 et
931 1904 1019 1966 ope,
1055 1906 1121 1948 nec
1155 1886 1323 1967 consequi
1360 1884 1461 1963 licet,
1499 1903 1567 1945 nec

285 1988 379 2052 effici
402 1999 537 2071 potest;
564 2011 714 2072 namque
739 1991 817 2073 ipsa
841 1990 1079 2055 Traiectensis
1102 1992 1304 2073 provincia,
1329 2012 1395 2074 per
1419 1989 1567 2054 Geldrie

285 2097 421 2159 Ducem
446 2097 495 2160 ita
519 2099 748 2180 opprimitur,
779 2110 818 2161 ut
841 2101 1010 2162 nonnulla
1045 2110 1162 2162 castra
1193 2111 1228 2162 et
1252 2099 1386 2180 oppida
1411 2098 1568 2160 eiusdem

285 2203 536 2286 Episcopatus,
560 2207 596 2268 vi
620 2206 864 2288 occupaverit,
890 2207 1062 2286 detineat,
1100 2218 1135 2270 et
1164 2227 1230 2289 per
1254 2227 1297 2269 ea
1321 2205 1422 2287 quasi
1446 2224 1570 2267 omnes

286 2310 521 2393 Episcopales
545 2314 706 2376 redditus
729 2316 910 2388 sublevet;
948 2334 1013 2376 nec
1049 2314 1163 2376 indies
1187 2312 1258 2376 alia
1281 2313 1327 2375 ad
1352 2333 1391 2375 se
1415 2312 1569 2392 trahere,

287 2438 328 2479 ac
357 2427 467 2481 totam
504 2419 755 2502 Episcopalem
792 2420 1027 2484 substantiam
1062 2422 1214 2502 perdere
1250 2428 1385 2500 cesset,
1420 2427 1570 2500 propter

286 2527 381 2605 quod
404 2545 474 2588 non
499 2526 641 2590 videtur
663 2527 837 2609 possibile
862 2526 957 2590 dicto
974 2527 1098 2590 Electo
1114 2525 1314 2590 huiusmodi
1331 2522 1569 2588 adversitates

286 2633 460 2712 repellere
474 2653 591 2715 posse,
604 2636 679 2697 sine
692 2634 892 2697 retentione
917 2633 1136 2697 coadiutorie
1150 2631 1428 2697 Wormaciensis
1453 2640 1489 2694 et
1513 2650 1566 2694 ce·

286 2748 443 2803 terorum
459 2761 601 2804 suorum
616 2742 878 2821 beneficiorum,
895 2763 976 2805 nam
992 2741 1021 2805 si
1036 2741 1105 2806 illis
1122 2743 1382 2820 destitueretur,
1409 2737 1570 2801 eveniret

286 2846 402 2924 facile,
427 2850 522 2929 quod
546 2848 706 2911 Ecclesia
730 2849 978 2929 Traiectensis,
1003 2848 1075 2911 suis
1098 2848 1233 2911 viribus
1257 2867 1296 2910 se
1319 2847 1435 2927 ipsam
1457 2843 1565 2907 tutari

289 2959 359 3016 non
383 2966 511 3034 potens
525 3003 532 3034 ,
564 2964 639 3018 tota
664 2954 809 3018 Geldrie
834 2956 945 3018 Ducis
968 2955 1116 3036 imperio
1141 2955 1368 3032 subderetur,
1393 2949 1568 3014 intellexi-

289 3080 366 3123 mus
391 3062 496 3124 etiam
522 3064 616 3144 quod
641 3063 717 3144 ipse
748 3064 881 3125 electus
905 3062 1023 3146 potius
1054 3061 1306 3143 Episcopatum
1337 3058 1435 3121 illum
1465 3056 1568 3120 relin-

289 3187 397 3249 quere
423 3170 547 3249 vellet,
582 3190 686 3251 quam
718 3170 793 3233 sine
821 3169 971 3232 aliorum
999 3169 1251 3232 beneficiorum
1280 3164 1495 3247 retentione,
1531 3183 1570 3227 se

289 3274 396 3337 tantis
421 3277 514 3338 curis
539 3287 574 3339 et
598 3277 769 3341 molestiis
792 3277 1020 3340 submittere:
1046 3277 1141 3358 quod
1166 3275 1195 3338 si
1218 3274 1337 3354 fieret,
1373 3273 1569 3336 verendum

290 3390 398 3460 esset,
434 3404 478 3445 ne
503 3384 593 3446 alius
617 3384 779 3447 Caesaris
803 3383 982 3446 Maiestati
1014 3403 1084 3445 non
1113 3384 1203 3445 adeo
1234 3390 1357 3462 gratus
1388 3378 1504 3443 fidelis
1527 3399 1569 3441 ac

290 3492 460 3570 devotus,
490 3490 565 3554 eius
596 3493 674 3554 loco
705 3490 953 3572 preficeretur,
986 3492 1079 3572 quod
1113 3488 1292 3552 Maiestati
1321 3508 1406 3550 suae
1436 3486 1473 3548 in
1497 3505 1569 3548 non

291 3617 439 3677 parvum
478 3598 727 3661 detrimentum
766 3601 927 3672 cederet;
969 3597 1046 3678 Quo
1091 3597 1185 3660 circa
1218 3615 1288 3658 non
1330 3592 1569 3656 dubitavimus

291 3704 552 3768 Beatitudinem
567 3706 731 3770 Vestram
755 3706 885 3769 nostris
902 3706 1130 3787 interpellare
1145 3702 1323 3785 precibus,
1347 3699 1516 3763 maiorem
1532 3698 1570 3762 in

291 3813 433 3874 modum
457 3824 642 3894 roganteS,
676 3834 745 3896 quo
771 3825 806 3876 et
830 3822 1120 3892 memoratorum,
1145 3820 1180 3873 et
1203 3806 1468 3873 intercessionis
1492 3826 1569 3869 nos-

291 3930 367 3980 trae
392 3918 535 4000 intuitu,
565 3921 660 3983 dicto
692 3922 806 4012 electo
836 3941 881 3983 ne
913 3921 994 3982 dum
1021 3918 1195 3983 electione
1221 3912 1418 3978 huiusmodi
1442 3912 1509 3975 rite
1534 3923 1571 3974 et

292 4028 462 4090 canonice
477 4027 610 4092 factum
626 4028 835 4092 confirmare
852 4039 887 4091 et
902 4027 1088 4107 ratificare‚
1113 4024 1296 4090 sedetiam
1313 4020 1570 4086 coadiutoriam

292 4132 571 4198 Wormaciensis
586 4156 664 4198 cum
680 4136 808 4198 ceteris
831 4135 904 4198 suis
927 4132 1111 4197 beneficiis
1134 4150 1319 4196 reservare
1344 4138 1381 4191 et
1403 4127 1571 4207 retinere,

292 4240 478 4322 ipsumque
509 4242 586 4304 aliis
610 4242 793 4323 quibusvis
817 4241 948 4324 graciis
973 4250 1008 4305 et
1032 4240 1216 4302 favoribus
1241 4234 1442 4319 oportunis,
1468 4233 1572 4297 unice

294 4358 329 4410 et
352 4348 544 4430 gratiosius
569 4353 852 4414 commendatum
876 4348 1057 4429 suscipere
1081 4347 1261 4428 dignetur,
1284 4343 1320 4406 in
1345 4362 1415 4424 quo
1432 4339 1573 4404 Sancti·

294 4465 348 4517 tas
373 4456 503 4518 Vestra
527 4477 597 4519 non
622 4458 728 4521 modo
751 4476 817 4538 pro
843 4454 1014 4537 pastorali
1038 4474 1101 4516 suo
1126 4450 1261 4531 officio,
1286 4451 1479 4531 innataque
1504 4449 1573 4510 cle-

294 4562 427 4625 mentia
443 4563 690 4627 Traiectenses
714 4582 906 4646 oppressos
930 4564 975 4624 ab
1000 4560 1126 4623 iniuria
1150 4556 1355 4637 vindicabit,
1379 4555 1443 4618 sed
1467 4554 1575 4617 etiam

295 4671 409 4750 ipsum
434 4671 598 4751 electum,
624 4680 791 4734 ettotam
817 4668 1055 4751 palatinorum
1077 4665 1263 4746 familiam,
1288 4664 1397 4744 digno
1422 4659 1489 4724 sibi
1513 4661 1574 4723 de-

294 4776 427 4845 vinciet
449 4777 635 4864 benefici0,
660 4797 730 4864 quo
755 4775 861 4843 etiam
877 4773 988 4839 Sacre
1014 4773 1189 4837 Caesaree
1214 4780 1249 4835 et
1265 4768 1449 4834 Catholice
1465 4766 1573 4851 Maje·
