3559 5734
790 548 1038 608 ⁶·43560ffl

273 695 399 759 saltem
433 694 610 759 contraria
645 695 749 761 dictis
787 699 875 763 meis
907 720 973 781 pro
1008 698 1101 762 virili
1136 718 1398 780 persuasurum.
1454 696 1556 778 Quae

275 805 373 865 Deus
396 804 464 866 scit
487 825 557 866 non
583 824 629 867 ex
652 807 725 868 ulla
749 806 893 869 sinistra
916 827 995 870 mea
1019 826 1107 888 erga
1131 826 1342 888 quemquam
1365 805 1555 868 affectione

276 912 339 973 sed
365 932 409 973 ex
435 913 512 974 solo
536 910 619 974 fidei
655 915 730 974 zelo
761 914 997 994 processisse,
1033 913 1100 976 etsi
1129 914 1245 975 adhuc
1271 913 1452 976 dubitetur
1486 912 1554 974 utri

274 1018 385 1081 nostri
409 1017 445 1081 in
469 1021 534 1081 hac
559 1019 707 1082 materia
735 1021 956 1101 potissimum
978 1020 1068 1083 fides
1093 1020 1255 1084 adhiberi
1280 1021 1427 1100 debeat,
1460 1032 1555 1102 peto,

275 1136 313 1188 ut
337 1125 444 1188 tacito
469 1125 651 1207 utriusque
675 1128 827 1206 nomine,
852 1149 918 1191 nec
942 1137 1086 1191 ostensa
1109 1130 1175 1190 hac
1200 1148 1279 1190 mea
1303 1127 1473 1209 epistola,
1506 1127 1554 1188 in·

275 1242 478 1316 terrogetur
501 1232 673 1296 Dominus
698 1235 963 1315 Brundusinus,
1000 1256 1069 1317 quo
1094 1255 1197 1297 nemo
1215 1234 1338 1296 melius
1355 1232 1472 1296 omnia
1490 1233 1557 1295 ista

275 1339 392 1420 novit,
426 1340 510 1421 quid
545 1340 622 1421 ipse
654 1341 699 1404 de
732 1341 879 1405 Erasmo
912 1342 1058 1423 eiusque
1087 1342 1228 1423 scriptis
1256 1342 1386 1404 sentiat
1410 1350 1446 1403 et
1469 1351 1557 1422 puto

276 1448 370 1530 quod
395 1447 586 1529 apparebit
610 1458 689 1511 uter
712 1460 870 1512 nostrum
895 1449 1036 1512 veriora
1060 1449 1199 1513 dixerit.
1258 1448 1463 1511 Dominatio
1494 1447 1556 1511 ita·

276 1575 345 1635 que
379 1564 498 1616 vestra
528 1564 629 1618 curet
658 1576 702 1617 ne
732 1576 788 1618 me
819 1556 918 1619 fallat
950 1576 1032 1638 spes
1063 1566 1099 1619 et
1122 1555 1252 1618 fiducia
1277 1577 1379 1637 quam
1410 1557 1455 1618 de
1480 1556 1557 1617 eius

277 1661 462 1724 nobilitate
486 1660 520 1722 in
545 1662 702 1724 tenenda
731 1663 798 1725 hac
831 1662 983 1743 epistola
1012 1683 1090 1725 mea
1114 1662 1280 1743 concepi,
1312 1682 1416 1744 quam
1451 1661 1556 1725 etiam

190 1835 195 1852 ⁸
276 1790 365 1851 rogo
390 1777 428 1830 ut
452 1780 620 1849 quantum
645 1769 680 1831 in
705 1769 784 1851 ipsa
807 1781 876 1850 est,
900 1770 1009 1833 faciat
1033 1770 1152 1833 omnia
1175 1769 1280 1832 fidem
1305 1768 1558 1832 concernentia

277 1887 313 1940 et
327 1875 536 1958 religionem
553 1886 589 1938 et
604 1875 638 1937 in
655 1877 720 1938 has
735 1876 901 1960 regiones
919 1878 1091 1940 mittenda
1112 1875 1335 1939 exactissime
1359 1875 1556 1938 examinari

275 1983 480 2065 priusquam
494 1983 686 2062 mittantur,
701 2003 746 2046 ne
758 1985 963 2047 scandalum
975 1983 1116 2066 pariant
1133 1995 1167 2046 et
1182 1983 1300 2066 potius
1317 1983 1435 2046 obsint
1451 2003 1556 2064 quam

275 2090 423 2171 prosint,
441 2089 531 2152 sicut
547 2110 616 2172 ego
631 2089 736 2153 timeo
748 2093 793 2154 de
810 2090 906 2152 dicta
921 2090 1050 2153 silentii
1067 2090 1292 2172 impositione
1309 2090 1474 2170 futurum,
1491 2088 1557 2151 nisi

275 2197 468 2260 remedium
493 2197 715 2260 adhibeatur.
762 2197 903 2260 Deinde
928 2218 1084 2280 suggero
1109 2198 1223 2261 eidem
1244 2198 1289 2260 V.
1314 2198 1357 2261 D.
1382 2196 1558 2278 recogitet

276 2326 357 2368 num
383 2308 513 2368 bonum
537 2316 632 2368 esset
656 2305 813 2369 scribere
837 2327 944 2368 unum
969 2307 1086 2369 Breve
1118 2307 1164 2368 ad
1194 2305 1325 2367 dictam
1356 2305 1400 2367 D.
1435 2304 1556 2366 Archi-

276 2413 451 2476 ducissam
484 2433 553 2494 quo
585 2413 849 2475 collaudaretur
879 2416 975 2475 zelus
1008 2434 1091 2476 suus
1123 2433 1226 2494 quem
1259 2432 1338 2473 cum
1372 2409 1460 2474 alias
1484 2422 1558 2471 tum

277 2519 467 2582 novissime
491 2518 526 2581 in
550 2518 680 2600 insigni
706 2520 918 2582 executione
942 2518 977 2582 in
994 2519 1184 2582 Hollandia
1210 2529 1334 2580 contra
1357 2517 1558 2578 haereticos

275 2627 372 2690 facta
396 2626 668 2704 demonstravit,
702 2627 987 2707 animareturque
1022 2628 1066 2689 ad
1098 2626 1257 2688 similiter
1290 2624 1490 2687 faciendum
1522 2622 1558 2684 in

277 2734 439 2796 omnibus
475 2733 563 2796 locis
596 2753 660 2795 suo
695 2733 856 2815 regimini
896 2754 937 2796 ac
973 2733 1129 2796 dominio
1165 2731 1334 2795 subiectis
1374 2730 1435 2792 ubi
1469 2750 1559 2811 opus

277 2862 355 2903 esse
380 2840 534 2918 videret,
559 2840 711 2902 maxime
737 2840 976 2922 Antverpiae,
1008 2839 1068 2902 ubi
1102 2849 1138 2902 et
1169 2849 1251 2900 ante
1276 2849 1311 2900 et
1334 2848 1417 2919 post
1442 2856 1556 2899 meum

276 2948 438 3026 reditum,
464 2950 572 3010 multa
597 2948 755 3010 enormia
783 2969 804 3009 a
829 2947 1041 3010 Lutheranis
1076 2957 1147 3009 tam
1183 2946 1217 3007 in
1242 2944 1394 3026 publicis
1418 2943 1556 3025 praedi·

278 3041 478 3118 cationibus
502 3075 606 3136 quam
632 3054 666 3116 in
691 3054 839 3135 privatis
870 3053 1128 3117 conventiculis
1156 3053 1191 3113 in
1216 3050 1464 3114 contumeliam
1490 3049 1557 3112 Dei

279 3171 314 3224 et
336 3161 419 3224 fidei
450 3182 533 3223 suae
565 3172 770 3242 perpetrata
802 3172 893 3224 sunt.
946 3161 990 3223 Et
1024 3163 1171 3223 alterum
1205 3160 1322 3220 Breve
1352 3159 1396 3220 ad
1427 3158 1558 3218 Rmum

277 3271 321 3332 li.
347 3269 580 3331 leodiensem
606 3288 676 3350 quo
701 3268 778 3349 ipse
802 3267 962 3330 similiter
985 3269 1190 3330 laudaretur
1219 3268 1331 3328 de'eo
1356 3266 1451 3346 quod
1477 3263 1556 3325 civi-

278 3386 386 3439 tatem
427 3396 524 3438 suam
563 3376 796 3438 Leodiensem
831 3386 867 3437 et
904 3375 1114 3464 temporalia
1152 3373 1337 3436 Dominica
1376 3371 1559 3434 Ecclesiae

279 3483 468 3546 Leodiensi
493 3484 670 3560 subiecta,
702 3505 793 3564 quae
825 3482 989 3565 profecto
1021 3503 1090 3545 non
1122 3482 1262 3545 modica
1285 3490 1382 3557 sunt,
1414 3490 1484 3541 tam
1509 3479 1559 3541 in·

278 3590 553 3654 contaminatam
592 3589 788 3652 servaverit
820 3600 989 3671 quantum
1025 3590 1071 3651 ad
1105 3590 1344 3651 Lutheranam
1381 3586 1557 3649 haeresim

279 3696 434 3759 finitimis
458 3696 661 3760 civitatibus
679 3707 714 3759 et
731 3696 818 3758 locis
842 3717 912 3758 non
937 3716 1063 3778 parum
1087 3695 1147 3758 illa
1170 3695 1329 3765 infectis;
1355 3704 1390 3756 et
1414 3693 1559 3773 insuper

278 3806 481 3866 hortaretur
508 3788 555 3865 ¹ut
586 3803 702 3866 dictae
735 3803 910 3865 Dominae
938 3823 1004 3884 pro
1029 3801 1278 3884 prosecutione
1303 3800 1416 3863 sancti
1441 3799 1560 3881 operis

280 3913 326 3973 ab
350 3930 393 3971 ea
416 3910 565 3991 incepti,
602 3910 767 3988 consili0,
804 3909 1009 3991 auxilioque
1040 3909 1112 3972 suis
1145 3929 1210 3990 pro
1243 3907 1336 3970 virili
1367 3908 1559 3969 assisteret.

283 4018 473 4080 Crederem
503 4038 572 4099 ego
600 4020 689 4080 haec
712 4017 837 4080 brevia
862 4037 932 4078 non
958 4016 1044 4079 nihil
1074 4017 1157 4078 boni
1187 4026 1392 4097 operatura:
1419 4015 1464 4074 de
1488 4014 1560 4094 qui-

280 4127 347 4186 bus
382 4134 499 4186 tamen
535 4124 603 4185 Di¹⁰
631 4124 674 4188 V.
712 4144 778 4205 pro
813 4123 985 4185 arbitratu
1022 4123 1105 4185 Rmi
1142 4123 1212 4185 Dni
1251 4122 1317 4184 mei
1351 4120 1487 4184 llatarii
1525 4135 1562 4182 et

282 4251 345 4294 suo
370 4230 488 4295 saciet.
535 4230 621 4293 Mihi
648 4242 702 4292 sat
731 4240 784 4292 est
814 4230 1039 4293 admonuisse
1071 4232 1116 4292 de
1149 4249 1192 4292 eo
1228 4230 1322 4310 quod
1357 4227 1438 4290 mihi
1477 4248 1559 4289 con·

283 4339 403 4400 venire
427 4336 615 4402 videretur.
641 4385 700 4401 ...

372 4461 496 4525 Leodii
521 4461 654 4523 XXVI
678 4461 845 4525 Octobris
875 4482 967 4540 1525·
