3559 5734
684 548 914 605 ῡ-ὓθῖῖᾷΰ

157 692 244 757 licos
268 693 345 758 iure
368 695 503 776 optimo
527 695 760 777 impedituros
784 718 829 760 ne
854 717 971 777 causa,
997 696 1041 759 de
1062 716 1132 776 qua
1148 695 1316 760 Pontifex
1334 717 1440 761 verus

158 802 265 863 iudex
296 812 332 863 et
357 800 473 864 Sedes
505 802 717 883 Apostolica
746 803 1018 884 pronunciarat,
1051 822 1128 864 cum
1161 803 1373 867 detrimento
1405 815 1442 865 et

158 908 388 990 depressione
422 907 642 972 Pontificalis
673 909 894 973 auctoritatis
925 908 1055 972 iudicio
1087 911 1258 972 laicorum
1289 911 1439 973 discute·

156 1024 273 1094 retur,
305 1014 586 1079 ideo·Martinus
620 1036 658 1079 se
691 1014 918 1100 magnificum
952 1026 989 1079 et
1019 1015 1148 1079 fortem
1177 1020 1382 1080 ostentabat
1405 1018 1441 1080 in

156 1144 200 1185 ea
229 1143 287 1201 re,
318 1143 424 1204 quam
454 1132 554 1185 certo
582 1121 719 1186 sciebat
749 1143 974 1205 nequaquam
1005 1133 1215 1187 secuturam.
1276 1124 1380 1206 Quod
1412 1125 1440 1187 si

157 1229 263 1292 etiam
294 1228 329 1291 in
354 1229 483 1292 Diaeta
516 1237 551 1292 et
582 1230 723 1293 auditus
751 1241 787 1293 et
810 1231 1067 1293 condemnatus
1090 1230 1234 1311 fuisset,
1267 1232 1346 1313 quis
1370 1253 1440 1294 non

155 1337 256 1399 videt
286 1335 416 1417 ipsum,
457 1356 479 1398 a
514 1336 691 1417 judicibus
721 1337 837 1401 minus
868 1338 1153 1420 competentibus
1184 1339 1303 1400 statim
1331 1338 1441 1401 fuisse

156 1452 434 1525 provocaturum
464 1445 510 1505 ad
543 1442 755 1523 Concilium,
793 1444 870 1526 qui,
902 1465 923 1507 a
957 1444 1090 1525 judicio
1116 1445 1440 1527 competentissimo

156 1549 263 1613 Sedis
289 1549 538 1631 Apostolicae,
570 1550 625 1613 cui
657 1552 794 1614 ratione
827 1571 956 1614 causae
989 1561 1025 1613 et
1055 1571 1231 1633 personae
1263 1552 1338 1614 iure
1362 1552 1441 1634 ipso

156 1657 339 1720 subiectus
371 1667 440 1736 est,
476 1667 511 1719 et
535 1657 699 1738 ipsemet,
732 1679 767 1739 a,
791 1657 969 1741 principio
994 1679 1031 1721 se
1056 1660 1283 1722 submiserat:
1315 1680 1441 1740 provo·

153 1765 252 1827 cavit
267 1745 303 1825 et
316 1764 429 1826 fretus
446 1763 535 1827 salvi
559 1766 757 1827 conductus
781 1766 916 1828 auxilio
940 1766 990 1828 ita
1009 1765 1119 1828 fuisse
1134 1765 1320 1845 iacturum,
1346 1767 1440 1848 quod

153 1891 235 1933 curn
260 1870 398 1953 Legato
422 1869 546 1934 Sancti
572 1868 664 1934 Sixti
690 1873 877 1953 Augustae
901 1872 1053 1945 fecerat;
1078 1893 1186 1954 quum
1211 1873 1303 1935 enim
1327 1875 1441 1954 prima

153 1978 213 2040 die
239 1987 444 2041 revocasset
468 1978 586 2040 omnia
609 1979 693 2041 viva
716 1999 816 2057 voce,
849 2000 941 2061 quae
966 1979 1001 2041 in
1024 1978 1136 2059 ipsius
1160 1979 1302 2060 scriptis
1326 1977 1441 2042 Sedes

153 2086 369 2168 Apostolica
392 2106 463 2147 non
488 2089 668 2166 probaret,
692 2086 865 2167 postridie
889 2087 965 2148 sive
983 2086 1100 2148 aliena
1116 2086 1299 2167 protervia
1318 2087 1441 2149 seduc-

153 2203 222 2269 tus,
249 2213 311 2254 seu
335 2193 492 2274 maligno
517 2213 580 2254 suo
605 2192 731 2273 spiritu
756 2193 933 2256 sententia
957 2202 1108 2270 mutata,
1142 2194 1297 2255 adducto
1322 2214 1441 2255 secum

155 2299 307 2363 Notario
339 2300 483 2381 publico
514 2310 550 2362 et
577 2320 708 2382 magna
731 2299 860 2363 civium
885 2301 1178 2381 Augustanorum
1203 2310 1348 2364 caterva
1372 2301 1441 2363 cin-

154 2416 252 2487 ctus,
285 2407 345 2488 qui
375 2407 556 2470 levitatem
589 2406 690 2469 simul
723 2417 758 2469 et
788 2406 973 2489 perfidiam
999 2427 1098 2469 suam
1130 2426 1260 2489 magno
1291 2409 1442 2489 strepitu

153 2514 325 2576 universo
350 2515 427 2577 orbi
452 2516 584 2576 claram
608 2513 755 2594 iaceret,
787 2514 905 2577 attulit
929 2515 1145 2593 schedulam,
1175 2534 1245 2594 qua
1268 2525 1440 2595 protesta-

153 2624 264 2684 batur
295 2642 333 2682 se
365 2641 434 2683 non
471 2631 565 2683 stare
597 2620 815 2684 revocationi
848 2641 932 2684 suae
964 2620 1080 2682 vocali
1106 2621 1170 2681 sed
1194 2620 1335 2703 scriptis
1360 2621 1441 2700 suis,

154 2728 393 2809 discessitque
423 2728 514 2790 liber
546 2738 582 2790 et
611 2728 779 2808 impunis;
814 2731 896 2810 quia
927 2730 993 2790 sub
1025 2729 1125 2790 salvo
1158 2730 1335 2791 conductu
1359 2730 1441 2792 illuc

153 2837 375 2898 adcesserat.

770 3287 824 3354 36.

492 3413 704 3493 Aleauder
731 3412 1111 3495 Vicecanuellario.

542 3560 726 3628 ¹(lluutlat
746 3561 897 3620 German.
916 3560 948 3618 Ιι.
966 3561 1046 3633 198.)

606 3682 740 3742 (Fortasse
763 3693 783 3729 1.
804 3682 894 3729 Martii
917 3678 1004 3749 1521.)

251 3807 374 3868 Ancor
404 3807 470 3868 che
500 3804 578 3887 pari
610 3807 643 3868 el
671 3805 770 3868 Cielo
804 3813 840 3867 et
869 3806 904 3867 la
937 3814 1033 3867 terra
1066 3815 1101 3867 et
1134 3807 1322 3887 presertim
1352 3814 1443 3867 tutta

156 3922 288 3995 questa
312 3910 504 3975 Germania
536 3910 570 3975 in
601 3914 636 3975 la
667 3933 773 3975 causa
797 3933 819 3974 a
842 3933 898 3974 me
922 3931 1118 3974 commessa
1143 3931 1241 3974 esser
1264 3910 1441 3989 contrarii,

157 4030 194 4083 et
220 4021 287 4082 che
311 4039 377 4100 per
399 4018 502 4081 sarmi
528 4039 549 4080 o
573 4018 701 4081 retirar
717 4020 813 4081 dalla
827 4018 993 4100 impresa,
1017 4039 1038 4080 o
1055 4020 1196 4082 almeno
1211 4019 1442 4101 intepidirmi:

156 4128 351 4190 tuttavolta
374 4125 399 4187 il
425 4125 579 4189 Diabolo
604 4126 673 4188 mai
695 4126 782 4189 hard
806 4135 907 4188 tanto
931 4137 1068 4207 potere,
1094 4128 1159 4189 che
1184 4126 1218 4188 io
1242 4126 1326 4188 lassi
1350 4127 1371 4187 l'
1383 4126 1442 4188 im·

156 4254 284 4316 presa,
326 4235 464 4295 almeno
499 4233 535 4294 di
566 4242 699 4314 quanto
735 4233 770 4295 in
803 4254 857 4295 me
889 4234 923 4306 ὲ;
957 4235 1026 4295 ben
1060 4232 1107 4296 mi
1138 4233 1220 4295 dole
1252 4233 1344 4294 assai
1377 4233 1443 4295 che

157 4343 286 4404 alhora
301 4340 388 4403 forsi
405 4360 443 4402 se
460 4339 506 4402 mi
521 4341 740 4402 mandarano
755 4341 789 4402 le
814 4360 897 4402 cose
921 4339 1091 4422 requisite
1115 4340 1173 4401 da·
1186 4359 1241 4401 me
1266 4348 1302 4401 et
1321 4360 1441 4402 neces·

157 4447 271 4525 sarie,
302 4449 445 4529 quando
478 4468 548 4509 non
580 4447 609 4509 si
633 4446 737 4529 potra
761 4447 821 4529 piir
845 4447 1036 4520 remediar;
1070 4446 1116 4509 Et
1140 4456 1238 4509 certo
1262 4466 1443 4528 cognosco

158 4556 227 4617 che
250 4557 286 4617 la
310 4554 380 4616 mia
403 4564 533 4635 troppo
559 4553 760 4636 diligentia,
792 4564 828 4617 et
852 4554 981 4617 astutia
1005 4554 1071 4615 che
1094 4553 1129 4615 io
1153 4553 1231 4615 usai
1254 4553 1315 4635 poi
1343 4554 1365 4616 l'
1382 4574 1442 4636 ag-

159 4662 315 4744 giunger
338 4660 408 4724 mio
432 4661 467 4722 in
492 4660 665 4741 Fiandra,
690 4663 754 4724 che
769 4661 789 4723 'l
814 4670 911 4723 terzo
937 4663 970 4722 dl
996 4660 1142 4722 obtenni
1166 4659 1191 4722 il
1214 4663 1382 4723 mandato
1407 4660 1442 4723 di

159 4767 271 4831 Cesar
295 4777 330 4830 et
353 4766 472 4830 statim
495 4766 574 4831 fece
598 4769 807 4832 abbrusciar
829 4768 853 4830 li
877 4768 959 4831 libri
974 4767 1009 4830 di
1025 4768 1158 4830 Luther
1174 4770 1218 4831 ed
1235 4768 1316 4829 altri
1331 4767 1443 4830 scritti

159 4873 298 4954 famosi,
321 4874 368 4936 ha
385 4873 527 4938 nociuto
551 4874 644 4937 assai
667 4896 689 4936 a
713 4883 838 4956 questa
863 4896 946 4937 cosa
971 4884 1051 4938 eta
1075 4895 1145 4948 me;
1170 4874 1302 4956 perche
1326 4874 1350 4936 li
1374 4874 1443 4947 mei

188 4999 270 5049 Bnlnn,
281 4998 426 5038 Documenta
434 4999 572 5038 liutbertus.
1267 4981 1284 5035 7
