3559 5734
817 534 1064 590 &wib-⁰

298 679 468 761 effecerit,
492 680 582 743 sicut
603 702 681 742 cum
702 702 745 743 eo
762 680 867 743 latius
883 680 1002 743 nuncii
1025 680 1132 743 iidem
1156 681 1267 744 nostri
1291 691 1412 744 nostro
1437 679 1580 743 nomine

298 796 424 868 agent;
456 786 583 869 quibus
606 786 713 852 fidem
741 789 898 855 habebit.
952 789 1035 854 Dat.
1065 787 1243 853 Malianae
1277 788 1328 850 IV
1360 787 1445 849 Maii
1485 808 1580 865 ¹52¹·

301 894 408 956 Anno
432 914 537 957 nono,
1544 913 1547 918 ·

915 1364 967 1429 87.

658 1479 725 1561 Leo
754 1480 796 1559 Χ,
826 1478 1018 1560 confessori
1046 1479 1214 1561 Caesaris.

739 1626 878 1690 1111111111.
898 1626 1023 1685 German.
1042 1626 1073 1684 11.
1093 1626 1144 1697 et.)

703 1739 779 1804 (Cum
805 1738 899 1787 litteris
928 1751 967 1801 14.
994 1738 1058 1787 Maii
1089 1737 1174 1800 1521.)

390 1861 460 1922 Dil.
485 1860 563 1922 Fili.
611 1860 757 1923 Gratum
792 1872 846 1925 est
876 1862 979 1925 nobis
1011 1864 1144 1926 debere
1177 1863 1240 1924 tibi
1278 1862 1437 1944 quotidie
1468 1882 1579 1924 novas

300 1968 454 2049 gratias,
486 1979 523 2030 ut
547 1971 654 2031 etiam
678 1969 812 2031 referre
844 1970 1038 2053 possimus;
1068 1969 1118 2033 sic
1142 1970 1234 2033 enim
1259 1980 1321 2032 tua
1345 1969 1459 2032 virtus
1490 1967 1579 2031 fides

300 2075 498 2157 religioque
522 2086 686 2138 meretur.
733 2077 822 2139 Nam
847 2079 944 2159 quod
969 2077 1104 2159 optimo
1128 2076 1261 2156 animo,
1292 2077 1387 2159 quod
1420 2086 1578 2158 prestan-

300 2182 435 2244 tissima
457 2182 603 2264 pietate‚
628 2185 723 2265 quod
747 2183 919 2265 singulari
943 2184 978 2247 in
1004 2183 1214 2246 catholicam
1238 2183 1342 2246 fidem
1360 2194 1396 2245 et
1410 2182 1579 2246 Sanctam

301 2287 432 2352 Sedem
456 2290 701 2371 Apostolicam
726 2292 909 2354 voluntate
928 2302 988 2355 est
1012 2292 1159 2373 Caesar,
1191 2290 1357 2372 provenit
1380 2290 1416 2351 id
1438 2289 1579 2371 quidem

301 2417 346 2459 ex
371 2398 449 2459 Deo
482 2396 701 2479 potissimum
733 2407 769 2460 et
800 2402 846 2460 ab
874 2398 968 2461 illius
996 2398 1129 2480 optima
1159 2397 1496 2480 religiosissimeque
1521 2419 1579 2460 na·

300 2512 390 2583 tura,
415 2505 478 2566 sed
500 2513 536 2566 et
552 2515 634 2568 tuae
658 2513 779 2587 partes
803 2504 837 2567 in
855 2526 898 2567 eo
923 2506 1142 2567 cohortando
1161 2525 1229 2567 non
1256 2504 1408 2586 exiguae
1425 2504 1578 2567 fuerunt.

301 2610 426 2692 Itaque
454 2620 591 2674 tanturn
624 2611 684 2674 ille
715 2610 928 2674 christianae
957 2611 1175 2692 reipublicae
1207 2612 1410 2676 damnanda
1434 2610 1580 2673 Lutheri

301 2716 483 2797 impietate
498 2718 686 2800 praestitit,
712 2730 783 2781 tam
798 2719 985 2799 magnifice
1010 2728 1116 2801 atque
1130 2719 1316 2800 praeclare
1334 2717 1580 2781 auctoritatem
1633 2732 1636 2735 ’

301 2844 398 2887 suam
428 2825 579 2888 caeteris
613 2829 778 2909 exemplo
803 2847 881 2890 esse
907 2827 1036 2908 voluit,
1061 2837 1099 2890 ut
1123 2827 1209 2889 nihil
1234 2825 1345 2888 maius
1369 2825 1414 2888 sit
1437 2826 1533 2906 quod
1558 2846 1580 2887 a

302 2930 453 2994 maximo
477 2932 638 3015 principe
663 2943 856 3014 expectare
885 2934 1060 3016 possimus
1117 2933 1268 3014 Agimus
1299 2932 1406 3013 igitur
1430 2930 1579 2994 sublatis

303 3039 465 3102 manibus
499 3039 535 3102 in
572 3043 708 3103 coelum
746 3051 781 3104 61
804 3043 883 3104 Deo
909 3052 944 3104 et
967 3041 1017 3103 illi
1042 3051 1078 3104 et
1102 3039 1283 3103 devotioni
1307 3052 1389 3101 tuae
1413 3038 1580 3121 ingentes

301 3145 436 3225 gratias
460 3166 548 3228 quas
571 3147 704 3210 referet
728 3147 791 3209 tibi
817 3149 959 3230 quidem
984 3148 1081 3211 Deus
1105 3148 1168 3210 sed
1194 3157 1229 3210 et
1252 3167 1317 3209 nos
1340 3156 1480 3208 tuorum
1505 3144 1579 3208 offi-

303 3252 436 3315 ciorum
461 3273 549 3335 erga
573 3274 638 3316 nos
662 3254 866 3317 memoriam
890 3274 1009 3317 sumus
1025 3262 1235 3336 perpetuam
1258 3253 1293 3314 in
1315 3251 1432 3315 animo
1457 3262 1579 3315 nostro

302 3360 563 3432 conservaturi;
597 3360 772 3424 cernimus
798 3362 891 3425 enim
916 3372 951 3424 et
975 3361 1222 3443 cognoscimus
1246 3370 1416 3441 quantum
1449 3369 1486 3421 tu
1511 3360 1579 3421 ela·

302 3467 496 3549 boraveris,
532 3488 603 3549 qua
628 3488 731 3548 cura,
771 3488 841 3550 quo
865 3469 998 3549 studio,
1023 3476 1155 3550 quanta
1180 3465 1365 3548 diligentia
1389 3464 1497 3528 fueris
1521 3466 1579 3528 ad·

302 3574 407 3637 nixus
430 3584 469 3637 ut
493 3574 619 3657 ingens
643 3577 773 3638 malum
796 3575 1019 3657 perniciosae
1044 3574 1201 3637 haeresis
1225 3593 1316 3655 quae
1341 3571 1470 3635 sensim
1495 3571 1580 3635 Ger-

303 3682 454 3744 maniam
479 3702 618 3745 omnem
642 3692 808 3763 tanquam
838 3682 1042 3764 pestilentia
1066 3682 1240 3763 quaedam
1272 3678 1469 3761 inficiebat,
1502 3679 1581 3761 ipso

303 3798 448 3851 auctore
467 3790 645 3871 damnato,
662 3789 963 3871 comprimeretur,
980 3788 1232 3869 Sathanaeque
1249 3807 1314 3868 per
1329 3788 1423 3848 hunc
1439 3788 1581 3848 modum

303 3895 337 3958 in
363 3894 519 3959 fidelium
543 3915 674 3979 greges
698 3895 871 3958 crassanti
895 3896 1126 3978 pessimorum
1150 3894 1328 3957 hominum
1353 3892 1582 3956 ministerium

304 4002 549 4084 surriperetur.
597 4003 697 4085 Quae
722 4003 889 4086 quoniam
913 4024 934 4066 a
958 4015 993 4065 te
1009 4003 1087 4064 Deo
1112 4000 1257 4082 auspice
1274 4008 1379 4081 cepta
1400 4008 1436 4062 et
1452 4020 1584 4082 magna

304 4131 350 4172 ex
385 4120 488 4191 parte
523 4110 686 4173 confecta
717 4120 813 4191 sunt,
850 4111 895 4173 de
926 4109 1062 4191 reliquo
1095 4108 1161 4170 etsi
1199 4128 1268 4170 non
1304 4127 1342 4170 es
1374 4107 1582 4186 hortandus,

303 4217 390 4279 satis
414 4216 506 4280 enim
537 4227 573 4280 16
598 4219 722 4280 eadem
746 4217 858 4280 virtus
889 4227 950 4279 tua
972 4214 1171 4298 religioque
1203 4215 1428 4287 adhortatur;
1463 4225 1581 4276 tamen

304 4323 530 4387 devotionem
555 4334 650 4386 tuam
674 4327 855 4387 hortamur
880 4324 916 4387 in
937 4322 1089 4385 Domino
1112 4331 1151 4384 ut
1175 4340 1328 4405 pergere
1352 4321 1477 4384 eadem
1501 4341 1580 4384 con-

304 4430 435 4494 stantia
467 4433 691 4514 palmamque
715 4431 851 4494 fractae
885 4441 920 4494 et
943 4429 1085 4512 penitus
1110 4428 1366 4491 exterminatae
1389 4427 1582 4510 impietatis

305 4559 477 4620 quaerere
500 4537 565 4600 tibi
589 4540 684 4619 apud
708 4540 822 4601 Deum
848 4549 882 4600 61
908 4536 1108 4600 universum
1132 4538 1302 4618 populum
1320 4534 1388 4597 Dei
1403 4555 1473 4597 non
1488 4544 1582 4616 post·

304 4667 428 4729 ponas,
452 4646 487 4709 in
512 4666 582 4728 quo
604 4645 689 4726 quid
713 4655 774 4707 tua
797 4645 909 4707 virtus
929 4643 1073 4708 efficere
1097 4641 1211 4725 possit
1227 4643 1365 4722 scimus
1390 4644 1434 4704 de
1449 4640 1584 4723 optima

306 4755 489 4816 voluntate
522 4774 590 4815 non
632 4751 844 4815 dubitamus
893 4752 1015 4829 Certe,
1050 4750 1085 4813 id
1119 4751 1213 4832 quod
1245 4748 1446 4832 intelligere
1480 4758 1584 4830 potes

307 4862 395 4946 ipse,
420 4862 487 4926 erit
511 4864 578 4926 hoc
603 4870 699 4924 tuum
725 4860 787 4925 tibi
814 4858 969 4923 officium
994 4868 1029 4924 et
1053 4859 1148 4941 apud
1165 4859 1278 4922 Deum
1305 4855 1523 4921 fructuosum
1548 4865 1585 4920 et
