3559 5734
822 534 1069 631 *ornet

306 695 373 777 bus
397 713 663 777 Provinciarum
680 714 934 793 Vicedominis,
951 713 1119 794 scultetis,
1144 713 1327 776 advocatis
1352 699 1586 796 burgimagis·

306 821 380 902 tris,
396 820 608 901 pretoribu5‚
629 822 843 903 consulibuS,
869 821 1006 884 civibus
1022 832 1057 883 et
1073 821 1384 884 communitatibus
1399 841 1444 884 ac
1459 821 1588 884 ceteris

307 928 585 1010 quibuscumque
625 929 754 991 nostris
790 940 826 991 et
861 929 954 990 sacri
987 926 1129 1009 imperii
1164 948 1206 988 ac
1245 927 1349 990 etiam
1387 937 1587 990 nostrorum

305 1033 598 1097 hereditariorum
628 1034 888 1116 principatuum
924 1044 959 1097 et
995 1033 1256 1116 provinciarum
1290 1034 1441 1097 subditis
1477 1035 1586 1117 cujus-

306 1161 454 1223 cumque
479 1141 674 1222 dignitatis,
699 1152 811 1204 status
836 1162 898 1204 seu
924 1140 1137 1204 conditionis
1160 1142 1231 1203 sint
1255 1151 1290 1203 et
1314 1161 1380 1223 per
1400 1155 1588 1224 presentes

305 1247 464 1329 requisiti
489 1247 620 1310 fuerint
644 1249 796 1329 gratiam
821 1260 978 1313 nostram
1003 1259 1038 1311 et
1062 1250 1331 1312 omnebonum.

395 1354 469 1418 Nos
497 1355 582 1417 moti
606 1357 817 1436 urgentibus
840 1356 1039 1418 rationibus
1071 1367 1106 1418 et
1130 1356 1353 1437 praearduiS,
1382 1359 1587 1435 accedente,

305 1462 453 1525 consilio
485 1470 520 1524 et
544 1482 718 1525 consensu
741 1472 944 1536 nostrorum
969 1473 1004 1526 et
1028 1462 1120 1525 sacri
1150 1462 1287 1544 imperii
1313 1465 1506 1526 electorum
1532 1485 1586 1526 ce·
1624 1485 1627 1492 ·

306 1580 533 1650 terorumque
557 1568 754 1651 principum
780 1579 815 1631 et
832 1580 985 1632 statuum
1006 1569 1063 1632 hic
1080 1571 1176 1652 apud
1194 1590 1259 1632 nos
1275 1582 1588 1651 congregatorum,

307 1674 480 1738 edidimus
516 1685 650 1737 certum
684 1677 838 1739 edictum
874 1677 950 1739 sive
974 1679 1178 1740 mandatum
1202 1676 1392 1739 Martinum
1418 1678 1587 1741 Luterum

306 1802 347 1844 ac
373 1783 489 1862 legem
513 1781 775 1863 impressoriam
800 1802 1021 1847 concernens
1040 1794 1078 1845 ut
1092 1784 1193 1847 iuxta
1207 1795 1393 1866 presentes
1409 1785 1587 1850 videbitis.

306 1889 520 1951 Mandantes
543 1887 678 1951 idcirco
695 1890 798 1952 vobis
815 1891 977 1954 omnibus
1002 1900 1037 1954 et
1052 1891 1199 1952 cuilibet
1218 1899 1372 1953 vestrum
1393 1894 1459 1954 sub
1484 1892 1589 1974 penis

306 1996 466 2059 emendis
495 2011 530 2058 et
554 1996 855 2060 satisfactionibus
878 1998 914 2060 in
940 1997 1112 2060 eiusmodi
1141 1997 1247 2059 edicti
1276 2007 1337 2059 aut
1365 1997 1521 2060 mandati
1545 2018 1588 2061 ae

306 2103 397 2185 legis
421 2101 547 2165 litteris
572 2103 746 2166 contentis
770 2103 864 2166 omni
889 2102 981 2166 serie
997 2103 1214 2185 presentium
1233 2125 1299 2186 per
1314 2115 1473 2168 tenorem
1490 2106 1586 2186 quod

306 2210 454 2292 quilibet
469 2220 624 2272 vestrum
640 2197 844 2292 hujusmodi¹
856 2221 1013 2273 nostrum
1030 2211 1184 2273 edictum
1200 2213 1404 2274 mandatum
1417 2231 1458 2273 ac
1469 2212 1586 2293 legem

305 2316 480 2379 universis
504 2326 539 2379 et
563 2317 712 2399 singulis
737 2326 808 2380 tam
833 2318 963 2380 nostris
978 2338 1083 2399 quam
1100 2318 1185 2381 viris
1200 2318 1351 2380 subditis
1376 2328 1409 2380 et
1433 2319 1502 2381 illis
1526 2318 1588 2400 qui

306 2435 448 2487 vestrae
472 2426 621 2486 subsunt
648 2424 865 2507 jurisditioni
890 2435 926 2487 et
954 2424 1249 2488 administrationi
1278 2424 1420 2507 publice
1453 2426 1585 2487 denun-

306 2531 401 2594 tietis
426 2540 462 2594 et
486 2532 557 2611 legi
581 2530 738 2611 faciatiS,
771 2530 894 2614 eisque
917 2534 984 2593 sub
1008 2532 1110 2613 penis
1135 2532 1293 2595 emendis
1317 2543 1353 2595 et
1376 2531 1586 2595 satisfactio·

306 2638 410 2701 nibus
434 2638 611 2700 mandatis
636 2649 671 2700 et
695 2639 740 2700 ad
766 2658 809 2699 ea
833 2637 1086 2719 constringatis
1110 2648 1147 2701 ut
1172 2638 1343 2702 eiusmodi
1357 2638 1475 2702 edicto
1492 2659 1587 2700 man-

306 2747 390 2808 dato
416 2764 458 2806 ac
483 2744 556 2826 legi
579 2744 614 2807 in
640 2743 802 2808 omnibus
826 2745 968 2827 punctis
993 2755 1027 2807 et
1051 2745 1208 2808 articulis
1225 2744 1435 2807 obedienter
1451 2744 1587 2824 vivant,

307 2862 342 2914 et
365 2852 562 2914 inherendo
588 2858 820 2933 exequantur.
868 2849 1038 2914 Similiter
1063 2862 1098 2914 et
1122 2872 1185 2915 vos
1209 2871 1276 2932 pro
1299 2850 1402 2914 vobis
1427 2851 1514 2933 ipsis
1538 2852 1588 2915 ita

306 2958 446 3021 faciatis
471 2969 508 3020 ut
533 2967 654 3020 nostra
678 2970 731 3019 est
756 2958 959 3021 omnimoda
992 2959 1157 3020 voluntas
1182 2968 1217 3020 et
1241 2957 1375 3020 seriosa
1398 2960 1586 3021 sententia.

842 3191 858 3199 Λ
865 3189 933 3199 men-u-
940 3189 1007 3199 wxmn
1023 3189 1046 3199 νι

919 3418 973 3483 82.

624 3533 1013 3613 Vioecunoellurius
1041 3534 1258 3615 Alcandru.

748 3672 892 3742 (untur.
912 3672 1037 3731 uma
1054 3672 1084 3730 u.
1104 3672 1152 3740 u.)

625 3796 676 3854 (12.
698 3793 763 3841 Maii
786 3802 860 3854 1521.
880 3820 912 3829 -
933 3793 1098 3841 Wormatiae
1117 3794 1157 3840 62.
1179 3789 1264 3858 Maii.)

394 3914 631 3979 Hiermattina
660 3915 697 3977 fu
722 3917 809 3978 letta
833 3917 890 3977 nel
916 3935 1017 3977 sacro
1043 3915 1248 3978 Consistoro
1280 3914 1314 3978 in
1340 3917 1521 3997 presentia
1550 3917 1587 3980 di

305 4025 348 4088 N.
362 4025 399 4089 S.
414 4037 448 4085 et
460 4034 551 4085 tutto
568 4022 576 4051 ’
580 4025 590 4085 1
608 4023 703 4086 Rmo
722 4021 910 4104 Colleggio
925 4023 959 4083 la
970 4021 1146 4084 sententia
1163 4032 1197 4085 et
1210 4022 1477 4085 dechiaratione
1491 4026 1586 4085 della

304 4143 407 4195 santa
431 4140 549 4192 mente
579 4129 614 4192 di
639 4129 769 4193 Cesare
794 4130 827 4191 in
853 4128 1063 4191 defensione
1088 4129 1182 4191 della
1205 4128 1287 4192 fede
1312 4138 1347 4192 et
1372 4128 1467 4191 Sede
1501 4151 1586 4213 apo·

305 4238 430 4301 stolica
454 4246 580 4299 contra
603 4236 628 4300 il
652 4237 845 4299 maladetto
870 4234 995 4317 spirito
1028 4236 1064 4298 di
1093 4235 1227 4298 Luther
1257 4245 1292 4298 et
1321 4235 1437 4298 intesa
1469 4236 1506 4298 fu
1539 4238 1586 4300 da

305 4343 341 4407 S.
367 4342 508 4406 Santita
532 4354 568 4405 et
592 4344 672 4405 tutti
700 4344 723 4406 li
749 4344 877 4405 Revmi
913 4341 1059 4423 Signori
1090 4362 1155 4405 con
1188 4345 1386 4424 allegrezza
1417 4353 1452 4406 et
1486 4344 1584 4408 satis·

304 4449 454 4513 fattione
481 4450 690 4513 incredibile
723 4458 940 4531 approvata,
977 4449 1099 4511 lodata
1134 4460 1169 4511 et
1204 4451 1363 4512 exaltata
1397 4453 1585 4532 pregando

303 4555 498 4619 humillime
522 4555 572 4619 Su
597 4556 823 4620 Beatitudine
859 4575 926 4618 con
956 4555 1026 4619 essi
1051 4554 1098 4619 Sf¹
1120 4556 1250 4619 Revmi
1285 4559 1352 4620 che
1377 4557 1506 4620 Nostro
1532 4557 1584 4621 Si-

304 4683 417 4745 gnore
435 4663 503 4726 Dio
527 4662 709 4745 augmenti
733 4673 768 4724 et
783 4662 948 4744 prosperi
973 4672 1099 4745 questo
1124 4662 1389 4745 religiosissimo
1406 4664 1523 4727 animo
1549 4665 1584 4727 di

304 4791 345 4835 su
368 4771 509 4834 Maesta
533 4780 568 4833 et
592 4770 672 4832 tutti
696 4770 708 4831 i
732 4768 784 4832 soi
807 4770 889 4833 iusti
913 4769 1080 4834 desiderii
1105 4780 1140 4832 et
1164 4771 1229 4832 che
1255 4770 1418 4833 conservi
1449 4772 1520 4834 alla
1543 4791 1585 4834 su

305 4878 434 4941 Chiesa
458 4879 530 4941 tale
553 4878 730 4941 advocato
754 4874 960 4940 fidelissimo
986 4886 1021 4939 et
1045 4875 1290 4960 potentissimo
1315 4885 1351 4938 et
1375 4876 1585 4940 constantis·
