3559 5734
697 553 942 626 asanaa

178 709 274 796 quali
298 732 398 778 corne
422 709 481 797 piu
507 715 686 778 necessari
709 726 745 778 et
768 715 803 778 in
822 715 984 798 maggior
1001 714 1190 780 deformita
1206 697 1325 781 caduti
1339 719 1459 782 handu

177 821 332 904 bisogno
368 822 403 884 di
437 822 601 905 maggior
633 843 718 886 cura
753 833 788 885 et
821 823 1066 906 reparatione;
1103 835 1138 887 et
1170 846 1191 887 a
1220 827 1331 907 quest’
1349 846 1460 908 opera

179 930 222 993 V.
241 927 277 992 S.
301 931 438 1012 spenda
463 930 548 1012 ogni
572 930 689 993 studio
714 939 750 993 et
773 930 932 1013 ingegno
957 951 1020 994 suo
1044 932 1176 1013 perche
1192 953 1231 996 se
1254 953 1299 996 ne
1316 936 1459 1016 vengha

178 1038 250 1100 allo
275 1036 403 1100 effecto
426 1038 558 1119 perche
583 1037 691 1101 nichil
714 1037 932 1101 commodius
956 1049 1016 1102 aut
1040 1039 1241 1120 gloriosius.

269 1228 352 1244 ....
379 1180 428 1242 Le
453 1182 580 1242 lettere
604 1181 662 1243 del
678 1181 821 1243 Barone
845 1180 874 1243 si
899 1202 987 1245 sono
1005 1184 1171 1245 mandate
1196 1196 1231 1246 et
1253 1205 1320 1247 con
1336 1195 1460 1266 queste

178 1286 260 1350 sara
282 1308 329 1350 un
354 1308 418 1350 suo
442 1287 536 1368 plico
560 1295 704 1368 portato
729 1287 787 1348 dal
811 1286 881 1349 mio
906 1290 1098 1352 secretario
1123 1290 1189 1353 che
1213 1291 1302 1354 hieri
1325 1291 1460 1354 ritornd

179 1396 225 1458 da
249 1395 366 1474 Buda,
391 1394 416 1457 il
440 1395 555 1476 quale,
580 1394 742 1474 segondo
767 1395 834 1456 che
857 1414 924 1475 per
946 1396 968 1456 l’
986 1397 1075 1459 altre
1100 1397 1237 1481 scrissi,
1262 1400 1404 1462 mandai
1427 1401 1461 1462 la

179 1503 270 1564 oltre
302 1501 433 1582 perche
464 1503 557 1564 bene
588 1500 792 1564 intendesse
823 1503 906 1583 quel
939 1504 1005 1564 che
1036 1503 1065 1566 si
1095 1524 1142 1586 po
1174 1525 1320 1586 sperare
1352 1506 1396 1568 de
1427 1507 1461 1568 le

179 1628 263 1672 cose
280 1608 448 1671 Boemice
473 1618 509 1670 et
532 1618 892 1689 consequentemente
917 1611 982 1672 che
1006 1608 1145 1674 facesse
1167 1611 1275 1674 officii
1296 1615 1341 1676 de
1357 1612 1462 1677 visita

180 1737 246 1781 con
272 1716 380 1798 quelli
404 1726 440 1779 et
463 1716 518 1778 col
543 1725 645 1778 revm⁰
669 1712 917 1795 strigoniense
942 1715 1125 1781 offerendo
1150 1727 1216 1784 etc.

269 1860 315 1923 Et
337 1860 475 1922 bench&
508 1859 542 1922 io
575 1879 688 1943 penso
722 1860 788 1922 che
814 1860 833 1922 'l
859 1859 1002 1922 Barone
1036 1859 1327 1943 diligentemente
1361 1872 1396 1925 et
1427 1862 1463 1925 di

180 1978 307 2050 questo
338 1978 374 2030 et
402 1968 446 2029 de
470 1965 492 2027 l’
510 1966 590 2027 altri
621 1966 841 2029 trattamenti
872 1967 938 2030 che
962 1966 1071 2030 fanno
1102 1969 1191 2031 hora
1220 1969 1256 2031 in
1285 1979 1462 2034 convento

181 2075 298 2139 scriva
330 2095 352 2136 a
374 2073 417 2136 N.
443 2071 479 2136 S.
505 2073 768 2136 nientedimeno
800 2073 846 2136 mi
870 2094 958 2155 pare
983 2076 1125 2137 da'non
1150 2076 1283 2139 lassare
1311 2077 1356 2140 de
1380 2076 1462 2140 scriss

182 2202 267 2245 vere
291 2180 421 2263 que110‚
445 2181 512 2243 che
536 2200 617 2243 esso
634 2178 837 2244 Secretario
861 2182 931 2243 mio
956 2183 1002 2242 de
1026 2181 1050 2242 li
1074 2183 1120 2244 ha
1135 2181 1320 2264 riporum,
1345 2183 1463 2246 massi-

181 2299 357 2352 mamente
391 2287 486 2350 circa
508 2289 542 2350 le
567 2307 650 2350 cose
683 2287 719 2349 di
743 2287 910 2369 Boemia,
946 2290 979 2351 le
1004 2288 1099 2370 quali
1130 2290 1219 2352 hora
1243 2291 1362 2354 hanno
1393 2311 1464 2353 una

181 2396 371 2460 occasione
396 2393 632 2478 grandissima
656 2404 691 2457 et
714 2393 940 2476 inexpettata
964 2394 1009 2457 da
1033 2394 1169 2477 potersi
1190 2398 1402 2460 concludere
1428 2407 1465 2460 et

181 2503 373 2567 terminare
404 2521 472 2583 pur
502 2502 568 2564 che
599 2501 718 2582 quella
741 2501 898 2582 Maesta,
928 2511 964 2564 et
987 2502 1304 2566 Reverendissimo
1329 2500 1463 2585 Strigo·

183 2614 306 2676 niense
337 2610 387 2693 gli
412 2609 517 2672 dieno
549 2609 673 2671 favore
705 2618 740 2670 et
764 2607 932 2671 autoriti:
969 2608 1099 2690 perche
1124 2609 1220 2691 dopo
1244 2612 1362 2692 quello
1398 2612 1464 2674 che

181 2720 221 2783 fu
244 2718 335 2782 fatto
365 2718 400 2780 in
427 2717 563 2798 Praga,
599 2723 689 2778 tutte
713 2717 747 2778 le
771 2717 861 2778 altre
886 2715 970 2778 citta
1002 2716 1047 2779 de
1071 2717 1105 2778 la
1129 2716 1314 2798 provincia
1345 2721 1464 2783 hanno

182 2829 274 2891 fatto
298 2827 322 2890 il
348 2825 541 2888 medesimo
557 2821 844 2905 imprigionando
868 2821 978 2903 quelli
993 2823 1069 2886 loro
1085 2823 1260 2887 Picardici
1285 2835 1320 2887 et
1336 2826 1465 2889 Luthe·

183 2934 272 3013 rani,
300 2945 336 2996 et
359 2931 588 3014 procedendo
612 2928 674 3012 piri
699 2930 790 2991 oltra
814 2929 859 2990 de
884 2928 906 2991 li
932 2930 1081 3011 Pragesi
1105 2932 1250 2994 hannoli
1274 2933 1467 2996 examinati

183 3054 228 3107 et¹
243 3041 361 3105 fattoli
386 3039 588 3103 confessare
612 3037 637 3098 li
661 3035 801 3099 authori
825 3045 860 3098 et
884 3036 964 3118 capi
988 3037 1065 3099 loro
1090 3038 1114 3100 li
1140 3038 1235 3119 quali
1258 3048 1314 3102 tra
1338 3039 1362 3102 li
1384 3041 1466 3103 altri

182 3153 305 3214 hanno
330 3148 427 3210 detto
453 3147 497 3208 de
522 3166 568 3208 un
593 3146 787 3223 Presteng‚
823 3163 907 3205 cose
931 3143 997 3205 che
1021 3155 1176 3225 arguunt
1204 3167 1284 3209 eum
1308 3145 1465 3210 affectati

184 3254 346 3320 Boemici
360 3253 494 3336 Regni,
519 3261 554 3315 et
578 3250 691 3315 costui
715 3252 804 3313 hora
827 3251 857 3313 si
881 3262 984 3313 trova
1008 3252 1078 3315 alla
1095 3251 1202 3316 Corte
1226 3274 1296 3316 non
1318 3274 1386 3336 pur
1401 3275 1466 3336 per

185 3373 293 3429 conto
325 3363 382 3425 del
414 3368 590 3424 convento
622 3379 678 3421 ma
709 3378 774 3439 per
805 3377 852 3419 un
876 3357 1007 3421 iudicio
1038 3360 1072 3421 al
1104 3361 1209 3441 quale
1240 3359 1259 3422 e
1290 3361 1466 3424 chiamato

184 3493 252 3555 per
267 3491 338 3534 una
352 3467 577 3532 accusatione
593 3465 741 3529 vecchia
763 3464 798 3527 di
812 3486 963 3546 veneno,
989 3475 1114 3528 contra
1134 3487 1323 3548 personam
1339 3469 1466 3552 Regis,

184 3583 223 3644 la
246 3579 351 3661 quale
375 3577 509 3639 anchor
533 3575 599 3636 che
623 3574 652 3637 si
676 3572 774 3635 tratti
797 3572 1050 3654 frigidamente
1073 3594 1141 3654 pur
1163 3575 1273 3637 habet
1288 3575 1466 3639 hominem

186 3686 340 3751 maxime
374 3683 536 3755 anxium;
572 3701 637 3743 eon
665 3679 778 3762 questi
813 3679 969 3742 successi
1001 3688 1092 3742 tutte
1124 3682 1243 3762 quelle
1276 3681 1399 3745 cittadi
1433 3693 1469 3747 et

187 3793 304 3858 ordini
328 3794 405 3855 loro
429 3793 547 3853 hanno
573 3788 740 3850 mandato
765 3785 922 3849 huomini
947 3777 983 3849 et
1006 3788 1111 3850 lettre
1135 3790 1169 3850 al
1192 3788 1252 3852 Re
1277 3798 1312 3851 et
1333 3788 1467 3871 Strigo·

187 3902 311 3965 niense
335 3920 356 3962 a
380 3898 586 3960 dimandare
617 3895 684 3957 che
708 3894 807 3956 sieno
831 3892 945 3975 puniti
969 3894 1075 3975 quelli
1100 3894 1271 3975 picardici
1299 3907 1335 3959 et
1358 3898 1469 3988 luthe-

187 4009 279 4086 rani,
303 4008 369 4069 che
393 3984 550 4087 tengono
574 4001 730 4083 prigioni
755 4000 907 4062 dicendo
932 4002 997 4063 che
1021 4002 1138 4063 homai
1162 4023 1232 4064 non
1257 4003 1470 4067 desider-ano

188 4118 293 4196 altro,
319 4117 384 4177 che
408 4115 444 4175 la
467 4108 684 4173 extinctione
709 4106 744 4168 di
762 4106 880 4188 quella
904 4117 1005 4188 peste
1030 4107 1065 4168 di
1082 4109 1222 4170 heresia
1247 4121 1282 4171 et
1299 4110 1334 4172 di
1350 4131 1470 4175 essere

188 4221 301 4288 buoni
325 4218 515 4284 Christiani
547 4226 582 4279 et
612 4213 700 4278 uniti
732 4234 798 4276 con
824 4211 936 4275 Santa
961 4213 1098 4294 chiesa,
1135 4227 1169 4283 et
1200 4217 1332 4298 perche
1363 4238 1408 4280 ne
1436 4221 1472 4281 la

188 4330 298 4395 Dicta
331 4349 418 4391 sono
442 4327 550 4389 molte
582 4321 729 4386 materie
763 4322 808 4382 da
832 4329 980 4383 trattare
1004 4321 1135 4402 prima,
1171 4343 1241 4385 non
1275 4344 1383 4387 erano
1407 4346 1473 4408 per
1500 4375 1503 4381 ,

190 4439 307 4503 anche
331 4436 413 4498 stati
438 4432 535 4496 oditi.
571 4428 818 4509 Strigoniense
843 4426 1022 4490 stimulato
1047 4438 1082 4489 et
1107 4430 1295 4492 exhortato
1316 4433 1473 4494 anchora

189 4548 230 4610 in
253 4564 357 4608 nome
382 4544 451 4605 mio
476 4562 497 4602 a
518 4558 625 4621 porre
649 4536 734 4615 ogni
752 4555 815 4596 suo
829 4535 948 4596 slorzo
965 4536 1035 4596 alla
1053 4537 1279 4600 conclusione
1295 4538 1331 4599 di
1348 4550 1474 4621 questa

191 4664 297 4718 santa
321 4670 431 4733 opera
454 4647 625 4729 risponde
650 4644 715 4706 che
739 4643 774 4704 la
798 4662 881 4704 cosa
905 4642 1105 4705 anchorae
1129 4642 1165 4706 in
1189 4646 1311 4724 herba,
1336 4654 1372 4709 et
1386 4667 1474 4729 pare

192 4764 262 4826 che
286 4761 331 4824 ad
357 4757 506 4842 qualche
531 4773 594 4816 suo
620 4749 788 4831 dissegno
812 4748 847 4810 la
871 4750 1005 4829 tengha
1029 4750 1063 4812 in
1084 4752 1187 4831 colle,
1212 4752 1364 4816 dicendo
1386 4756 1473 4835 perd

192 4870 232 4932 di
256 4871 327 4931 ben
349 4864 427 4928 fare
452 4872 488 4925 et
511 4863 557 4923 da
581 4876 753 4943 speranza
776 4856 914 4937 grande
938 4854 967 4916 si
990 4876 1057 4938 per
1078 4857 1212 4921 havere
1236 4859 1295 4940 qui
1312 4880 1359 4922 un
1374 4862 1475 4923 Duca

1262 4971 1317 5028 24*
