3559 5734
844 520 1091 577 0-43334ii>0

328 687 435 750 super
468 667 563 748 quod
597 686 663 749 per
694 667 787 730 hanc
822 666 917 730 viam
951 665 986 729 in
1020 665 1221 730 Christiana
1250 666 1425 749 religione
1456 666 1609 730 schisma

328 785 512 838 aeternum
536 773 706 837 inducere
730 793 935 855 possemne,
970 773 1223 836 dissidentibus
1254 774 1375 855 iniis,
1407 794 1499 855 quae
1530 795 1608 858 per-

328 882 441 945 tinent
464 881 510 944 ad
532 879 655 960 fidem,
679 878 883 960 Germanis,
909 900 930 942 a
955 880 1107 943 coeteris
1130 878 1358 944 Nationibus:
1389 901 1496 963 quum
1520 880 1609 944 veri·

328 989 440 1052 simile
471 1009 542 1052 non
575 988 621 1050 sit
651 986 740 1049 alias
764 985 938 1050 Nationes
974 987 1062 1049 citra
1093 985 1276 1051 Pontificis
1306 986 1553 1068 autoritatem,
1589 1008 1611 1050 a

328 1096 517 1160 Germanis
539 1097 651 1177 leges,
676 1103 738 1157 aut
759 1092 846 1156 ritus
869 1103 1115 1176 suscepturas:
1140 1094 1236 1175 quod
1260 1105 1429 1177 quantum
1452 1096 1609 1159 futurum

328 1203 373 1266 sit
396 1212 621 1285 oportunum,
646 1211 682 1263 et
706 1201 928 1264 commodum
953 1200 1150 1265 rationibus
1164 1202 1275 1284 paciS,
1301 1223 1405 1285 quarn
1420 1212 1609 1286 tantopere

329 1312 422 1374 inter
446 1308 667 1373 Christianos
691 1308 877 1390 Principes
901 1307 1127 1389 affectamus,
1157 1311 1275 1372 nullus
1300 1320 1354 1372 est
1378 1310 1438 1392 qui
1462 1310 1609 1374 nesciat.

329 1417 524 1482 infelicitas
547 1436 655 1498 porro
681 1415 853 1496 maxima,
874 1406 921 1478 'et
945 1414 1139 1499 indignitas
1162 1415 1311 1498 insignis
1334 1417 1442 1480 fuerit
1466 1417 1608 1481 Christi·

329 1546 419 1589 anae
447 1522 651 1606 religionis,
685 1524 810 1585 eadem
834 1524 982 1586 vulnera
1016 1523 1182 1586 continue
1215 1521 1399 1605 refricare,
1434 1534 1543 1607 atque
1575 1524 1608 1587 in

329 1631 474 1696 dubium
499 1652 541 1694 ea
564 1651 750 1707 revocare,
776 1650 868 1710 quae
893 1628 1027 1692 centies
1050 1633 1097 1694 ab
1121 1629 1291 1712 Ecclesia,
1317 1652 1339 1693 a
1361 1631 1539 1714 Consiliis,
1564 1632 1609 1694 ab

330 1738 617 1822 Imperatoribus,
642 1736 819 1818 Regibus,
844 1748 880 1799 et
894 1735 1060 1800 universo
1077 1736 1276 1801 Christiano
1293 1740 1426 1821 populo
1441 1739 1611 1802 damnata

331 1849 443 1910 suere:
473 1846 667 1909 Praeterea
697 1844 732 1906 in
756 1845 824 1906 hac
849 1843 1130 1926 congregatione
1155 1843 1184 1907 si
1208 1844 1320 1908 omnis
1344 1844 1477 1908 ordinis
1501 1845 1609 1909 horni-

331 1976 410 2034 nes,
442 1953 537 2034 quod
565 1950 736 2014 affectare
760 1951 925 2013 videntur
956 1960 992 2013 et
1016 1960 1157 2032 petunt,
1182 1950 1421 2033 admittentur,
1446 1964 1483 2015 et
1506 1955 1610 2035 plebs

329 2083 399 2124 una
423 2081 502 2123 curn
526 2059 762 2141 Principibus,
787 2058 974 2139 Praelatis,
999 2068 1034 2121 et
1059 2058 1284 2140 Principibus
1307 2056 1448 2140 sedeat,
1473 2069 1509 2123 et
1533 2079 1609 2124 sen-

329 2167 475 2232 tentiam
504 2168 613 2247 dicat,
649 2167 733 2248 quid
757 2164 914 2229 futurum
938 2166 1000 2247 sit,
1032 2186 1170 2250 quaeve
1201 2167 1348 2230 decreta
1376 2166 1503 2230 haberi
1525 2164 1610 2228 inde

330 2275 484 2358 possint,
514 2274 663 2356 quisque
687 2273 755 2337 sibi
779 2272 925 2355 cogitet.
972 2271 1011 2336 Si
1043 2294 1113 2337 non
1142 2272 1388 2354 admittentur,
1417 2272 1502 2355 quid
1534 2273 1610 2337 sine

329 2382 415 2464 ipsis
439 2380 605 2444 stabilitis
629 2391 665 2443 et
689 2379 833 2443 sancitis
857 2380 1060 2444 attributuri
1083 2379 1172 2462 sint,
1196 2402 1260 2444 nos
1284 2380 1406 2461 dicite,
1430 2379 1491 2462 qui
1512 2360 1609 2443 scitis

330 2509 392 2552 eos
422 2487 491 2551 iarn
525 2487 612 2550 nulli
643 2487 817 2550 sanctioni
840 2486 1048 2551 Pontificiae
1072 2499 1134 2551 aut
1156 2487 1422 2571 Imperatoriae,
1445 2487 1506 2550 vel
1529 2506 1608 2550 con·

331 2594 440 2658 siliari
475 2596 701 2658 autoritatem
737 2595 892 2676 aliquam
935 2595 1139 2678 reliquisse;
1174 2597 1378 2659 clamabunt
1413 2593 1533 2657 statim
1570 2613 1609 2657 se

331 2703 507 2783 exclusos,
524 2721 569 2765 ne
585 2701 620 2764 in
637 2721 759 2765 eorum
777 2701 874 2765 corio
892 2702 1095 2765 ludentibus
1111 2701 1328 2783 assisterent,
1352 2710 1389 2765 et
1412 2721 1487 2765 rem
1510 2720 1609 2765 suam

330 2817 599 2892 cognoscerent.
645 2808 771 2890 Itaque
799 2829 916 2890 neque
952 2808 997 2872 ad
1030 2830 1172 2893 pacem,
1211 2829 1326 2892 neque
1362 2808 1407 2872 ad
1443 2806 1608 2891 quietern,

330 2935 446 2997 neque
470 2916 516 2978 ad
540 2913 765 2977 concordiam
790 2913 1004 2979 Germaniae
1028 2916 1345 2999 congregationem
1375 2917 1466 2979 hanc
1491 2914 1610 2997 profu·

330 3032 444 3085 turam
467 3020 595 3086 iudico.
643 3019 748 3101 Quod
771 3021 800 3085 si
825 3021 978 3103 omissis,
1014 3043 1105 3106 quae
1134 3025 1179 3085 ad
1209 3022 1316 3087 fidem
1340 3032 1376 3086 et
1399 3021 1610 3105 religionem

331 3138 511 3211 spectant,
541 3127 697 3190 dixerint
720 3127 829 3211 aliqui
853 3130 1050 3211 predictam
1075 3131 1392 3213 congregationem
1417 3127 1609 3210 suscipien-

331 3239 412 3300 dam
437 3256 515 3299 esse
547 3235 582 3298 in
616 3236 707 3301 hanc
739 3236 931 3318 rationem,
960 3247 999 3300 ut
1030 3237 1121 3321 lapsi
1144 3258 1260 3302 mores
1288 3247 1325 3301 et
1348 3236 1442 3300 Cleri
1465 3235 1610 3299 licentia

331 3352 538 3406 coerceatur
561 3350 596 3405 et
615 3343 836 3407 restituatur:
860 3344 947 3407 illud
962 3346 1180 3427 respondere
1193 3346 1306 3409 libere
1321 3364 1477 3427 possum,
1495 3343 1608 3425 hujus-

331 3450 426 3513 modi
451 3450 675 3532 corruptelae
699 3449 768 3514 iam
792 3450 879 3513 satis
904 3462 1055 3532 cautum,
1080 3462 1115 3515 et
1138 3451 1319 3535 provisum
1336 3471 1424 3531 esse,
1449 3458 1485 3513 et
1508 3451 1609 3531 leges

331 3557 367 3620 in
391 3559 459 3620 hac
483 3577 522 3620 re
546 3559 674 3620 multas
697 3559 788 3621 latas
813 3577 909 3639 esse,
934 3578 1025 3639 quae
1049 3559 1079 3622 si
1103 3558 1286 3623 observari
1310 3559 1538 3639 mandentur,
1574 3567 1609 3620 et

331 3665 378 3728 ad
401 3664 437 3726 id
461 3685 516 3727 me
540 3663 731 3728 sufficienti
754 3664 924 3728 facultate
948 3665 1119 3729 munitum
1142 3665 1365 3746 vocaverint,
1397 3664 1515 3728 statim
1539 3684 1606 3727 om·

332 3771 391 3834 nia
414 3771 545 3835 fuerint
568 3772 742 3838 restituta.
787 3774 878 3836 Tota
902 3772 969 3836 nisi
987 3773 1090 3837 huius
1113 3774 1164 3836 rei
1188 3774 1278 3836 ratio
1302 3773 1337 3836 in
1360 3772 1429 3835 hoc
1453 3770 1521 3834 sita
1545 3782 1607 3851 est,

334 3887 373 3941 ut
397 3898 488 3960 quae
512 3881 697 3942 commode
721 3879 933 3961 adinventa,
968 3891 1003 3943 et
1026 3891 1123 3943 recte
1148 3880 1193 3942 ad
1217 3899 1343 3962 pacem
1384 3889 1420 3940 et
1444 3878 1607 3940 unionem

333 3984 612 4050 Christianorum
649 3986 855 4068 excogitata
893 3994 929 4049 et
969 3987 1066 4050 edita
1098 3995 1194 4049 sunt:
1236 4006 1279 4049 ea
1313 3984 1458 4065 inquam
1492 3982 1608 4046 omnia

331 4093 585 4174 custodiantur,
610 4103 645 4156 et
669 4102 865 4157 serventur.
981 4173 986 4182 ρ

422 4199 553 4281 Quinto
590 4220 659 4281 quo
696 4201 743 4263 ad
774 4200 958 4263 materiam
992 4200 1238 4283 gravaminum
1268 4198 1355 4261 illud
1390 4196 1484 4261 idern
1518 4195 1608 4275 dico,

333 4308 428 4388 quod
453 4317 489 4371 et
511 4307 600 4370 alias
622 4306 795 4389 praefatis
819 4308 998 4390 deputatis
1019 4306 1201 4389 respondi,
1223 4304 1308 4369 mihi
1325 4304 1438 4385 magis
1453 4305 1608 4386 placere,

333 4422 371 4476 ut
395 4414 542 4477 materia
565 4416 655 4477 haec
679 4434 744 4495 per
757 4412 928 4479 Oratores
953 4415 1110 4478 eruditos
1134 4422 1171 4478 et
1190 4415 1281 4476 bene
1296 4412 1488 4475 instructos
1512 4410 1608 4491 apud

333 4519 597 4584 Sanctissimum
623 4521 813 4584 Dominum
836 4521 1005 4584 Nostrum
1034 4530 1070 4584 et
1093 4519 1225 4584 Sedem
1249 4517 1496 4601 Apostolicam
1520 4527 1607 4580 trac-

333 4637 487 4692 taretur:
516 4628 623 4709 idque
648 4637 719 4690 tam
742 4648 809 4709 pro
834 4627 1009 4708 dignitate
1033 4625 1138 4692 Sedis
1161 4627 1356 4711 praefatae,
1381 4645 1486 4707 quam
1507 4621 1608 4687 Sacri

334 4734 488 4799 Romani
505 4734 658 4816 imperii,
683 4756 704 4797 a
721 4733 849 4817 quibus
865 4735 972 4798 etiam
988 4736 1092 4817 plura
1106 4733 1327 4816 impetraturi
1349 4740 1479 4812 essent,
1503 4751 1606 4814 quarn

332 4841 368 4906 in
391 4843 579 4906 multorum
604 4840 772 4925 opinione
801 4843 941 4907 cadant.
988 4841 1222 4911 Nihilominus
1245 4841 1275 4904 si
1297 4837 1484 4903 maluerint
1515 4840 1607 4902 hanc
