3559 5734
827 542 884 602 θέλ
923 542 977 602 472
1015 543 1072 600 oe

310 689 496 758 elesiarum
520 711 562 757 ac
587 692 878 760 monasteriorum
905 696 1108 758 eversiones
1133 715 1211 758 cum
1235 694 1406 758 bonorum
1427 691 1589 777 direptio-

310 803 412 865 nibus
427 813 465 863 ut
479 802 547 863 iam
566 822 669 864 omne
694 805 822 865 malum
847 823 912 884 pro
939 803 1210 883 uniuscuiusque
1227 803 1372 865 libidine
1397 813 1432 865 et
1449 802 1594 865 sceleris

309 930 423 990 genus
447 930 494 971 ex
519 908 588 971 illis
611 909 819 990 regionibus
845 910 1002 971 auditum
1027 910 1133 971 fuerit
1157 922 1192 970 et
1216 910 1329 972 indies
1353 911 1534 988 audiatur,
1559 922 1593 970 et

309 1018 479 1099 precipue
503 1018 539 1079 id
564 1019 658 1098 quod
683 1019 727 1079 ad
759 1015 999 1078 ecclesiastice
1035 1016 1217 1097 dignitatis
1250 1020 1351 1080 simul
1380 1029 1416 1079 et
1444 1018 1593 1079 auctori·

310 1125 394 1187 tatis
419 1123 687 1206 oppressionem
711 1123 899 1185 manifeste
925 1123 1056 1204 tendit,
1081 1124 1164 1204 quin
1189 1124 1292 1186 etiam
1324 1126 1418 1205 quod
1444 1126 1596 1205 amplius

310 1244 364 1294 est
388 1242 423 1294 et
447 1231 588 1293 minime
612 1233 807 1292 verendum
833 1242 928 1308 erat,
961 1232 1085 1292 eadem
1111 1231 1237 1293 seditio
1261 1230 1426 1312 idemque
1451 1233 1596 1292 morbus

310 1338 459 1419 patriam
485 1338 588 1401 istam
613 1351 648 1400 et
673 1338 877 1401 comitatum
908 1340 1140 1419 'l'yrolensem
1173 1338 1361 1400 novissime
1396 1337 1526 1400 invasit
1559 1349 1596 1398 et

309 1446 420 1507 veluti
445 1466 491 1507 ex
515 1447 668 1527 quadam
693 1444 811 1507 subita
836 1446 1100 1526 conspiratione
1131 1465 1243 1525 usque
1267 1447 1312 1506 ad
1336 1444 1450 1525 ipsam
1475 1445 1595 1506 civita-

310 1564 380 1614 tem
405 1552 649 1615 Tridentinam
675 1552 909 1632 permanavit,
935 1553 980 1613 de
1005 1573 1075 1632 qua
1099 1564 1196 1613 certo
1221 1572 1345 1632 parum
1371 1551 1486 1613 abfuit
1512 1570 1594 1631 quo·

311 1659 423 1720 minus
447 1660 654 1721 audirentur
679 1679 747 1740 que
772 1658 858 1721 alibi
889 1670 1032 1739 patrata
1062 1657 1273 1721 referuntur.
1321 1659 1443 1720 Voluit
1477 1670 1594 1719 tamen

312 1766 408 1826 Deus
433 1764 668 1846 Omnipotens
693 1765 760 1827 mei
786 1777 821 1827 et
845 1786 1003 1828 meorum
1027 1766 1209 1846 aliquanto
1233 1765 1391 1827 misereri
1416 1777 1453 1826 ut
1479 1785 1595 1844 neque

311 1873 405 1953 apud
431 1891 554 1934 omnes
578 1871 807 1936 Tridentinos
832 1894 874 1935 ea
899 1876 999 1935 labes
1023 1873 1277 1950 invalesceret,
1310 1892 1424 1951 neque
1448 1871 1597 1932 ulterius

315 1998 425 2059 usque
450 1980 555 2040 modo
580 1991 751 2060 serperet,
776 1983 822 2042 ad
846 2001 952 2061 quam
976 1980 1277 2061 comprimendam
1301 1980 1390 2040 sicut
1406 1977 1593 2039 Serenissi·

313 2106 389 2147 mus
399 2086 571 2168 Princeps
581 2107 725 2168 operam
742 2108 861 2149 curam
879 2098 915 2148 et
928 2107 1031 2149 omne
1043 2088 1194 2148 studium
1211 2106 1311 2148 suum
1326 2085 1596 2167 diligentissime

314 2213 454 2275 semper
486 2194 625 2255 navarit
657 2194 706 2256 ita
736 2194 1042 2275 impresentiarum
1077 2197 1258 2256 oculorum
1289 2193 1443 2255 maxime
1476 2195 1595 2254 studet

311 2310 417 2381 atque
431 2302 623 2380 contendit,
652 2303 742 2364 adeo
767 2312 805 2364 ut
825 2323 931 2383 quum
956 2302 1239 2383 religiosissimus
1264 2312 1299 2362 et
1323 2301 1423 2362 simul
1449 2299 1590 2380 pientis-

309 2410 416 2469 simus
440 2429 580 2490 semper
604 2409 710 2471 fuerit
736 2407 912 2489 Sedisque
944 2410 1151 2489 Apostolice
1187 2407 1480 2483 studiosissimuS,
1518 2408 1590 2467 iam

312 2514 464 2577 maxime
478 2516 598 2596 cupiat
611 2515 761 2597 intelligi
775 2536 854 2578 sese
867 2516 962 2578 vires
976 2536 1224 2596 quasquesuas
1239 2515 1425 2577 intendere
1439 2514 1484 2575 ad
1503 2516 1594 2575 hanc

312 2622 522 2684 seditionem
548 2622 834 2684 labefactandam
869 2635 904 2685 et
929 2623 1184 2698 cohibendam,
1217 2623 1267 2683 sic
1297 2621 1487 2682 arbitratus
1518 2621 1593 2681 fieri

311 2739 349 2789 ut
380 2727 590 2791 beneficium
616 2750 720 2809 quam
751 2729 941 2792 maximum
972 2728 1057 2790 ⁸*edi
1090 2730 1299 2809 Apostolice
1331 2738 1366 2789 et
1395 2727 1594 2790 Christiane

313 2836 496 2915 religionis
521 2858 542 2897 a
566 2857 604 2899 se
629 2839 794 2899 collatum
822 2858 899 2898 esse
925 2846 1121 2899 censeatur.
1156 2836 1242 2916 Quis
1258 2836 1350 2897 enim
1367 2833 1462 2896 haud
1487 2834 1594 2911 videt,

312 2943 480 3004 comitatu
528 2942 715 3025 Tyrolensi
770 2946 1003 3004 tumultuante
1058 2955 1092 3005 et
1139 2943 1193 3004 his
1230 2941 1315 3024 ipsis
1362 2941 1594 3003 seditionibus

312 3053 579 3128 succumbente,
612 3049 695 3111 inde
724 3049 817 3111 viam
846 3050 976 3131 aperiri
1011 3051 1056 3110 ad
1092 3071 1248 3131 quasque
1282 3048 1463 3130 proximas
1493 3047 1594 3108 ltalie

312 3167 432 3236 partes
456 3156 516 3217 ubi
541 3176 668 3237 nempe
695 3176 800 3219 cause
827 3159 950 3218 eedem
975 3160 1032 3217 vel
1059 3156 1210 3218 maiores
1234 3156 1313 3217 illos
1330 3158 1524 3236 populares
1549 3155 1593 3214 ad

311 3262 503 3325 seditiones
526 3262 726 3325 huiusmodi
750 3263 982 3340 suscitandas
1007 3275 1044 3324 ut
1069 3264 1164 3340 alibi,
1188 3262 1337 3324 invitare
1353 3263 1525 3342 possunt?
1556 3259 1594 3321 Si

315 3369 456 3449 quidem
482 3369 517 3431 in
543 3369 637 3432 omni
661 3372 765 3447 malo,
791 3379 826 3430 et
851 3370 885 3431 in
911 3372 979 3431 hoc
1003 3370 1176 3446 maxime,
1201 3389 1265 3430 usu
1294 3368 1391 3430 venit
1421 3377 1457 3428 ut
1481 3367 1594 3447 primo

313 3476 515 3538 inchoatum
541 3476 712 3538 coaluerit
737 3488 771 3538 et
795 3476 1004 3557 pauxilatim
1029 3486 1100 3537 tam
1125 3477 1233 3557 longe
1257 3477 1399 3556 lateque
1424 3473 1594 3554 serpserit

313 3594 351 3644 ut
384 3583 454 3644 iam
486 3593 596 3645 totam
631 3582 858 3645 Germaniam
892 3583 1088 3646 Christiane
1128 3583 1323 3663 reipublice
1356 3592 1493 3664 partem
1525 3601 1592 3642 non

314 3690 486 3751 modicam
504 3689 668 3752 infecerit
683 3701 718 3751 et
734 3693 778 3751 ad
796 3689 897 3752 Italie
915 3687 1003 3751 fines
1018 3710 1130 3770 usque
1155 3689 1199 3750 sit
1223 3699 1468 3770 pervagatum.
1517 3687 1594 3768 Ego

313 3816 399 3857 vero
424 3796 508 3876 quid
532 3796 568 3857 in
592 3797 657 3857 has
680 3796 851 3877 temporis
877 3797 1096 3858 calamitates
1127 3795 1361 3876 prestiterim,
1386 3796 1594 3869 curaverim,

317 3903 542 3983 maximoque
566 3924 645 3964 meo
671 3914 810 3983 sumptu
835 3903 1047 3983 profecerim
1073 3903 1289 3984 opponendo
1315 3922 1369 3963 me
1394 3903 1519 3984 ipsum,
1544 3922 1593 3962 re·

315 4009 473 4070 sistendo
509 4009 665 4091 nihilque
701 4009 996 4089 pretermittendo
1026 4021 1063 4071 ut
1095 4011 1160 4070 hos
1186 4008 1365 4071 sevientes
1386 4008 1537 4070 rusticos
1561 4018 1595 4068 et

315 4117 554 4177 debaccantes
579 4115 726 4177 lenirem
751 4126 986 4196 temperarem
1021 4127 1056 4177 et
1088 4115 1307 4192 cohiberem,
1343 4116 1449 4175 mallo
1482 4114 1518 4175 id
1550 4135 1594 4176 ex

316 4222 392 4284 aliis
418 4233 571 4283 vestram
597 4221 840 4302 Sanctitatem,
867 4243 970 4302 quam
997 4243 1040 4285 ex
1067 4243 1122 4284 me
1146 4223 1235 4302 ips0,
1253 4222 1308 4283 cui
1324 4222 1359 4283 in
1379 4221 1434 4283 his
1449 4221 1595 4304 gloriari

315 4349 385 4391 non
411 4329 503 4405 licet,
529 4329 745 4409 intelligere;
771 4330 839 4390 hoc
863 4349 968 4391 unum
999 4330 1090 4391 inter
1114 4341 1233 4390 cetera
1258 4329 1399 4409 gaudeo
1423 4349 1478 4390 me
1503 4329 1596 4390 curis

317 4449 352 4498 et
375 4437 527 4499 assiduis
552 4436 637 4497 meis
662 4436 845 4497 laboribus
874 4436 953 4498 Deo
985 4437 1119 4516 optimo
1152 4436 1376 4515 maximoque
1407 4434 1597 4498 adiuvante

316 4543 351 4602 id
377 4564 454 4604 esse
480 4554 679 4604 assecutum
704 4553 741 4603 ut
765 4563 870 4623 quum
896 4543 1057 4624 plerique
1086 4564 1151 4624 per
1175 4542 1402 4606 Germaniam
1426 4563 1492 4622 per
1515 4563 1597 4604 suos

317 4650 460 4710 sedibus
484 4648 556 4710 suis
580 4648 672 4729 pulsi
697 4648 776 4722 sint,
801 4650 879 4730 ipsa
903 4670 958 4711 me
984 4650 1109 4711 civitas
1123 4650 1330 4711 Tridentina
1358 4649 1493 4711 crebris
1518 4669 1595 4711 cum

318 4754 449 4815 nuntiis
473 4766 545 4817 tum
571 4755 682 4816 literis
704 4754 908 4836 interpellat
933 4767 967 4816 et
991 4765 1096 4835 rogat
1120 4758 1164 4817 ad
1190 4757 1351 4835 reditum,
1375 4756 1598 4836 pollicentes,

318 4862 483 4943 quicquid
510 4864 555 4924 ad
579 4861 705 4925 fideles
729 4863 889 4925 subditos
915 4863 1039 4926 attinet
1056 4885 1135 4928 sese
1151 4863 1440 4946 diligentissimos
1464 4876 1595 4946 presta-
