<?xml version="1.0" encoding="UTF-8"?>
<!DOCTYPE html PUBLIC "-//W3C//DTD XHTML 1.0 Transitional//EN"
    "http://www.w3.org/TR/xhtml1/DTD/xhtml1-transitional.dtd">
<html xmlns="http://www.w3.org/1999/xhtml" xml:lang="en" lang="en">
 <head>
  <title>
</title>
<meta http-equiv="Content-Type" content="text/html;charset=utf-8" />
  <meta name='ocr-system' content='tesseract 3.04.00' />
  <meta name='ocr-capabilities' content='ocr_page ocr_carea ocr_par ocr_line ocrx_word'/>
</head>
<body>
  <div class='ocr_page' id='page_1' title='image "./monumentareform01vatigoog_0448.png"; bbox 0 0 3559 5734; ppageno 0'>
   <div class='ocr_carea' id='block_1_1' title="bbox 331 511 1618 1613">
    <p class='ocr_par' dir='ltr' id='par_1_1' title="bbox 331 511 1618 1613">
     <span class='ocr_line' id='line_1_1' title="bbox 848 511 1095 585; baseline -0.008 0"><span class='ocrx_word' id='word_1_1' title='bbox 848 525 907 585; x_wconf 51' lang='lat' dir='ltr'>eo</span> <span class='ocrx_word' id='word_1_2' title='bbox 945 513 999 584; x_wconf 79' lang='lat'>420</span> <span class='ocrx_word' id='word_1_3' title='bbox 1037 511 1095 583; x_wconf 50' lang='lat' dir='ltr'>aa</span> 
     </span>
     <span class='ocr_line' id='line_1_2' title="bbox 332 674 1614 761; baseline -0.003 -18"><span class='ocrx_word' id='word_1_4' title='bbox 332 675 545 745; x_wconf 88' lang='lat' dir='ltr'>clarissimos</span> <span class='ocrx_word' id='word_1_5' title='bbox 575 697 743 761; x_wconf 85' lang='lat' dir='ltr'>proceres</span> <span class='ocrx_word' id='word_1_6' title='bbox 766 676 899 739; x_wconf 87' lang='lat' dir='ltr'>factum</span> <span class='ocrx_word' id='word_1_7' title='bbox 932 675 998 739; x_wconf 88' lang='lat' dir='ltr'>fuit</span> <span class='ocrx_word' id='word_1_8' title='bbox 1023 695 1101 738; x_wconf 90' lang='lat' dir='ltr'>cum</span> <span class='ocrx_word' id='word_1_9' title='bbox 1126 674 1214 738; x_wconf 78' lang='lat' dir='ltr'>Cir¹¹⁰</span> <span class='ocrx_word' id='word_1_10' title='bbox 1247 685 1306 736; x_wconf 90' lang='lat' dir='ltr'>tua</span> <span class='ocrx_word' id='word_1_11' title='bbox 1331 674 1539 753; x_wconf 86' lang='lat' dir='ltr'>convenire,</span> <span class='ocrx_word' id='word_1_12' title='bbox 1574 687 1614 739; x_wconf 92' lang='lat' dir='ltr'>ut</span> 
     </span>
     <span class='ocr_line' id='line_1_3' title="bbox 333 781 1613 852; baseline -0.005 0"><span class='ocrx_word' id='word_1_13' title='bbox 333 798 427 852; x_wconf 89' lang='lat' dir='ltr'>esset</span> <span class='ocrx_word' id='word_1_14' title='bbox 451 785 605 850; x_wconf 91' lang='lat' dir='ltr'>omnium</span> <span class='ocrx_word' id='word_1_15' title='bbox 629 782 851 845; x_wconf 87' lang='lat' dir='ltr'>incolumitas</span> <span class='ocrx_word' id='word_1_16' title='bbox 875 781 1051 844; x_wconf 89' lang='lat' dir='ltr'>communi</span> <span class='ocrx_word' id='word_1_17' title='bbox 1075 783 1186 844; x_wconf 90' lang='lat' dir='ltr'>tutela</span> <span class='ocrx_word' id='word_1_18' title='bbox 1210 791 1246 844; x_wconf 91' lang='lat' dir='ltr'>et</span> <span class='ocrx_word' id='word_1_19' title='bbox 1270 781 1476 844; x_wconf 79' lang='lat' dir='ltr'><strong>defensione</strong></span> <span class='ocrx_word' id='word_1_20' title='bbox 1494 783 1613 846; x_wconf 92' lang='lat' dir='ltr'>tutior.</span> 
     </span>
     <span class='ocr_line' id='line_1_4' title="bbox 333 887 1615 976; baseline -0.005 -18"><span class='ocrx_word' id='word_1_21' title='bbox 333 895 422 976; x_wconf 89' lang='lat' dir='ltr'>Nos,</span> <span class='ocrx_word' id='word_1_22' title='bbox 447 893 476 956; x_wconf 90' lang='lat' dir='ltr'>si</span> <span class='ocrx_word' id='word_1_23' title='bbox 500 888 769 972; x_wconf 85' lang='lat' dir='ltr'><strong>circumspectio</strong></span> <span class='ocrx_word' id='word_1_24' title='bbox 793 898 854 952; x_wconf 91' lang='lat' dir='ltr'>tua</span> <span class='ocrx_word' id='word_1_25' title='bbox 878 909 952 952; x_wconf 92' lang='lat' dir='ltr'>rem</span> <span class='ocrx_word' id='word_1_26' title='bbox 976 892 1069 952; x_wconf 91' lang='lat' dir='ltr'>bene</span> <span class='ocrx_word' id='word_1_27' title='bbox 1092 887 1286 970; x_wconf 82' lang='lat' dir='ltr'>cogitatam</span> <span class='ocrx_word' id='word_1_28' title='bbox 1311 898 1347 952; x_wconf 91' lang='lat' dir='ltr'>et</span> <span class='ocrx_word' id='word_1_29' title='bbox 1369 900 1508 970; x_wconf 83' lang='lat' dir='ltr'><strong>ceptam</strong></span> <span class='ocrx_word' id='word_1_30' title='bbox 1532 893 1615 952; x_wconf 88' lang='lat' dir='ltr'>insi-</span> 
     </span>
     <span class='ocr_line' id='line_1_5' title="bbox 332 994 1614 1082; baseline -0.005 -16"><span class='ocrx_word' id='word_1_31' title='bbox 332 1014 426 1066; x_wconf 88' lang='lat' dir='ltr'>stere</span> <span class='ocrx_word' id='word_1_32' title='bbox 450 1011 557 1082; x_wconf 87' lang='lat' dir='ltr'>atque</span> <span class='ocrx_word' id='word_1_33' title='bbox 582 996 712 1079; x_wconf 84' lang='lat' dir='ltr'>exequi</span> <span class='ocrx_word' id='word_1_34' title='bbox 736 995 1041 1078; x_wconf 81' lang='lat' dir='ltr'>perseveraverit,</span> <span class='ocrx_word' id='word_1_35' title='bbox 1066 1015 1138 1058; x_wconf 93' lang='lat' dir='ltr'>non</span> <span class='ocrx_word' id='word_1_36' title='bbox 1153 1015 1272 1058; x_wconf 89' lang='lat' dir='ltr'>sumus</span> <span class='ocrx_word' id='word_1_37' title='bbox 1295 994 1347 1058; x_wconf 91' lang='lat' dir='ltr'>illi</span> <span class='ocrx_word' id='word_1_38' title='bbox 1363 1016 1478 1078; x_wconf 92' lang='lat' dir='ltr'>neque</span> <span class='ocrx_word' id='word_1_39' title='bbox 1493 1007 1614 1059; x_wconf 88' lang='lat' dir='ltr'>aucto-</span> 
     </span>
     <span class='ocr_line' id='line_1_6' title="bbox 331 1101 1616 1185; baseline -0.005 -13"><span class='ocrx_word' id='word_1_40' title='bbox 331 1109 446 1172; x_wconf 88' lang='lat' dir='ltr'>ritatis</span> <span class='ocrx_word' id='word_1_41' title='bbox 469 1116 611 1169; x_wconf 85' lang='lat' dir='ltr'>nostrae</span> <span class='ocrx_word' id='word_1_42' title='bbox 635 1102 802 1181; x_wconf 89' lang='lat' dir='ltr'>brachi0,</span> <span class='ocrx_word' id='word_1_43' title='bbox 828 1122 944 1183; x_wconf 93' lang='lat' dir='ltr'>neque</span> <span class='ocrx_word' id='word_1_44' title='bbox 968 1101 1131 1165; x_wconf 83' lang='lat' dir='ltr'>omnibus</span> <span class='ocrx_word' id='word_1_45' title='bbox 1156 1101 1297 1164; x_wconf 82' lang='lat' dir='ltr'><strong>auxiliis</strong></span> <span class='ocrx_word' id='word_1_46' title='bbox 1321 1123 1414 1184; x_wconf 90' lang='lat' dir='ltr'>quae</span> <span class='ocrx_word' id='word_1_47' title='bbox 1437 1104 1616 1185; x_wconf 90' lang='lat' dir='ltr'>praestari</span> 
     </span>
     <span class='ocr_line' id='line_1_7' title="bbox 333 1208 1616 1295; baseline -0.005 -15"><span class='ocrx_word' id='word_1_48' title='bbox 333 1239 354 1280; x_wconf 91' lang='lat' dir='ltr'>a</span> <span class='ocrx_word' id='word_1_49' title='bbox 384 1214 488 1279; x_wconf 89' lang='lat' dir='ltr'>nobis</span> <span class='ocrx_word' id='word_1_50' title='bbox 512 1221 680 1295; x_wconf 92' lang='lat' dir='ltr'>poterunt</span> <span class='ocrx_word' id='word_1_51' title='bbox 710 1208 882 1283; x_wconf 84' lang='lat' dir='ltr'>defuturi;</span> <span class='ocrx_word' id='word_1_52' title='bbox 919 1209 1026 1291; x_wconf 90' lang='lat' dir='ltr'>idque</span> <span class='ocrx_word' id='word_1_53' title='bbox 1051 1208 1115 1271; x_wconf 90' lang='lat' dir='ltr'>tibi</span> <span class='ocrx_word' id='word_1_54' title='bbox 1139 1209 1347 1291; x_wconf 86' lang='lat' dir='ltr'>pollicemur</span> <span class='ocrx_word' id='word_1_55' title='bbox 1378 1230 1420 1272; x_wconf 94' lang='lat' dir='ltr'>ac</span> <span class='ocrx_word' id='word_1_56' title='bbox 1444 1210 1549 1272; x_wconf 89' lang='lat' dir='ltr'>etiam</span> <span class='ocrx_word' id='word_1_57' title='bbox 1576 1219 1616 1273; x_wconf 88' lang='lat' dir='ltr'>ut</span> 
     </span>
     <span class='ocr_line' id='line_1_8' title="bbox 332 1316 1618 1406; baseline -0.005 -20"><span class='ocrx_word' id='word_1_58' title='bbox 332 1340 542 1406; x_wconf 87' lang='lat' dir='ltr'>perseveres</span> <span class='ocrx_word' id='word_1_59' title='bbox 567 1328 602 1381; x_wconf 90' lang='lat' dir='ltr'>et</span> <span class='ocrx_word' id='word_1_60' title='bbox 625 1336 758 1399; x_wconf 86' lang='lat' dir='ltr'>pergas</span> <span class='ocrx_word' id='word_1_61' title='bbox 781 1316 1005 1399; x_wconf 81' lang='lat' dir='ltr'>iniungimus.</span> <span class='ocrx_word' id='word_1_62' title='bbox 1041 1316 1121 1398; x_wconf 79' lang='lat' dir='ltr'>Qua</span> <span class='ocrx_word' id='word_1_63' title='bbox 1144 1316 1249 1379; x_wconf 89' lang='lat' dir='ltr'>etiam</span> <span class='ocrx_word' id='word_1_64' title='bbox 1274 1317 1319 1379; x_wconf 95' lang='lat' dir='ltr'>de</span> <span class='ocrx_word' id='word_1_65' title='bbox 1335 1337 1383 1397; x_wconf 89' lang='lat' dir='ltr'>re,</span> <span class='ocrx_word' id='word_1_66' title='bbox 1408 1318 1452 1378; x_wconf 90' lang='lat' dir='ltr'>ad</span> <span class='ocrx_word' id='word_1_67' title='bbox 1471 1327 1618 1380; x_wconf 91' lang='lat' dir='ltr'>nostros</span> 
     </span>
     <span class='ocr_line' id='line_1_9' title="bbox 331 1421 1616 1510; baseline -0.006 -16"><span class='ocrx_word' id='word_1_68' title='bbox 331 1432 367 1494; x_wconf 90' lang='lat' dir='ltr'>in</span> <span class='ocrx_word' id='word_1_69' title='bbox 391 1427 566 1510; x_wconf 81' lang='lat' dir='ltr'>Hispania</span> <span class='ocrx_word' id='word_1_70' title='bbox 589 1425 746 1488; x_wconf 91' lang='lat' dir='ltr'>Nuncios</span> <span class='ocrx_word' id='word_1_71' title='bbox 770 1423 973 1505; x_wconf 89' lang='lat' dir='ltr'>scripsimus</span> <span class='ocrx_word' id='word_1_72' title='bbox 1003 1433 1041 1487; x_wconf 92' lang='lat' dir='ltr'>ut</span> <span class='ocrx_word' id='word_1_73' title='bbox 1071 1424 1167 1506; x_wconf 89' lang='lat' dir='ltr'>apud</span> <span class='ocrx_word' id='word_1_74' title='bbox 1192 1421 1462 1486; x_wconf 91' lang='lat' dir='ltr'>Serenissimum</span> <span class='ocrx_word' id='word_1_75' title='bbox 1486 1422 1616 1486; x_wconf 86' lang='lat' dir='ltr'>Caesa-</span> 
     </span>
     <span class='ocr_line' id='line_1_10' title="bbox 332 1529 1616 1613; baseline -0.005 -13"><span class='ocrx_word' id='word_1_76' title='bbox 332 1558 405 1600; x_wconf 89' lang='lat' dir='ltr'>rem</span> <span class='ocrx_word' id='word_1_77' title='bbox 430 1554 568 1598; x_wconf 92' lang='lat' dir='ltr'>0mnem</span> <span class='ocrx_word' id='word_1_78' title='bbox 592 1552 739 1613; x_wconf 88' lang='lat' dir='ltr'>operam</span> <span class='ocrx_word' id='word_1_79' title='bbox 764 1551 834 1612; x_wconf 92' lang='lat' dir='ltr'>quo</span> <span class='ocrx_word' id='word_1_80' title='bbox 858 1530 969 1612; x_wconf 91' lang='lat' dir='ltr'>ipsius</span> <span class='ocrx_word' id='word_1_81' title='bbox 992 1531 1057 1596; x_wconf 91' lang='lat' dir='ltr'>tibi</span> <span class='ocrx_word' id='word_1_82' title='bbox 1081 1549 1222 1613; x_wconf 90' lang='lat' dir='ltr'>quoque</span> <span class='ocrx_word' id='word_1_83' title='bbox 1246 1529 1378 1593; x_wconf 85' lang='lat' dir='ltr'>auxilio</span> <span class='ocrx_word' id='word_1_84' title='bbox 1403 1530 1496 1593; x_wconf 90' lang='lat' dir='ltr'>adsit</span> <span class='ocrx_word' id='word_1_85' title='bbox 1518 1552 1616 1594; x_wconf 89' lang='lat' dir='ltr'>sere·</span> 
     </span>
    </p>
   </div>
   <div class='ocr_carea' id='block_1_2' title="bbox 331 1637 1617 1827">
    <p class='ocr_par' dir='ltr' id='par_1_2' title="bbox 331 1637 1617 1827">
     <span class='ocr_line' id='line_1_11' title="bbox 333 1637 1617 1719; baseline -0.005 -11"><span class='ocrx_word' id='word_1_86' title='bbox 333 1644 425 1708; x_wconf 90' lang='lat' dir='ltr'>nitas</span> <span class='ocrx_word' id='word_1_87' title='bbox 448 1641 643 1705; x_wconf 87' lang='lat' dir='ltr'>adhibeant</span> <span class='ocrx_word' id='word_1_88' title='bbox 667 1648 702 1700; x_wconf 91' lang='lat' dir='ltr'>et</span> <span class='ocrx_word' id='word_1_89' title='bbox 724 1637 963 1719; x_wconf 87' lang='lat' dir='ltr'>interponant,</span> <span class='ocrx_word' id='word_1_90' title='bbox 988 1639 1078 1701; x_wconf 90' lang='lat' dir='ltr'>sicut</span> <span class='ocrx_word' id='word_1_91' title='bbox 1102 1639 1147 1701; x_wconf 93' lang='lat' dir='ltr'>de</span> <span class='ocrx_word' id='word_1_92' title='bbox 1168 1637 1226 1712; x_wconf 86' lang='lat' dir='ltr'>his</span> <span class='ocrx_word' id='word_1_93' title='bbox 1249 1646 1366 1699; x_wconf 90' lang='lat' dir='ltr'>tecum</span> <span class='ocrx_word' id='word_1_94' title='bbox 1387 1638 1617 1719; x_wconf 89' lang='lat' dir='ltr'>supradictus</span> 
     </span>
     <span class='ocr_line' id='line_1_12' title="bbox 331 1743 1615 1827; baseline -0.002 -12"><span class='ocrx_word' id='word_1_95' title='bbox 331 1749 530 1815; x_wconf 89' lang='lat' dir='ltr'>Cardinalis</span> <span class='ocrx_word' id='word_1_96' title='bbox 540 1746 699 1827; x_wconf 87' lang='lat' dir='ltr'>Legatus</span> <span class='ocrx_word' id='word_1_97' title='bbox 713 1753 835 1807; x_wconf 89' lang='lat' dir='ltr'>noster</span> <span class='ocrx_word' id='word_1_98' title='bbox 848 1744 954 1807; x_wconf 89' lang='lat' dir='ltr'>latius</span> <span class='ocrx_word' id='word_1_99' title='bbox 967 1754 1061 1827; x_wconf 84' lang='lat' dir='ltr'>aget,</span> <span class='ocrx_word' id='word_1_100' title='bbox 1078 1745 1175 1826; x_wconf 89' lang='lat' dir='ltr'>cujus</span> <span class='ocrx_word' id='word_1_101' title='bbox 1188 1744 1316 1808; x_wconf 90' lang='lat' dir='ltr'>litteris</span> <span class='ocrx_word' id='word_1_102' title='bbox 1329 1743 1437 1807; x_wconf 89' lang='lat' dir='ltr'>fidem</span> <span class='ocrx_word' id='word_1_103' title='bbox 1450 1745 1615 1813; x_wconf 84' lang='lat' dir='ltr'>habebis.</span> 
     </span>
    </p>
   </div>
   <div class='ocr_carea' id='block_1_3' title="bbox 419 1867 1615 1937">
    <p class='ocr_par' dir='ltr' id='par_1_3' title="bbox 419 1867 1615 1937">
     <span class='ocr_line' id='line_1_13' title="bbox 419 1867 1615 1937; baseline -0.002 0"><span class='ocrx_word' id='word_1_104' title='bbox 419 1875 551 1937; x_wconf 89' lang='lat' dir='ltr'>Datum</span> <span class='ocrx_word' id='word_1_105' title='bbox 572 1872 712 1933; x_wconf 92' lang='lat' dir='ltr'>Romae</span> <span class='ocrx_word' id='word_1_106' title='bbox 736 1867 794 1930; x_wconf 92' lang='lat' dir='ltr'>die</span> <span class='ocrx_word' id='word_1_107' title='bbox 811 1868 881 1930; x_wconf 88' lang='lat' dir='ltr'>VH</span> <span class='ocrx_word' id='word_1_108' title='bbox 895 1868 1081 1931; x_wconf 88' lang='lat' dir='ltr'>Februarii</span> <span class='ocrx_word' id='word_1_109' title='bbox 1096 1868 1287 1932; x_wconf 87' lang='lat' dir='ltr'>MDXXV</span> <span class='ocrx_word' id='word_1_110' title='bbox 1309 1870 1416 1933; x_wconf 92' lang='lat' dir='ltr'>Anno</span> <span class='ocrx_word' id='word_1_111' title='bbox 1441 1872 1615 1935; x_wconf 91' lang='lat' dir='ltr'>secundo.</span> 
     </span>
    </p>
   </div>
   <div class='ocr_carea' id='block_1_4' title="bbox 870 2064 1072 2075">
    <p class='ocr_par' dir='ltr' id='par_1_4' title="bbox 870 2064 1072 2075">
     <span class='ocr_line' id='line_1_14' title="bbox 870 2064 1072 2075; baseline 0.005 -1"><span class='ocrx_word' id='word_1_112' title='bbox 870 2065 874 2068; x_wconf 35' lang='grc' dir='ltr'><strong>Α</strong></span> <span class='ocrx_word' id='word_1_113' title='bbox 882 2064 1052 2075; x_wconf 42' lang='grc' dir='ltr'>κυνᾎυυνυωυνκ</span> <span class='ocrx_word' id='word_1_114' title='bbox 1061 2065 1072 2075; x_wconf 62' lang='grc' dir='ltr'>,α</span> 
     </span>
    </p>
   </div>
   <div class='ocr_carea' id='block_1_5' title="bbox 605 2293 1008 2398">
    <p class='ocr_par' dir='ltr' id='par_1_5' title="bbox 605 2293 1008 2398">
     <span class='ocr_line' id='line_1_15' title="bbox 605 2293 1008 2398; baseline 0.002 -39"><span class='ocrx_word' id='word_1_115' title='bbox 605 2391 609 2398; x_wconf 31' lang='grc' dir='ltr'>Ι</span> <span class='ocrx_word' id='word_1_116' title='bbox 934 2293 1008 2360; x_wconf 87' lang='grc'><strong>190.</strong></span> 
     </span>
    </p>
   </div>
   <div class='ocr_carea' id='block_1_6' title="bbox 583 2353 1361 2511">
    <p class='ocr_par' dir='ltr' id='par_1_6' title="bbox 583 2353 1361 2511">
     <span class='ocr_line' id='line_1_16' title="bbox 583 2353 1361 2511; baseline -0.001 -18"><span class='ocrx_word' id='word_1_117' title='bbox 583 2413 742 2493; x_wconf 74' lang='lat' dir='ltr'>Clemens</span> <span class='ocrx_word' id='word_1_118' title='bbox 770 2410 849 2491; x_wconf 82' lang='lat' dir='ltr'>VII.</span> <span class='ocrx_word' id='word_1_119' title='bbox 877 2410 1105 2511; x_wconf 77' lang='lat' dir='ltr'>Principibus</span> <span class='ocrx_word' id='word_1_120' title='bbox 1134 2353 1361 2493; x_wconf 78' lang='lat' dir='ltr'>Germanicis</span> 
     </span>
    </p>
   </div>
   <div class='ocr_carea' id='block_1_7' title="bbox 639 2557 1293 2737">
    <p class='ocr_par' dir='ltr' id='par_1_7' title="bbox 639 2557 1293 2737">
     <span class='ocr_line' id='line_1_17' title="bbox 639 2557 1293 2631; baseline 0 -13"><span class='ocrx_word' id='word_1_121' title='bbox 639 2557 777 2631; x_wconf 68' lang='lat' dir='ltr'>(sauciati</span> <span class='ocrx_word' id='word_1_122' title='bbox 794 2557 935 2631; x_wconf 67' lang='lat' dir='ltr'>Epistolae</span> <span class='ocrx_word' id='word_1_123' title='bbox 954 2557 991 2615; x_wconf 79' lang='lat' dir='ltr'>ad</span> <span class='ocrx_word' id='word_1_124' title='bbox 1010 2558 1157 2631; x_wconf 74' lang='lat' dir='ltr'>Principes.</span> <span class='ocrx_word' id='word_1_125' title='bbox 1176 2558 1221 2618; x_wconf 80' lang='lat' dir='ltr'>bt</span> <span class='ocrx_word' id='word_1_126' title='bbox 1240 2559 1293 2631; x_wconf 57' lang='grc' dir='ltr'>ὅθ.)</span> 
     </span>
     <span class='ocr_line' id='line_1_18' title="bbox 818 2665 1120 2737; baseline 0.007 -22"><span class='ocrx_word' id='word_1_127' title='bbox 818 2669 853 2732; x_wconf 86' lang='lat'>(7.</span> <span class='ocrx_word' id='word_1_128' title='bbox 873 2668 1011 2717; x_wconf 84' lang='lat' dir='ltr'>Februarii</span> <span class='ocrx_word' id='word_1_129' title='bbox 1033 2665 1120 2737; x_wconf 84' lang='lat'>1525.)</span> 
     </span>
    </p>
   </div>
   <div class='ocr_carea' id='block_1_8' title="bbox 325 2809 1614 4928">
    <p class='ocr_par' dir='ltr' id='par_1_8' title="bbox 325 2809 1614 4928">
     <span class='ocr_line' id='line_1_19' title="bbox 418 2809 1614 2878; baseline 0.002 -3"><span class='ocrx_word' id='word_1_130' title='bbox 418 2811 548 2876; x_wconf 89' lang='lat' dir='ltr'>Dilecti</span> <span class='ocrx_word' id='word_1_131' title='bbox 570 2810 634 2873; x_wconf 89' lang='lat' dir='ltr'>filii</span> <span class='ocrx_word' id='word_1_132' title='bbox 657 2820 723 2872; x_wconf 91' lang='lat' dir='ltr'>etc.</span> <span class='ocrx_word' id='word_1_133' title='bbox 770 2809 846 2871; x_wconf 88' lang='lat' dir='ltr'>Etsi</span> <span class='ocrx_word' id='word_1_134' title='bbox 877 2830 996 2872; x_wconf 90' lang='lat' dir='ltr'>sumus</span> <span class='ocrx_word' id='word_1_135' title='bbox 1026 2810 1114 2872; x_wconf 91' lang='lat' dir='ltr'>certi</span> <span class='ocrx_word' id='word_1_136' title='bbox 1138 2810 1351 2875; x_wconf 89' lang='lat' dir='ltr'>Nobilitates</span> <span class='ocrx_word' id='word_1_137' title='bbox 1374 2823 1513 2875; x_wconf 91' lang='lat' dir='ltr'>vestras</span> <span class='ocrx_word' id='word_1_138' title='bbox 1537 2834 1614 2878; x_wconf 93' lang='lat' dir='ltr'>non</span> 
     </span>
     <span class='ocr_line' id='line_1_20' title="bbox 329 2916 1614 3001; baseline 0.002 -18"><span class='ocrx_word' id='word_1_139' title='bbox 329 2924 442 2983; x_wconf 88' lang='lat' dir='ltr'>latere</span> <span class='ocrx_word' id='word_1_140' title='bbox 472 2928 640 3001; x_wconf 86' lang='lat' dir='ltr'>quantam</span> <span class='ocrx_word' id='word_1_141' title='bbox 665 2918 801 2979; x_wconf 88' lang='lat' dir='ltr'>cladem</span> <span class='ocrx_word' id='word_1_142' title='bbox 825 2936 866 2977; x_wconf 89' lang='lat' dir='ltr'>ac</span> <span class='ocrx_word' id='word_1_143' title='bbox 899 2916 1091 2998; x_wconf 88' lang='lat' dir='ltr'>perniciem</span> <span class='ocrx_word' id='word_1_144' title='bbox 1122 2917 1249 2979; x_wconf 86' lang='lat' dir='ltr'>afferat</span> <span class='ocrx_word' id='word_1_145' title='bbox 1277 2918 1335 2982; x_wconf 90' lang='lat' dir='ltr'>isti</span> <span class='ocrx_word' id='word_1_146' title='bbox 1368 2919 1614 2985; x_wconf 84' lang='lat' dir='ltr'>nobilissimae</span> 
     </span>
     <span class='ocr_line' id='line_1_21' title="bbox 329 3021 1614 3107; baseline 0.001 -17"><span class='ocrx_word' id='word_1_147' title='bbox 329 3027 481 3090; x_wconf 90' lang='lat' dir='ltr'>omnium</span> <span class='ocrx_word' id='word_1_148' title='bbox 505 3023 766 3107; x_wconf 89' lang='lat' dir='ltr'>provinciarum</span> <span class='ocrx_word' id='word_1_149' title='bbox 792 3021 1006 3085; x_wconf 84' lang='lat' dir='ltr'>Germaniae</span> <span class='ocrx_word' id='word_1_150' title='bbox 1027 3022 1174 3086; x_wconf 88' lang='lat' dir='ltr'>Lutheri</span> <span class='ocrx_word' id='word_1_151' title='bbox 1198 3023 1306 3106; x_wconf 91' lang='lat' dir='ltr'>impia</span> <span class='ocrx_word' id='word_1_152' title='bbox 1331 3035 1366 3088; x_wconf 91' lang='lat' dir='ltr'>et</span> <span class='ocrx_word' id='word_1_153' title='bbox 1390 3025 1614 3091; x_wconf 90' lang='lat' dir='ltr'>abominabi-</span> 
     </span>
     <span class='ocr_line' id='line_1_22' title="bbox 329 3127 1614 3215; baseline 0.002 -20"><span class='ocrx_word' id='word_1_154' title='bbox 329 3135 371 3197; x_wconf 88' lang='lat' dir='ltr'>lis</span> <span class='ocrx_word' id='word_1_155' title='bbox 395 3133 516 3212; x_wconf 83' lang='lat' dir='ltr'>facti0,</span> <span class='ocrx_word' id='word_1_156' title='bbox 541 3151 632 3212; x_wconf 86' lang='lat' dir='ltr'>quae</span> <span class='ocrx_word' id='word_1_157' title='bbox 657 3139 691 3191; x_wconf 90' lang='lat' dir='ltr'>et</span> <span class='ocrx_word' id='word_1_158' title='bbox 715 3129 821 3191; x_wconf 89' lang='lat' dir='ltr'>fidem</span> <span class='ocrx_word' id='word_1_159' title='bbox 845 3132 1046 3210; x_wconf 89' lang='lat' dir='ltr'>cultumque</span> <span class='ocrx_word' id='word_1_160' title='bbox 1072 3127 1206 3192; x_wconf 88' lang='lat' dir='ltr'>Summi</span> <span class='ocrx_word' id='word_1_161' title='bbox 1223 3131 1291 3192; x_wconf 91' lang='lat' dir='ltr'>Dei</span> <span class='ocrx_word' id='word_1_162' title='bbox 1313 3152 1410 3195; x_wconf 91' lang='lat' dir='ltr'>more</span> <span class='ocrx_word' id='word_1_163' title='bbox 1432 3144 1614 3215; x_wconf 88' lang='lat' dir='ltr'>perpetuo</span> 
     </span>
     <span class='ocr_line' id='line_1_23' title="bbox 328 3236 1612 3321; baseline 0.001 -18"><span class='ocrx_word' id='word_1_164' title='bbox 328 3251 381 3303; x_wconf 93' lang='lat' dir='ltr'>tot</span> <span class='ocrx_word' id='word_1_165' title='bbox 405 3241 627 3303; x_wconf 87' lang='lat' dir='ltr'>saeculorum</span> <span class='ocrx_word' id='word_1_166' title='bbox 653 3236 824 3299; x_wconf 90' lang='lat' dir='ltr'>adscitum</span> <span class='ocrx_word' id='word_1_167' title='bbox 849 3246 885 3297; x_wconf 89' lang='lat' dir='ltr'>et</span> <span class='ocrx_word' id='word_1_168' title='bbox 910 3238 1196 3317; x_wconf 89' lang='lat' dir='ltr'>comprobatum,</span> <span class='ocrx_word' id='word_1_169' title='bbox 1229 3248 1265 3300; x_wconf 90' lang='lat' dir='ltr'>et</span> <span class='ocrx_word' id='word_1_170' title='bbox 1288 3258 1429 3302; x_wconf 90' lang='lat' dir='ltr'>omnem</span> <span class='ocrx_word' id='word_1_171' title='bbox 1452 3252 1612 3321; x_wconf 88' lang='lat' dir='ltr'>potesta·</span> 
     </span>
     <span class='ocr_line' id='line_1_24' title="bbox 328 3342 1610 3431; baseline 0.001 -22"><span class='ocrx_word' id='word_1_172' title='bbox 328 3359 409 3426; x_wconf 89' lang='lat' dir='ltr'>tem,</span> <span class='ocrx_word' id='word_1_173' title='bbox 434 3344 667 3427; x_wconf 87' lang='lat' dir='ltr'>disciplinam,</span> <span class='ocrx_word' id='word_1_174' title='bbox 692 3343 924 3424; x_wconf 82' lang='lat' dir='ltr'>ordinemque</span> <span class='ocrx_word' id='word_1_175' title='bbox 949 3342 1145 3422; x_wconf 87' lang='lat' dir='ltr'>confundit,</span> <span class='ocrx_word' id='word_1_176' title='bbox 1170 3343 1276 3425; x_wconf 90' lang='lat' dir='ltr'>idque</span> <span class='ocrx_word' id='word_1_177' title='bbox 1290 3346 1441 3427; x_wconf 90' lang='lat' dir='ltr'>molitur,</span> <span class='ocrx_word' id='word_1_178' title='bbox 1465 3357 1503 3409; x_wconf 89' lang='lat' dir='ltr'>ut</span> <span class='ocrx_word' id='word_1_179' title='bbox 1519 3349 1610 3431; x_wconf 82' lang='lat' dir='ltr'>legi·</span> 
     </span>
     <span class='ocr_line' id='line_1_25' title="bbox 329 3448 1614 3533; baseline 0.002 -17"><span class='ocrx_word' id='word_1_180' title='bbox 329 3457 394 3516; x_wconf 90' lang='lat' dir='ltr'>bus</span> <span class='ocrx_word' id='word_1_181' title='bbox 419 3453 645 3532; x_wconf 89' lang='lat' dir='ltr'>moribusque</span> <span class='ocrx_word' id='word_1_182' title='bbox 670 3448 896 3531; x_wconf 71' lang='lat' dir='ltr'>perturbatiS,</span> <span class='ocrx_word' id='word_1_183' title='bbox 921 3459 956 3510; x_wconf 93' lang='lat' dir='ltr'>et</span> <span class='ocrx_word' id='word_1_184' title='bbox 981 3468 1115 3511; x_wconf 89' lang='lat' dir='ltr'>summa</span> <span class='ocrx_word' id='word_1_185' title='bbox 1139 3449 1217 3512; x_wconf 91' lang='lat' dir='ltr'>imis</span> <span class='ocrx_word' id='word_1_186' title='bbox 1231 3451 1454 3533; x_wconf 88' lang='lat' dir='ltr'>misceantur,</span> <span class='ocrx_word' id='word_1_187' title='bbox 1479 3453 1614 3518; x_wconf 86' lang='lat' dir='ltr'>etima</span> 
     </span>
     <span class='ocr_line' id='line_1_26' title="bbox 329 3555 1613 3624; baseline 0.001 -1"><span class='ocrx_word' id='word_1_188' title='bbox 329 3560 470 3623; x_wconf 89' lang='lat' dir='ltr'>summis</span> <span class='ocrx_word' id='word_1_189' title='bbox 495 3557 727 3620; x_wconf 89' lang='lat' dir='ltr'>dominentur.</span> <span class='ocrx_word' id='word_1_190' title='bbox 775 3556 909 3617; x_wconf 88' lang='lat' dir='ltr'>Tamen</span> <span class='ocrx_word' id='word_1_191' title='bbox 933 3555 1046 3617; x_wconf 88' lang='lat' dir='ltr'>visum</span> <span class='ocrx_word' id='word_1_192' title='bbox 1071 3565 1125 3617; x_wconf 88' lang='lat' dir='ltr'>est</span> <span class='ocrx_word' id='word_1_193' title='bbox 1149 3556 1252 3619; x_wconf 90' lang='lat' dir='ltr'>nobis</span> <span class='ocrx_word' id='word_1_194' title='bbox 1271 3558 1316 3621; x_wconf 91' lang='lat' dir='ltr'>de</span> <span class='ocrx_word' id='word_1_195' title='bbox 1331 3559 1461 3620; x_wconf 88' lang='lat' dir='ltr'>virtute</span> <span class='ocrx_word' id='word_1_196' title='bbox 1485 3570 1613 3624; x_wconf 89' lang='lat' dir='ltr'>vestra</span> 
     </span>
     <span class='ocr_line' id='line_1_27' title="bbox 329 3662 1613 3749; baseline 0.001 -19"><span class='ocrx_word' id='word_1_197' title='bbox 329 3667 461 3749; x_wconf 89' lang='lat' dir='ltr'>optime</span> <span class='ocrx_word' id='word_1_198' title='bbox 485 3663 723 3727; x_wconf 88' lang='lat' dir='ltr'>iudicantibus</span> <span class='ocrx_word' id='word_1_199' title='bbox 746 3682 811 3743; x_wconf 86' lang='lat' dir='ltr'>per</span> <span class='ocrx_word' id='word_1_200' title='bbox 842 3663 907 3725; x_wconf 89' lang='lat' dir='ltr'>has</span> <span class='ocrx_word' id='word_1_201' title='bbox 939 3671 1078 3724; x_wconf 90' lang='lat' dir='ltr'>nostras</span> <span class='ocrx_word' id='word_1_202' title='bbox 1106 3662 1242 3726; x_wconf 89' lang='lat' dir='ltr'>litteras</span> <span class='ocrx_word' id='word_1_203' title='bbox 1274 3685 1344 3727; x_wconf 91' lang='lat' dir='ltr'>non</span> <span class='ocrx_word' id='word_1_204' title='bbox 1373 3675 1445 3728; x_wconf 80' lang='lat' dir='ltr'>tam</span> <span class='ocrx_word' id='word_1_205' title='bbox 1475 3667 1613 3732; x_wconf 88' lang='lat' dir='ltr'>docere</span> 
     </span>
     <span class='ocr_line' id='line_1_28' title="bbox 328 3768 1612 3855; baseline -0.001 -18"><span class='ocrx_word' id='word_1_206' title='bbox 328 3795 393 3837; x_wconf 92' lang='lat' dir='ltr'>vos</span> <span class='ocrx_word' id='word_1_207' title='bbox 418 3793 521 3855; x_wconf 92' lang='lat' dir='ltr'>quam</span> <span class='ocrx_word' id='word_1_208' title='bbox 547 3772 749 3846; x_wconf 90' lang='lat' dir='ltr'>admonere,</span> <span class='ocrx_word' id='word_1_209' title='bbox 774 3779 812 3830; x_wconf 91' lang='lat' dir='ltr'>ut</span> <span class='ocrx_word' id='word_1_210' title='bbox 835 3789 901 3850; x_wconf 92' lang='lat' dir='ltr'>per</span> <span class='ocrx_word' id='word_1_211' title='bbox 923 3769 1093 3831; x_wconf 90' lang='lat' dir='ltr'>honorem</span> <span class='ocrx_word' id='word_1_212' title='bbox 1122 3769 1215 3833; x_wconf 90' lang='lat' dir='ltr'>illius</span> <span class='ocrx_word' id='word_1_213' title='bbox 1240 3768 1502 3852; x_wconf 89' lang='lat' dir='ltr'>Omnipotentis</span> <span class='ocrx_word' id='word_1_214' title='bbox 1525 3774 1612 3854; x_wconf 87' lang='lat' dir='ltr'>Dei,</span> 
     </span>
     <span class='ocr_line' id='line_1_29' title="bbox 329 3875 1612 3964; baseline -0.001 -21"><span class='ocrx_word' id='word_1_215' title='bbox 329 3882 389 3964; x_wconf 91' lang='lat' dir='ltr'>qui</span> <span class='ocrx_word' id='word_1_216' title='bbox 413 3880 515 3942; x_wconf 91' lang='lat' dir='ltr'>vobis</span> <span class='ocrx_word' id='word_1_217' title='bbox 539 3887 660 3940; x_wconf 87' lang='lat' dir='ltr'>tantae</span> <span class='ocrx_word' id='word_1_218' title='bbox 696 3875 880 3958; x_wconf 88' lang='lat' dir='ltr'>dignitatis</span> <span class='ocrx_word' id='word_1_219' title='bbox 923 3886 958 3938; x_wconf 90' lang='lat' dir='ltr'>et</span> <span class='ocrx_word' id='word_1_220' title='bbox 987 3875 1039 3937; x_wconf 89' lang='lat' dir='ltr'>sui</span> <span class='ocrx_word' id='word_1_221' title='bbox 1064 3876 1278 3958; x_wconf 86' lang='lat' dir='ltr'>cognitionis</span> <span class='ocrx_word' id='word_1_222' title='bbox 1301 3878 1454 3940; x_wconf 90' lang='lat' dir='ltr'>donator</span> <span class='ocrx_word' id='word_1_223' title='bbox 1478 3879 1612 3964; x_wconf 87' lang='lat' dir='ltr'>extitit,</span> 
     </span>
     <span class='ocr_line' id='line_1_30' title="bbox 327 3982 1612 4072; baseline 0 -21"><span class='ocrx_word' id='word_1_224' title='bbox 327 4007 463 4072; x_wconf 88' lang='lat' dir='ltr'>perque</span> <span class='ocrx_word' id='word_1_225' title='bbox 488 4006 565 4048; x_wconf 91' lang='lat' dir='ltr'>eam</span> <span class='ocrx_word' id='word_1_226' title='bbox 594 3983 716 4061; x_wconf 87' lang='lat' dir='ltr'>fidem,</span> <span class='ocrx_word' id='word_1_227' title='bbox 753 4003 823 4063; x_wconf 93' lang='lat' dir='ltr'>qua</span> <span class='ocrx_word' id='word_1_228' title='bbox 852 3982 903 4045; x_wconf 92' lang='lat' dir='ltr'>illi</span> <span class='ocrx_word' id='word_1_229' title='bbox 933 3983 1067 4046; x_wconf 88' lang='lat' dir='ltr'>servire</span> <span class='ocrx_word' id='word_1_230' title='bbox 1102 3993 1138 4047; x_wconf 89' lang='lat' dir='ltr'>et</span> <span class='ocrx_word' id='word_1_231' title='bbox 1168 3984 1315 4047; x_wconf 80' lang='lat' dir='ltr'>obedire</span> <span class='ocrx_word' id='word_1_232' title='bbox 1347 3985 1483 4049; x_wconf 86' lang='lat' dir='ltr'>astricti</span> <span class='ocrx_word' id='word_1_233' title='bbox 1510 3988 1612 4071; x_wconf 73' lang='lat' dir='ltr'>estiS,</span> 
     </span>
     <span class='ocr_line' id='line_1_31' title="bbox 326 4088 1611 4174; baseline 0 -16"><span class='ocrx_word' id='word_1_234' title='bbox 326 4094 445 4158; x_wconf 91' lang='lat' dir='ltr'>velitis</span> <span class='ocrx_word' id='word_1_235' title='bbox 476 4090 604 4154; x_wconf 88' lang='lat' dir='ltr'>vestris</span> <span class='ocrx_word' id='word_1_236' title='bbox 634 4089 805 4152; x_wconf 88' lang='lat' dir='ltr'>similibus</span> <span class='ocrx_word' id='word_1_237' title='bbox 834 4088 939 4150; x_wconf 89' lang='lat' dir='ltr'>claris</span> <span class='ocrx_word' id='word_1_238' title='bbox 970 4090 1144 4171; x_wconf 89' lang='lat' dir='ltr'>bonisque</span> <span class='ocrx_word' id='word_1_239' title='bbox 1177 4091 1398 4174; x_wconf 89' lang='lat' dir='ltr'>principibus</span> <span class='ocrx_word' id='word_1_240' title='bbox 1422 4092 1611 4159; x_wconf 87' lang='lat' dir='ltr'>vobiscum</span> 
     </span>
     <span class='ocr_line' id='line_1_32' title="bbox 326 4197 1611 4281; baseline 0.002 -17"><span class='ocrx_word' id='word_1_241' title='bbox 326 4199 501 4264; x_wconf 85' lang='lat' dir='ltr'>adiunctis</span> <span class='ocrx_word' id='word_1_242' title='bbox 525 4219 630 4281; x_wconf 91' lang='lat' dir='ltr'>opem</span> <span class='ocrx_word' id='word_1_243' title='bbox 654 4217 719 4278; x_wconf 93' lang='lat' dir='ltr'>pro</span> <span class='ocrx_word' id='word_1_244' title='bbox 744 4205 863 4259; x_wconf 89' lang='lat' dir='ltr'>vestra</span> <span class='ocrx_word' id='word_1_245' title='bbox 887 4206 989 4278; x_wconf 89' lang='lat' dir='ltr'>parte</span> <span class='ocrx_word' id='word_1_246' title='bbox 1014 4197 1118 4278; x_wconf 87' lang='lat' dir='ltr'>ferre,</span> <span class='ocrx_word' id='word_1_247' title='bbox 1143 4210 1182 4259; x_wconf 92' lang='lat' dir='ltr'>ut</span> <span class='ocrx_word' id='word_1_248' title='bbox 1205 4221 1226 4260; x_wconf 93' lang='lat' dir='ltr'>a</span> <span class='ocrx_word' id='word_1_249' title='bbox 1249 4199 1375 4281; x_wconf 88' lang='lat' dir='ltr'>patria,</span> <span class='ocrx_word' id='word_1_250' title='bbox 1401 4209 1437 4262; x_wconf 93' lang='lat' dir='ltr'>et</span> <span class='ocrx_word' id='word_1_251' title='bbox 1461 4201 1611 4267; x_wconf 90' lang='lat' dir='ltr'>natione</span> 
     </span>
     <span class='ocr_line' id='line_1_33' title="bbox 326 4303 1607 4390; baseline 0.002 -20"><span class='ocrx_word' id='word_1_252' title='bbox 326 4317 460 4387; x_wconf 90' lang='lat' dir='ltr'>vestra,</span> <span class='ocrx_word' id='word_1_253' title='bbox 492 4305 527 4367; x_wconf 93' lang='lat' dir='ltr'>in</span> <span class='ocrx_word' id='word_1_254' title='bbox 552 4325 622 4386; x_wconf 90' lang='lat' dir='ltr'>qua</span> <span class='ocrx_word' id='word_1_255' title='bbox 647 4322 786 4384; x_wconf 85' lang='lat' dir='ltr'>semper</span> <span class='ocrx_word' id='word_1_256' title='bbox 810 4322 896 4384; x_wconf 90' lang='lat' dir='ltr'>prae</span> <span class='ocrx_word' id='word_1_257' title='bbox 921 4304 1072 4366; x_wconf 89' lang='lat' dir='ltr'>coeteris</span> <span class='ocrx_word' id='word_1_258' title='bbox 1097 4303 1297 4367; x_wconf 85' lang='lat' dir='ltr'>Christiana</span> <span class='ocrx_word' id='word_1_259' title='bbox 1321 4306 1448 4389; x_wconf 85' lang='lat' dir='ltr'>religio</span> <span class='ocrx_word' id='word_1_260' title='bbox 1472 4306 1607 4390; x_wconf 92' lang='lat' dir='ltr'>floruit,</span> 
     </span>
     <span class='ocr_line' id='line_1_34' title="bbox 325 4409 1609 4496; baseline 0.001 -18"><span class='ocrx_word' id='word_1_261' title='bbox 325 4415 406 4478; x_wconf 87' lang='lat' dir='ltr'>talis</span> <span class='ocrx_word' id='word_1_262' title='bbox 429 4411 558 4495; x_wconf 76' lang='lat' dir='ltr'>pestiS,</span> <span class='ocrx_word' id='word_1_263' title='bbox 590 4420 625 4473; x_wconf 91' lang='lat' dir='ltr'>et</span> <span class='ocrx_word' id='word_1_264' title='bbox 650 4409 831 4472; x_wconf 90' lang='lat' dir='ltr'>calamitas</span> <span class='ocrx_word' id='word_1_265' title='bbox 855 4410 1048 4491; x_wconf 92' lang='lat' dir='ltr'>aliquando</span> <span class='ocrx_word' id='word_1_266' title='bbox 1073 4412 1337 4491; x_wconf 83' lang='lat' dir='ltr'>exterminetur,</span> <span class='ocrx_word' id='word_1_267' title='bbox 1361 4434 1404 4475; x_wconf 83' lang='lat' dir='ltr'>ac</span> <span class='ocrx_word' id='word_1_268' title='bbox 1428 4423 1481 4477; x_wconf 90' lang='lat' dir='ltr'>tot</span> <span class='ocrx_word' id='word_1_269' title='bbox 1503 4434 1609 4496; x_wconf 88' lang='lat' dir='ltr'>pere-</span> 
     </span>
     <span class='ocr_line' id='line_1_35' title="bbox 327 4515 1608 4604; baseline 0.002 -20"><span class='ocrx_word' id='word_1_270' title='bbox 327 4520 461 4585; x_wconf 91' lang='lat' dir='ltr'>untium</span> <span class='ocrx_word' id='word_1_271' title='bbox 486 4518 680 4580; x_wconf 89' lang='lat' dir='ltr'>animarum</span> <span class='ocrx_word' id='word_1_272' title='bbox 704 4515 829 4596; x_wconf 90' lang='lat' dir='ltr'>saluti,</span> <span class='ocrx_word' id='word_1_273' title='bbox 859 4528 896 4579; x_wconf 90' lang='lat' dir='ltr'>et</span> <span class='ocrx_word' id='word_1_274' title='bbox 919 4519 1054 4598; x_wconf 84' lang='lat' dir='ltr'>legum,</span> <span class='ocrx_word' id='word_1_275' title='bbox 1078 4520 1250 4581; x_wconf 92' lang='lat' dir='ltr'>bonorum</span> <span class='ocrx_word' id='word_1_276' title='bbox 1276 4539 1423 4598; x_wconf 90' lang='lat' dir='ltr'>morum,</span> <span class='ocrx_word' id='word_1_277' title='bbox 1448 4522 1608 4604; x_wconf 90' lang='lat' dir='ltr'>superio-</span> 
     </span>
     <span class='ocr_line' id='line_1_36' title="bbox 325 4625 1607 4710; baseline 0 -18"><span class='ocrx_word' id='word_1_278' title='bbox 325 4649 401 4691; x_wconf 90' lang='lat' dir='ltr'>rum</span> <span class='ocrx_word' id='word_1_279' title='bbox 424 4635 639 4708; x_wconf 90' lang='lat' dir='ltr'>potestatum</span> <span class='ocrx_word' id='word_1_280' title='bbox 671 4643 762 4704; x_wconf 91' lang='lat' dir='ltr'>quae</span> <span class='ocrx_word' id='word_1_281' title='bbox 786 4643 851 4704; x_wconf 85' lang='lat' dir='ltr'>per</span> <span class='ocrx_word' id='word_1_282' title='bbox 882 4626 975 4686; x_wconf 85' lang='lat' dir='ltr'>hanc</span> <span class='ocrx_word' id='word_1_283' title='bbox 999 4625 1238 4687; x_wconf 87' lang='lat' dir='ltr'>turbulentam</span> <span class='ocrx_word' id='word_1_284' title='bbox 1267 4627 1420 4691; x_wconf 91' lang='lat' dir='ltr'>heresim</span> <span class='ocrx_word' id='word_1_285' title='bbox 1452 4628 1488 4690; x_wconf 93' lang='lat' dir='ltr'>in</span> <span class='ocrx_word' id='word_1_286' title='bbox 1513 4630 1607 4710; x_wconf 91' lang='lat' dir='ltr'>peri-</span> 
     </span>
     <span class='ocr_line' id='line_1_37' title="bbox 325 4730 1607 4813; baseline 0.002 -16"><span class='ocrx_word' id='word_1_287' title='bbox 325 4737 440 4797; x_wconf 88' lang='lat' dir='ltr'>culum</span> <span class='ocrx_word' id='word_1_288' title='bbox 464 4733 640 4795; x_wconf 88' lang='lat' dir='ltr'>adductae</span> <span class='ocrx_word' id='word_1_289' title='bbox 665 4738 763 4810; x_wconf 88' lang='lat' dir='ltr'>sunt,</span> <span class='ocrx_word' id='word_1_290' title='bbox 795 4730 1027 4792; x_wconf 88' lang='lat' dir='ltr'>incolumitati</span> <span class='ocrx_word' id='word_1_291' title='bbox 1052 4733 1277 4813; x_wconf 88' lang='lat' dir='ltr'>consulatur,</span> <span class='ocrx_word' id='word_1_292' title='bbox 1302 4754 1380 4796; x_wconf 92' lang='lat' dir='ltr'>cum</span> <span class='ocrx_word' id='word_1_293' title='bbox 1404 4734 1510 4798; x_wconf 84' lang='lat' dir='ltr'>facile</span> <span class='ocrx_word' id='word_1_294' title='bbox 1533 4735 1607 4800; x_wconf 90' lang='lat' dir='ltr'>iam</span> 
     </span>
     <span class='ocr_line' id='line_1_38' title="bbox 325 4831 1607 4928; baseline -0.001 -21"><span class='ocrx_word' id='word_1_295' title='bbox 325 4833 488 4907; x_wconf 89' lang='lat' dir='ltr'>omnibus</span> <span class='ocrx_word' id='word_1_296' title='bbox 516 4831 706 4921; x_wconf 89' lang='lat' dir='ltr'>appareat,</span> <span class='ocrx_word' id='word_1_297' title='bbox 740 4836 806 4900; x_wconf 90' lang='lat' dir='ltr'>nisi</span> <span class='ocrx_word' id='word_1_298' title='bbox 841 4857 990 4919; x_wconf 87' lang='lat' dir='ltr'>presens</span> <span class='ocrx_word' id='word_1_299' title='bbox 1024 4838 1219 4902; x_wconf 89' lang='lat' dir='ltr'>remedium</span> <span class='ocrx_word' id='word_1_300' title='bbox 1254 4840 1361 4903; x_wconf 83' lang='lat' dir='ltr'>fuerit</span> <span class='ocrx_word' id='word_1_301' title='bbox 1396 4841 1607 4928; x_wconf 88' lang='lat' dir='ltr'>adhibitum,</span> 
     </span>
    </p>
   </div>
   <div class='ocr_carea' id='block_1_9' title="bbox 0 0 1784 5734">
    <p class='ocr_par' dir='ltr' id='par_1_9' title="bbox 0 0 1784 5734">
     <span class='ocr_line' id='line_1_39' title="bbox 0 0 1784 5734; baseline 0 0"><span class='ocrx_word' id='word_1_302' title='bbox 0 0 1784 5734; x_wconf 95' lang='lat' dir='ltr'> </span> 
     </span>
    </p>
   </div>
  </div>
 </body>
</html>
