3559 5734
874 910 947 976 102.

545 1036 795 1116 Aloander
822 1036 1265 1119 Vioeounoellnrio.

692 1154 836 1245 <uuus
855 1174 982 1233 comm
1001 1173 1031 1232 u.
1050 1174 1117 1243 un

781 1284 834 1348 (27.
854 1285 930 1351 Junii
953 1284 1040 1351 152¹·)

354 1420 488 1483 Mando
513 1440 534 1481 a
558 1418 602 1480 V.
628 1417 664 1482 S.
690 1419 786 1481 Rma
810 1417 831 1480 l'
857 1418 975 1481 edicto
1009 1418 1046 1480 di
1074 1417 1206 1482 Caesar
1239 1431 1275 1483 et
1305 1422 1363 1483 del
1393 1420 1548 1504 Imperio

265 1537 390 1592 contra
414 1526 569 1589 Martino
593 1527 744 1605 Luther‚
776 1525 858 1589 libri
892 1534 927 1589 et
958 1526 1103 1608 sequaci
1126 1526 1214 1606 suoi,
1240 1538 1275 1590 et
1298 1548 1362 1610 per
1386 1527 1549 1609 prohibit

266 1635 382 1718 questi
407 1633 489 1696 mali
513 1633 537 1696 li
553 1632 649 1715 quali
663 1633 869 1714 procedeno
892 1633 927 1699 in
952 1652 1042 1715 gran
1059 1643 1161 1716 parte
1178 1655 1244 1716 per
1268 1636 1300 1697 le
1324 1633 1548 1717 impressioni

264 1742 416 1805 ancord
445 1742 570 1804 dentro
595 1739 617 1802 l'
635 1739 746 1802 editto
772 1749 898 1802 contra
927 1741 951 1802 li
976 1739 1195 1823 impressori;
1227 1740 1261 1803 io
1286 1741 1404 1803 harrei
1428 1744 1547 1804 volen-

265 1849 344 1912 tieri
368 1848 464 1911 facto
489 1848 588 1910 detto
613 1846 725 1910 editto
750 1847 795 1909 de
819 1846 1024 1929 impressori
1048 1858 1226 1930 separat0,
1252 1869 1309 1913 ma
1327 1848 1451 1910 invero
1476 1867 1545 1910 non

263 1958 469 2019 haressemo
482 1954 572 2018 fatto
594 1955 637 2017 ne
653 1963 815 2017 ottenuto
834 1958 869 2017 lo
886 1955 1034 2035 intento,
1053 1955 1185 2037 perche
1197 1957 1347 2019 essendo
1361 1965 1454 2018 stata
1467 1975 1547 2018 con·

265 2065 363 2127 clusa
385 2064 421 2125 la
445 2082 529 2126 cosa
553 2062 597 2124 de
621 2061 777 2125 Martino
800 2063 859 2124 nel
882 2061 953 2125 fine
978 2062 1023 2125 de
1047 2064 1082 2124 la
1106 2061 1223 2141 Diem,
1248 2084 1286 2125 se
1311 2062 1372 2145 poi
1395 2064 1547 2126 havesse

264 2180 437 2252 proposta
449 2172 484 2233 la
500 2190 584 2231 cosa
605 2168 639 2230 di
652 2168 857 2251 impressori
877 2168 913 2232 in
926 2178 980 2232 tre
998 2170 1084 2232 mesi
1098 2189 1167 2231 non
1192 2169 1221 2232 si
1234 2172 1368 2232 harebe
1385 2172 1494 2232 hauto
1514 2171 1547 2233 el

264 2278 352 2359 fine,
382 2277 470 2359 pero
499 2275 533 2339 io
564 2278 611 2338 ho
641 2276 815 2359 aggiunto
849 2277 948 2339 detto
981 2278 1126 2339 decreto
1155 2279 1190 2339 al
1219 2275 1291 2341 fine
1322 2279 1357 2339 di
1381 2279 1417 2340 la
1440 2298 1548 2340 causa

265 2388 451 2449 lutherana
471 2394 507 2446 et
532 2381 623 2446 cossi
646 2383 812 2447 ambedoi
830 2383 977 2446 insieme
999 2383 1103 2446 furno
1130 2383 1227 2446 udite
1246 2383 1281 2445 in
1304 2383 1485 2466 presentia
1501 2385 1548 2447 de

265 2493 285 2556 l'
304 2491 453 2575 imperio
476 2498 512 2553 et
527 2491 703 2553 concluse.
746 2490 896 2554 Haveva
912 2490 1017 2553 etiam
1040 2490 1137 2553 facto
1154 2488 1175 2552 l'
1190 2491 1302 2554 editto
1319 2491 1364 2553 de
1382 2491 1470 2553 detti
1486 2491 1546 2553 im-

264 2598 421 2682 pressori
445 2596 593 2661 fondato
617 2618 724 2681 sopra
739 2599 774 2660 la
790 2598 895 2660 Bulla
910 2598 969 2661 del
986 2596 1144 2660 Concilio
1161 2598 1340 2661 Laterano
1360 2598 1396 2661 in
1412 2600 1462 2661 tal
1478 2620 1546 2661 ma·

265 2705 368 2786 teria,
405 2726 461 2768 ma
491 2705 516 2767 il
552 2705 710 2768 conselio
748 2706 783 2766 di
820 2703 930 2767 Cesar
965 2706 1088 2768 reseco
1124 2705 1315 2787 dovunque
1350 2705 1384 2768 io
1419 2705 1548 2770 faceva

264 2813 422 2877 mention
447 2811 483 2874 di
517 2833 596 2875 essa
620 2812 725 2874 Bulla
759 2820 795 2874 et
828 2812 957 2875 dicono
990 2814 1055 2874 che
1085 2812 1189 2875 melio
1221 2834 1260 2876 se
1289 2813 1438 2876 obediri
1470 2816 1546 2877 solo

265 2924 284 2984 l‘
302 2921 467 3001 Imperi0,
492 2918 645 2983 maxime
669 2919 705 2981 in
730 2919 845 3001 questi
862 2918 1039 3000 principii,
1064 2928 1163 2982 tanto
1181 2920 1246 2982 che
1264 2920 1352 2981 dura
1369 2920 1392 2981 il
1409 2921 1546 3002 sdegno

265 3028 300 3091 di
325 3037 492 3109 questoro
521 3036 647 3089 contro
671 3027 706 3088 la
730 3024 825 3089 Sede
851 3024 1080 3110 Apostolica;
1105 3028 1436 3108 quomodocumque
1460 3026 1547 3089 nihil

264 3135 374 3199 refert
402 3133 535 3216 perche
559 3133 593 3196 io
618 3133 702 3214 ogni
727 3134 832 3196 modo
856 3134 903 3194 ho
927 3132 1018 3194 fatto
1043 3130 1222 3214 imprimer
1253 3134 1351 3196 detta
1379 3135 1475 3195 bulla
1500 3134 1546 3196 la·

264 3254 427 3306 teranese
453 3250 488 3304 et
512 3240 677 3321 divulgar
701 3244 759 3322 qul
783 3240 819 3302 in
844 3237 1038 3303 Germania
1063 3247 1099 3301 et
1122 3239 1287 3303 Fiandra.

352 3348 460 3412 Homi
485 3347 639 3411 sforzato
664 3346 723 3429 pin
749 3349 815 3409 che
840 3346 858 3409 ἐ
883 3354 978 3408 stato
1002 3345 1174 3427 possibile
1198 3346 1372 3409 mantenir
1396 3347 1417 3409 l'
1432 3348 1548 3411 honor

265 3466 301 3519 et
324 3454 503 3519 authoritir
527 3454 563 3517 di
587 3454 630 3517 N.
655 3451 692 3516 S.
718 3464 754 3516 et
778 3453 814 3515 di
838 3454 873 3516 la
889 3450 987 3516 Sede
1004 3453 1202 3534 apostolica
1225 3453 1261 3516 in
1283 3463 1410 3535 questo
1435 3455 1547 3517 editto

265 3562 418 3627 maxime
454 3561 619 3624 accioche
655 3560 690 3623 in
725 3560 845 3623 futuro
881 3580 952 3621 non
988 3580 1026 3623 se
1063 3559 1188 3623 tirasse
1218 3559 1253 3622 in
1293 3560 1547 3642 consequentia

264 3671 330 3732 che
362 3668 471 3750 dopoi
503 3671 538 3731 la
571 3666 748 3730 sententia
778 3667 813 3729 di
838 3664 912 3729 Sua
936 3664 1078 3729 Santita
1107 3662 1204 3729 lusse
1237 3676 1328 3729 stato
1354 3668 1451 3730 udito
1477 3688 1546 3731 uno

264 3775 424 3838 heretico
455 3778 501 3837 ab
539 3774 688 3856 imperio
721 3785 757 3837 et
785 3773 1006 3856 principibus
1039 3772 1156 3847 laicis;
1189 3775 1277 3855 pero
1309 3775 1547 3838 occurendum

266 3893 343 3946 erat
367 3886 492 3946 morbo
525 3882 703 3963 venienti,
734 3880 759 3944 il
793 3884 858 3944 che
882 3880 926 3943 V.
959 3877 995 3943 S.
1028 3880 1124 3943 Rma
1152 3877 1283 3943 vederl
1315 3900 1413 3943 esser
1446 3881 1546 3945 fatto.

266 3990 330 4053 Pili
357 4010 489 4053 ancora
514 3989 608 4052 eraci
624 4009 751 4068 messo‚
776 4009 833 4050 ma
849 3987 872 4050 il
890 3986 1049 4050 conselio
1066 3989 1112 4049 ha
1127 3996 1288 4049 resecato
1304 4007 1371 4067 pur
1395 3990 1547 4068 qualche

265 4106 420 4177 cosetta,
453 4116 524 4158 non
558 4097 646 4176 pero
671 4096 704 4157 d'
725 4095 945 4176 importanza
978 4114 1034 4156 ma
1058 4093 1103 4155 de
1127 4094 1208 4157 stilo
1234 4102 1269 4156 et
1293 4093 1339 4155 mi
1362 4094 1547 4158 maravilio

265 4204 331 4266 che
355 4222 465 4264 ancor
489 4202 521 4264 ci
545 4201 642 4264 habii
666 4205 798 4265 lassato
822 4211 934 4281 tanto,
959 4200 983 4263 il
1008 4203 1075 4265 che
1099 4200 1135 4262 in
1158 4222 1244 4264 vero
1269 4222 1340 4264 non
1366 4202 1384 4265 ὲ
1408 4222 1501 4284 poco
1526 4223 1547 4264 a

265 4309 322 4372 chi
345 4312 415 4371 ben
441 4307 646 4389 considera,
679 4308 812 4391 perche
840 4309 964 4371 soleno
998 4308 1021 4370 li
1050 4307 1130 4370 laici
1164 4328 1304 4389 sempre
1329 4319 1462 4391 quanto
1487 4308 1546 4392 pili

264 4429 397 4499 poteno
429 4417 585 4496 derogar
615 4418 649 4478 al
683 4417 779 4479 clero
805 4426 840 4480 et
863 4415 1059 4478 attribuirsi
1082 4436 1104 4477 a
1128 4435 1177 4495 se,
1201 4415 1225 4477 il
1251 4416 1316 4478 che
1340 4418 1453 4497 perho
1479 4415 1545 4479 mai

264 4524 311 4586 ho
336 4523 428 4586 visto
452 4523 488 4586 in
512 4531 638 4604 questo
662 4523 786 4586 ottimo
811 4522 942 4586 Cesare
966 4524 1176 4605 praesertim
1210 4523 1352 4604 quando
1387 4525 1420 4587 el
1451 4522 1489 4586 fa
1512 4525 1546 4587 le

264 4652 348 4694 cose
372 4631 418 4694 de
448 4651 512 4693 suo
548 4650 639 4711 capo
675 4632 769 4705 solo;
804 4630 943 4692 benche
978 4631 1092 4692 anche
1125 4631 1183 4692 nel
1209 4629 1374 4693 Conselio
1409 4632 1455 4692 ha
1490 4630 1544 4693 de'

265 4738 375 4801 buoni
397 4757 464 4818 per
487 4736 546 4799 noi
570 4746 685 4818 certo,
709 4758 767 4799 ma
789 4758 860 4800 non
884 4736 1000 4816 molti,
1033 4746 1069 4798 et
1099 4734 1123 4797 li
1153 4736 1238 4799 boni
1271 4738 1316 4798 da
1340 4757 1394 4816 se,
1426 4738 1545 4800 hanno

264 4845 324 4926 poi
349 4843 497 4926 rispetto
522 4843 567 4906 ad
593 4843 674 4905 altri
697 4863 769 4907 non
793 4843 913 4906 buoni.
