3559 5734
817 571 1065 629 *4354004

301 713 479 798 intelligit.
526 718 616 781 Nam
640 729 676 782 et
700 740 882 802 expensae
907 741 972 804 per
1003 741 1058 783 me
1089 719 1234 783 habitae
1266 719 1299 783 in
1335 720 1585 802 impetratione

300 822 454 905 Judicis,
485 825 521 887 in
545 826 730 908 citatione,
759 828 794 891 in
819 849 990 910 processu
1014 827 1215 908 iudiciario,
1247 847 1369 906 ornnes
1399 837 1481 889 sunt
1503 848 1584 908 per·

302 930 397 994 ditae
421 952 487 1014 per
509 932 709 997 huiusmodi
744 935 1028 1015 revocationem,
1052 934 1230 1014 similiter,
1262 944 1298 997 et
1328 936 1431 997 labor
1454 933 1585 1006 omnis;

259 1037 262 1042 ’
303 1046 338 1100 et
361 1046 399 1100 ut
424 1038 547 1102 maiori
572 1060 776 1123 exponeret
798 1041 971 1122 ludibrio,
1003 1062 1058 1105 me
1083 1044 1266 1105 absentem
1292 1041 1499 1105 Curtisanus
1523 1040 1585 1104 ille

302 1143 425 1207 citavit
449 1143 484 1208 in
510 1147 624 1209 valvis
648 1147 839 1212 Ecclesiae.
886 1149 1017 1211 Merito
1042 1150 1238 1226 excandui,
1263 1169 1341 1212 cum
1365 1148 1442 1211 heri
1465 1167 1584 1211 rever-

303 1272 361 1314 sus
384 1251 446 1314 illa
470 1253 643 1318 relatione
667 1255 859 1318 amicorum
882 1255 1135 1338 intelligerem
1167 1258 1230 1318 sed
1261 1255 1364 1319 huius
1387 1254 1438 1318 rei
1462 1275 1586 1317 curam

302 1355 338 1423 S.
355 1358 395 1421 T.
413 1359 572 1441 Datario,
597 1371 658 1424 aut
671 1361 776 1424 alicui
793 1362 895 1425 alteri
912 1362 1123 1437 committat;
1147 1372 1293 1445 paratus
1310 1384 1386 1426 sum
1401 1361 1584 1444 suscipere

301 1465 485 1544 iustitiam,
515 1470 621 1530 modo
653 1465 688 1532 S.
722 1468 762 1531 T.
794 1469 990 1532 committat
1013 1491 1171 1543 causam;
1196 1470 1312 1550 Judici
1343 1470 1377 1531 in
1411 1468 1586 1552 partibuS,

303 1572 361 1653 qui
385 1575 499 1655 possit
526 1595 591 1657 per
615 1585 724 1639 testes
748 1577 909 1640 oculatos
933 1577 1119 1641 veritatem
1136 1577 1303 1659 experiri,
1319 1586 1379 1639 aut
1394 1577 1423 1638 si
1438 1576 1584 1638 omnino

303 1679 444 1744 Romae
477 1682 734 1764 experiendum
773 1694 826 1746 est
857 1687 902 1748 de
934 1685 1030 1765 iure,
1060 1705 1131 1747 non
1166 1684 1348 1767 permittat
1384 1681 1420 1747 S.
1454 1683 1494 1745 T.
1525 1703 1585 1745 me

302 1787 429 1868 rotari,
464 1790 527 1851 sed
556 1789 751 1853 committat
775 1791 880 1854 alicui
915 1812 960 1854 ex
984 1790 1309 1855 Reverendissimis
1334 1789 1587 1853 Cardinalibus

303 1895 347 1957 D.
373 1894 530 1958 Antonio
555 1898 600 1960 de
623 1896 757 1979 Monte,
793 1907 854 1960 aut
877 1899 921 1961 D.
947 1899 1055 1962 Petro
1080 1898 1322 1978 Anconitan0,
1355 1907 1416 1959 aut
1443 1897 1487 1959 D.
1511 1897 1585 1958 Do·

302 2000 431 2064 minico
464 2005 509 2065 de
540 2004 754 2086 Jacobatiis,
795 2004 854 2087 qui
885 2006 1128 2088 appellatione
1160 2015 1297 2069 remota
1327 2004 1516 2067 summarie
1547 2013 1587 2064 et

303 2107 509 2190 simpliciter
533 2123 728 2191 cognoscat
752 2113 798 2176 de
821 2112 996 2193 equitate,
1029 2121 1063 2174 et
1093 2110 1226 2174 iustitia
1250 2131 1389 2174 causae.
1437 2108 1475 2171 Si
1498 2108 1585 2171 fide·

304 2214 384 2277 liter
407 2216 578 2280 servirem
602 2216 745 2282 minimo
770 2219 899 2298 nobili,
923 2219 984 2281 ille
1008 2218 1204 2300 susciperet
1227 2239 1282 2281 me
1307 2216 1586 2296 defendendum,

304 2332 437 2403 quanto
462 2324 575 2405 magis
607 2322 665 2388 Se.
697 2325 767 2407 Ap.
801 2325 857 2388 cui
886 2314 955 2387 iarn
986 2334 1039 2388 tot
1069 2324 1169 2387 annis
1200 2323 1404 2387 fidelissime
1428 2343 1506 2386 cum
1532 2333 1588 2386 tot

303 2428 496 2508 laboribus,
522 2440 557 2493 et
581 2430 749 2512 periculis
773 2431 923 2509 servivi,
955 2453 1023 2495 non
1054 2431 1231 2513 relinquat
1262 2453 1317 2495 me
1348 2431 1587 2494 indefensum.

304 2531 341 2597 S.
358 2534 397 2599 T.
413 2538 546 2599 habeat
561 2538 748 2620 negocium
774 2538 857 2601 fidei
875 2540 1168 2619 commendatum,
1184 2539 1267 2602 licet
1283 2538 1457 2603 Catholici
1472 2538 1587 2601 ferme

304 2662 426 2704 omnes
439 2644 631 2725 desperent
642 2645 801 2708 haeresis
814 2645 1089 2728 extirpationem
1104 2645 1170 2709 nisi
1190 2644 1322 2709 Caesar
1338 2667 1402 2708 sua
1418 2666 1587 2727 praesen-

304 2746 353 2810 tia
376 2748 514 2813 iuverit.
562 2752 659 2813 Deus
684 2749 767 2835 Opt.
792 2753 889 2818 Max.
915 2752 948 2815 S.
974 2752 1012 2816 Τ.
1039 2762 1189 2833 tueatur,
1214 2773 1255 2816 ac
1281 2753 1421 2835 dirigat.

392 2855 603 2936 Ingolstadii
627 2858 747 2922 XVII.
773 2857 994 2941 Septembris
1018 2861 1126 2923 Anno
1150 2860 1288 2941 gratiae
1312 2860 1512 2923 MDXXV.

465 2961 500 3026 S.
525 2964 565 3028 T.

1221 3074 1393 3122 llumillimus
1413 3075 1531 3123 Servitor

1287 3161 1326 3222 lo.
1345 3161 1459 3223 Rekita

906 3574 981 3639 256.

506 3698 714 3779 Willelnus
741 3699 932 3779 Palatinus
959 3699 1075 3779 Rheni
1104 3698 1276 3779 clementi
1304 3699 1381 3779 VII.

729 3855 812 3922 mu
830 3855 991 3929 Principum
1009 3854 1031 3912 t
1049 3853 1094 3912 fol.
1115 3855 1167 3924 51.)

820 3996 872 4049 124.
892 3986 965 4047 Sept.
987 3985 1071 4045 1525.)

396 4124 579 4188 Neminem
605 4125 776 4208 praeterit
799 4126 840 4188 B.
866 4126 906 4187 P.
939 4125 1083 4208 dignum
1115 4124 1192 4187 fore
1226 4136 1262 4187 et
1285 4126 1412 4189 rationi
1437 4146 1584 4188 consen·

307 4244 467 4312 taneum,
499 4244 537 4294 ut
567 4252 644 4310 eos,
678 4231 737 4313 qui
773 4234 897 4294 sedula
929 4231 1032 4294 nobis
1065 4230 1250 4312 vigilantia
1281 4231 1495 4312 inserviunt,
1527 4253 1587 4295 ve·

307 4342 491 4402 hementer
507 4358 648 4420 quoque
664 4338 846 4400 favoribus
863 4358 1133 4421 prosequamur,
1145 4358 1186 4400 ac
1202 4337 1370 4400 molestiis
1395 4340 1585 4420 presertim

307 4444 476 4508 indebitis
499 4448 667 4508 levemus.
715 4444 819 4526 Quod
851 4443 982 4508 Sedem
1013 4444 1257 4525 Apostolicam
1288 4445 1347 4507 ubi
1376 4446 1587 4527 benignissi-

308 4573 398 4615 mam
433 4572 474 4614 ac
517 4551 709 4632 piissimam
749 4550 843 4614 circa
876 4571 962 4614 suos
1001 4550 1192 4613 servitores
1227 4552 1349 4612 sedulo
1392 4555 1589 4616 observare

308 4679 378 4721 non
415 4657 634 4737 dubitamus,
676 4677 785 4738 quare
828 4658 967 4720 facilius
1002 4658 1155 4719 animum
1190 4657 1392 4721 induximus
1427 4670 1588 4723 nostrum

308 4786 373 4847 pro
404 4764 501 4828 fideli
537 4777 658 4828 nostro
699 4775 734 4828 et
775 4765 878 4828 nobis
912 4766 1042 4828 dilecto
1070 4765 1232 4845 Johanne
1262 4765 1374 4828 Echio
1405 4766 1588 4830 ordinario

309 4854 517 4936 Professore
542 4882 577 4935 et
600 4894 666 4956 pro
692 4871 912 4936 Cancellario
945 4871 1051 4934 studii
1081 4871 1191 4935 nostri
1214 4871 1393 4954 generalis
1417 4871 1584 4953 ingolsta-
