3559 5734
700 548 948 604 &libide-0

181 696 247 757 hos
264 715 377 777 usque
391 694 481 758 fines
498 716 653 777 serpere,
669 715 847 777 nunquam
872 697 1009 759 cessavi
1025 697 1109 779 quin
1134 697 1287 760 omnium
1311 698 1464 762 maxime

182 803 447 883 contenderem,
471 803 567 884 apud
592 800 863 866 Serenissimum
888 804 1104 887 Principem,
1141 816 1212 868 tam
1250 804 1362 867 literis
1396 805 1463 869 fre·

182 907 440 990 quentissimis,
477 930 581 991 quam
611 920 646 972 et
677 910 812 974 crebris
844 910 1020 992 nunctiis,
1056 922 1094 974 ut
1126 910 1222 975 Suae
1253 909 1464 975 Serenitatis

182 1015 335 1079 animum
359 1036 424 1098 pro
439 1016 646 1079 defensione
669 1017 819 1080 nominis
844 1019 1075 1082 ecclesiastici
1099 1019 1339 1082 inviolabilem
1364 1028 1400 1082 et
1414 1020 1463 1083 in-

182 1123 394 1204 placabilem
419 1125 616 1206 redderem,
641 1146 684 1188 ne
709 1124 794 1206 quid
819 1127 994 1189 decedere
1018 1137 1201 1209 pateretur
1225 1127 1270 1190 de
1287 1148 1352 1191 sua
1376 1147 1464 1208 erga

181 1231 303 1293 sedem
320 1230 564 1312 Apostolicam
582 1232 773 1296 devotione
790 1234 904 1314 solita,
929 1244 964 1297 et
987 1233 1119 1315 insigni
1143 1252 1230 1314 erga
1253 1234 1463 1315 religionem

182 1337 409 1400 christianam
425 1339 570 1420 pietate,
587 1338 692 1403 etiam
709 1340 738 1402 si
755 1340 790 1402 vi
807 1349 841 1403 et
865 1341 972 1403 armis
995 1340 1182 1424 negocium
1206 1340 1463 1404 conficiendum

180 1444 382 1518 videretur;
419 1447 482 1508 sed
512 1467 627 1528 neque
650 1468 706 1509 me
730 1446 862 1510 frustra
896 1448 1062 1511 laborare
1094 1447 1322 1528 crediderim,
1356 1468 1462 1528 quum

182 1560 311 1634 sponte
335 1553 490 1615 currenti
515 1554 666 1616 calcaria
682 1553 890 1634 addiderim,
915 1563 951 1617 et
973 1575 1183 1637 quacunque
1198 1555 1335 1618 ratione
1352 1555 1462 1636 potui,

182 1678 422 1741 quoscumque
447 1662 589 1723 labores
605 1669 640 1723 et
663 1660 804 1741 vigilias
827 1682 925 1724 meas
948 1663 994 1724 ad
1007 1663 1074 1724 hos
1097 1663 1265 1724 tumultus
1285 1663 1463 1724 sedandos

182 1765 332 1848 contuli,
363 1777 400 1829 ut
428 1766 512 1829 mihi
543 1766 666 1830 videre
699 1768 823 1831 videar
857 1768 1074 1851 presentiam
1106 1789 1220 1831 meam
1252 1769 1345 1832 inter
1372 1770 1461 1831 haec

184 1873 336 1935 confinia
368 1874 528 1937 nonnihil
566 1875 740 1937 commodi
775 1895 887 1957 usque
922 1875 959 1939 in
994 1874 1252 1958 presentiarum
1288 1876 1460 1939 attulisse.

184 1980 318 2043 Verum
342 1981 371 2044 si
395 1991 539 2064 praeter
563 1981 766 2064 opinionem
790 2003 924 2062 meam,
957 1984 1052 2064 quod
1076 1983 1175 2045 Deus
1200 1980 1364 2064 Optimus
1387 1982 1460 2044 Ma·

184 2086 370 2169 ximusque
394 2088 595 2171 prohibeat,
619 2109 676 2151 res
700 2088 802 2151 aliter
826 2090 971 2152 cederet
992 2093 1174 2170 (quantum
1189 2090 1235 2151 ad
1252 2108 1307 2151 me
1322 2085 1462 2172 attinet)

183 2194 337 2274 decrevi,
352 2215 562 2277 quecunque
578 2196 676 2277 dura,
694 2196 829 2279 gravia,
854 2208 890 2258 et
907 2217 1034 2278 aspera
1049 2197 1148 2279 prius
1172 2193 1331 2275 sufferre,
1357 2216 1461 2277 quam

184 2302 229 2364 ad
254 2301 375 2383 iniqua
397 2303 457 2364 vel
482 2302 599 2384 turpia
623 2303 779 2385 perduci,
805 2323 921 2385 neque
946 2303 1052 2366 facile
1076 2301 1291 2365 committam
1308 2310 1347 2364 ut
1364 2302 1461 2384 quip-

184 2408 279 2490 piam
304 2429 350 2470 ex
373 2426 429 2471 me
453 2410 616 2472 audiatur
640 2419 874 2492 acceptatum,
893 2412 988 2493 quod
1004 2412 1063 2474 vel
1088 2420 1228 2473 vestrae
1244 2409 1462 2473 Beatitudini

184 2517 369 2578 molestum
385 2535 464 2578 esse
477 2516 599 2598 possit,
617 2519 673 2580 vel
688 2538 744 2580 me
756 2538 881 2599 parum
897 2518 1059 2581 decuisse
1071 2518 1248 2591 videatur;
1260 2515 1463 2598 arbitratuS,

185 2624 279 2704 quod
303 2622 339 2684 in
363 2621 458 2685 omni
487 2643 565 2685 mea
594 2623 751 2704 fortuna,
780 2635 816 2687 et
840 2644 1015 2707 prospera
1050 2634 1085 2687 et
1109 2623 1281 2704 adversa,
1305 2623 1383 2705 ipsa
1406 2643 1462 2686 me

185 2751 255 2793 non
280 2730 325 2793 sit
348 2730 562 2793 derelictura
586 2751 651 2813 pro
676 2751 719 2793 ea
743 2731 930 2795 clementia
955 2740 990 2794 et
1013 2731 1231 2795 humanitate
1255 2751 1326 2811 qua
1346 2731 1462 2812 singu·

184 2840 238 2901 los
262 2837 315 2901 sui
340 2848 375 2900 et
399 2835 503 2901 Sedis
527 2838 685 2920 Apostw
704 2838 882 2901 studiosos
907 2859 1047 2921 semper
1082 2849 1136 2901 est
1165 2847 1373 2921 prosecuta;
1407 2836 1464 2899 cui

183 2967 240 3009 me
257 2955 292 3008 et
308 2945 503 3008 Ecclesiam
519 2946 611 3008 hanc
626 2966 723 3008 suam
739 2946 985 3009 Tridentinam
998 2947 1228 3009 vehementer
1244 2945 1463 3008 commendo,

274 3071 330 3133 Ex
353 3069 525 3133 Tridento
550 3070 608 3133 die
632 3068 762 3132 XXII·
784 3070 879 3150 Junii
904 3072 1011 3133 Anno
1035 3069 1179 3133 Domini
1204 3068 1355 3131 XXV20.

1080 3213 1161 3263 Hum.
1180 3213 1306 3261 Creatura

961 3303 993 3354 B.
1015 3301 1213 3366 Episcopus
1238 3300 1392 3354 Trideut.

723 3523 929 3536 mmm

787 3790 862 3857 225.

398 3908 593 4011 Episcopus
621 3908 935 3988 wratislaviensis
964 3907 1242 3988 clementius

619 4056 677 4129 (Ep.
695 4056 781 4129 ptlut.
800 4055 851 4113 111.
872 4054 918 4114 iol.
938 4055 1010 4126 tlt.)

690 4176 743 4239 (28.
763 4176 837 4241 Junii
860 4173 947 4238 1525.)

275 4328 505 4393 Sanctissime
529 4349 570 4390 ac
605 4327 814 4390 Beatissime
847 4326 883 4389 in
908 4324 1048 4389 Christo
1083 4325 1192 4387 Pater
1225 4345 1266 4387 ac
1297 4326 1461 4406 Domine,

184 4438 337 4501 Domine
362 4436 643 4501 clementissime.
691 4436 778 4497 Post
810 4436 943 4497 devota
969 4440 1151 4496 beatorum
1175 4434 1306 4514 pedum
1331 4435 1462 4513 oscula,

184 4545 413 4608 humillimam
437 4545 490 4606 sui
509 4544 619 4626 ipsius
636 4541 986 4605 commendationem.
1004 4538 1284 4602 Clementissime
1299 4540 1461 4604 Domine.

185 4651 355 4733 Quamvis
380 4671 544 4714 erumnas
569 4661 604 4712 et
628 4648 847 4712 calamitates
874 4647 1056 4710 Ecclesiae
1080 4667 1120 4709 ac
1145 4646 1232 4709 cleri
1254 4647 1332 4727 mei,
1356 4647 1462 4711 immo

186 4757 341 4822 Sanctae
375 4756 479 4822 Sedis
510 4756 742 4841 Apostolicae
774 4766 809 4818 et
838 4754 1035 4837 relligionis
1071 4763 1311 4838 contemptum
1339 4754 1393 4819 his
1425 4755 1461 4819 in

185 4866 316 4930 finibus
339 4865 469 4929 totiens
492 4865 562 4928 iam
587 4863 848 4947 deploraverim
872 4862 1074 4943 totiensque
1095 4860 1284 4924 Sanctitati
1299 4862 1461 4943 Vestrae,

1251 4984 1303 5039 31*
