3559 5734
688 545 935 605 0-43319ί1-ο

173 712 265 777 quae
289 701 372 758 tunc
397 692 632 759 determinata
656 705 692 759 et
716 696 882 759 damnata
905 693 1067 775 fuerunt,
1099 714 1220 758 rursus
1250 690 1285 758 in
1315 707 1453 759 contro-

173 802 325 866 versiam
350 813 384 866 et
400 802 674 884 disputationem
695 813 878 883 vocantur,
903 814 941 864 ut
965 804 1069 865 detur
1092 802 1209 865 omnia
1233 802 1453 867 confundere

174 910 427 991 quaerentibus
451 910 504 973 sui
520 911 648 973 veneni
664 908 838 973 fundendi
858 919 894 972 et
911 909 1137 991 propagandi
1159 910 1328 973 facultas:
1353 911 1454 993 quasi

172 1016 306 1099 aliquid
334 1017 419 1080 boni
443 1017 546 1099 seligi
569 1038 614 1081 ex
639 1017 708 1080 illis
732 1017 858 1100 possit,
887 1032 924 1080 et
947 1037 1018 1079 non
1043 1017 1258 1099 contagione
1286 1019 1452 1099 pestilen-

174 1124 260 1187 tium
284 1124 447 1206 proxima
471 1144 633 1206 quaeque
659 1123 876 1205 inficiantur,
906 1124 1126 1205 eandemque
1150 1125 1302 1188 reddant
1324 1128 1454 1190 tabem.
1494 1129 1498 1137 '

177 1229 248 1294 Sed
273 1232 318 1294 de
342 1230 397 1294 his
421 1232 500 1295 Deo
524 1231 779 1313 omnipotenti,
810 1252 915 1313 quem
949 1242 1075 1294 testem
1110 1240 1145 1294 et
1173 1230 1323 1296 iudicem
1348 1234 1456 1297 animi

176 1338 287 1401 nostri
312 1339 409 1419 recti,
433 1348 540 1420 atque
563 1338 726 1419 istorum,
761 1336 820 1420 qui
856 1332 941 1400 talia
969 1338 1068 1400 alunt
1091 1340 1284 1402 voluntatis
1306 1339 1455 1405 facimus

176 1444 250 1526 (sic)
275 1446 438 1527 profecto
462 1446 529 1508 erit
553 1457 670 1509 curae.
716 1445 791 1508 Nos
815 1455 897 1508 tuae
921 1444 1135 1508 fraternitati
1164 1447 1323 1509 debitum
1347 1450 1454 1513 hono·

176 1572 269 1633 rem,
305 1573 371 1634 pro
396 1553 507 1635 ipsius
530 1551 693 1616 maximis
725 1552 859 1615 meritis
889 1551 1065 1615 voluimus
1100 1553 1269 1633 reddere,
1305 1565 1341 1616 et
1374 1555 1455 1629 Tibi

177 1679 286 1741 agere
310 1661 463 1741 gratias,
495 1659 555 1742 qui
587 1659 623 1722 in
647 1659 782 1742 optima
805 1669 923 1722 mente
947 1668 983 1722 et
1007 1660 1183 1722 sententia
1206 1680 1347 1743 semper
1378 1682 1455 1744 per-

178 1766 319 1829 stiteris.
374 1766 520 1829 Hortari
555 1776 674 1830 autem
706 1775 760 1847 te,
792 1774 830 1828 ut
860 1765 1065 1849 supradicto
1099 1767 1235 1850 Legato
1267 1782 1388 1833 nostro
1421 1779 1457 1833 et

178 1894 308 1953 amore,
333 1883 370 1936 et
393 1873 526 1953 studio,
551 1881 588 1936 et
611 1872 797 1954 diligentia
820 1872 1046 1936 consiliorum
1070 1884 1210 1937 tuorum
1233 1855 1399 1958 assistas,
1413 1879 1456 1941 si·

178 1980 263 2063 quid
286 1980 379 2044 forte
403 1981 549 2044 remedii
573 1980 687 2062 possit
711 1981 860 2061 ostendi,
885 2001 956 2044 non
981 1981 1193 2044 arbitramur
1217 1986 1455 2050 necessarium

179 2107 276 2150 esse:
302 2108 371 2151 non
398 2097 482 2169 eget
506 2087 599 2150 enim
623 2086 885 2167 admonitione,
909 2086 1025 2168 pietas
1048 2088 1084 2150 in
1108 2089 1223 2152 Deum
1248 2101 1317 2155 tua.
1365 2093 1455 2156 Illud

178 2193 297 2275 potius
321 2215 465 2258 monere
489 2205 544 2275 te,
574 2204 609 2258 et
632 2194 835 2276 significare
858 2194 922 2257 tibi
947 2196 1120 2277 volumus,
1145 2203 1456 2282 quaecumque'ad

179 2302 400 2365 commodum
435 2309 472 2365 et
507 2302 678 2365 honorem
712 2311 810 2364 tuum
852 2322 893 2364 ac
925 2311 1065 2365 tuorum
1100 2304 1347 2387 pertinebunt,
1390 2328 1455 2371 nos

180 2427 320 2489 semper
344 2408 520 2489 studiose,
544 2416 775 2489 amanterque
800 2408 977 2487 facturos,
1013 2408 1104 2472 sicut
1128 2410 1222 2474 dicto
1248 2423 1368 2476 nostro
1393 2400 1456 2477 ie-

180 2525 265 2596 gato
303 2516 564 2595 mandavimus,
607 2524 645 2578 ut
684 2525 799 2600 tecum
837 2525 959 2578 nostro
994 2516 1137 2580 nomine
1172 2520 1456 2606 communicaret.

181 2621 243 2685 Cui
267 2621 455 2686 iratenitas
479 2631 541 2685 tua
564 2642 704 2686 omnem
726 2621 834 2686 fidem
856 2623 1056 2705 praebebit.

269 2731 350 2795 Dat.
375 2731 516 2794 Romae
540 2730 597 2794 die
622 2730 688 2794 XI.
713 2730 787 2793 Mai
809 2730 1029 2794 MDXXIV.
1076 2732 1183 2795 Anno
1208 2733 1332 2815 primo.

713 2907 918 2920 mmm&

453 3186 613 3267 clemens
640 3186 720 3266 VII.
750 3076 935 3267 offiium
961 3185 1183 3271 Eboraoonsi

398 3333 558 3405 (0111111111
584 3332 644 3391 VH.
671 3332 773 3391 Brevia
800 3333 868 3391 Ana
898 3332 920 3390 t
948 3349 988 3406 ep.
1014 3333 1071 3393 all.
1100 3334 1241 3409 111881.)

694 3452 745 3512 [16.
766 3452 832 3501 Maii
854 3450 942 3521 1524.)

269 3577 442 3641 Mittimus
467 3579 511 3642 ad
535 3579 639 3641 istum
663 3576 805 3658 Regem
829 3575 1095 3640 invictissimum
1120 3588 1155 3642 et
1179 3583 1224 3643 ad
1249 3578 1458 3666 circumspe-

182 3683 334 3747 ctionem
358 3695 455 3748 tuam
478 3686 679 3766 exemplum
703 3683 779 3747 eius
803 3682 1072 3747 deliberationis
1096 3694 1131 3748 et
1150 3687 1285 3751 decreti
1309 3692 1404 3770 quod
1423 3690 1459 3754 in

181 3792 247 3854 hac
271 3792 435 3873 proxima
452 3790 753 3873 Nurembergensi
777 3790 873 3853 dieta
888 3789 1102 3855 Germaniae
1122 3793 1255 3858 factum
1276 3808 1340 3876 est,
1365 3798 1460 3863 circa

184 3919 243 3962 res
274 3898 359 3962 fidei
392 3909 429 3962 et
451 3919 593 3961 causam
626 3900 718 3961 hanc
749 3896 912 3972 Lutheri3
945 3897 981 3961 in
1006 3919 1076 3979 quo
1100 3899 1218 3982 aliqua
1241 3904 1337 3967 bona
1369 3885 1460 3971 sunt.

183 4006 358 4086 Videntur
388 4006 480 4069 enim
505 4007 660 4069 Decreto
685 4003 940 4068 Wormatiensi
972 4006 1067 4087 quod
1100 4015 1182 4069 tunc
1215 4008 1250 4072 in
1281 4022 1459 4075 conventu

182 4115 241 4177 illo
272 4134 337 4196 per
361 4114 549 4178 Caesarem
579 4113 695 4195 ipsum
718 4114 763 4175 de
788 4111 992 4198 Conventus
1016 4112 1191 4177 sententia
1225 4116 1357 4180 editum
1382 4118 1458 4197 fuit,

181 4241 313 4303 magna
335 4241 381 4285 ex
405 4230 508 4303 parte
531 4222 624 4284 velle
648 4220 811 4291 obedire;
836 4219 955 4300 aliqua
977 4239 1060 4282 vero
1085 4240 1156 4283 non
1180 4220 1230 4284 ita
1252 4224 1356 4287 nobis
1379 4246 1458 4308 pro·

182 4332 328 4403 bantur3
353 4349 525 4393 revocare
548 4329 642 4393 enim
665 4348 740 4390 rem
763 4327 809 4390 ad
833 4346 945 4389 novas
970 4325 1228 4408 disputationes
1253 4338 1288 4392 et
1308 4351 1458 4395 conven-

183 4450 255 4500 tum
287 4439 335 4499 ob
357 4437 450 4500 hanc
474 4455 616 4499 causam
644 4435 820 4513 indicere,
856 4453 1052 4516 causasque
1086 4444 1121 4497 et
1145 4435 1459 4503 determinationes

182 4542 264 4606 fidei
288 4553 434 4607 sanctae
458 4543 564 4606 toties
584 4541 654 4605 iam
678 4540 793 4603 factas
816 4548 923 4622 atque
947 4549 1112 4621 receptas
1135 4562 1256 4605 rursus
1273 4563 1406 4624 ponere
1422 4545 1458 4609 in

183 4650 478 4732 controversiam,
514 4649 621 4714 sentit
644 4647 803 4712 nonnihil
834 4668 855 4709 a
878 4647 1029 4710 veritate
1062 4657 1098 4710 et
1120 4648 1263 4731 integra
1285 4651 1459 4732 religione

183 4759 344 4841 profecto
369 4758 641 4821 dissentaneum.
689 4753 761 4819 Sed
786 4754 875 4816 haec
899 4753 1133 4834 inaequalitas
1162 4763 1197 4818 et
1220 4755 1460 4844 discrepantia

184 4867 312 4931 accidit
344 4868 439 4948 quod
471 4866 507 4929 in
529 4865 660 4945 magno
685 4869 863 4926 conventu
894 4861 956 4923 ubi
978 4861 1077 4924 multi
1101 4862 1187 4925 boni
1216 4873 1314 4945 sunt,
1348 4867 1460 4931 malos
