3559 5734
657 569 806 624 aetat
845 569 904 623 ἰθύ

142 719 253 784 cultus
268 716 399 780 Christi
424 736 494 779 non
521 717 625 779 modo
649 716 852 798 transgredi
877 717 941 779 sed
966 718 1083 799 palam
1109 717 1214 781 etiam
1231 719 1421 800 reprehen-

143 826 222 888 dere
249 835 285 888 et
309 844 519 906 oppugnare
543 823 686 903 audent,
711 843 860 904 quorum
885 824 1049 906 impietas
1074 826 1179 889 etiam
1203 826 1281 889 aliis
1302 817 1423 909 potest

143 953 216 995 esse
242 941 464 995 nocumento.
505 930 609 1012 Quod
633 950 698 992 nos
716 929 996 1012 aegreferentes,
1022 952 1101 995 cum
1124 954 1298 996 memores
1315 933 1423 996 simus

143 1039 223 1121 quid
247 1038 324 1102 cir¹¹¹
346 1050 428 1102 tuae
452 1057 559 1120 super
583 1036 638 1100 his
662 1038 864 1105 dederimus
887 1039 1068 1102 facultatis
1092 1059 1134 1103 ac
1156 1040 1201 1103 de
1217 1051 1278 1103 tua
1291 1040 1422 1105 virtute

142 1158 175 1209 et
196 1145 387 1229 prudentia
417 1156 453 1208 et
477 1163 565 1226 erga
588 1164 758 1208 summum
785 1146 899 1208 Deum
930 1146 1105 1228 religione
1139 1147 1272 1229 optime
1296 1148 1421 1211 sentia·

141 1274 225 1333 mue,
249 1251 424 1316 voluimus
447 1261 483 1315 te
508 1254 625 1315 denuo
649 1271 716 1333 per
739 1254 803 1314 has
828 1252 964 1316 litteras
988 1253 1123 1317 hortari
1147 1265 1185 1316 ut
1201 1254 1354 1318 studium
1379 1277 1420 1319 ac

142 1360 359 1443 diligentiam
392 1359 564 1422 exhibere
588 1360 701 1421 velles
732 1379 802 1440 quo
826 1359 916 1422 haec
945 1368 1045 1423 tanta
1068 1362 1168 1424 labes
1199 1371 1319 1425 rectae
1343 1362 1420 1426 reli-

141 1468 257 1550 gionis
290 1468 324 1530 in
358 1466 409 1529 eis
433 1466 520 1529 locis
553 1464 784 1547 extinguatur
815 1486 850 1529 m
880 1466 1008 1547 quibus
1041 1488 1120 1529 cum
1152 1467 1234 1531 talis
1266 1468 1422 1532 faemina

142 1575 232 1638 omni
263 1574 392 1637 virtute
425 1583 461 1635 et
493 1573 628 1655 pietate
661 1584 826 1654 prestans
859 1581 999 1655 gratam
1032 1574 1164 1638 habeat
1196 1584 1421 1659 potestatem,

142 1703 207 1746 non
233 1702 421 1764 possumus
445 1679 608 1743 dubitare
632 1679 725 1743 illius
749 1679 903 1744 instante
934 1681 1161 1762 auctoritate,
1186 1693 1247 1745 tua
1270 1682 1421 1748 interve·

142 1789 258 1852 niente
292 1808 378 1851 cura
409 1797 445 1850 et
476 1785 732 1867 sollicitudine,
769 1786 852 1867 quin
887 1787 1006 1850 omnia
1038 1788 1107 1851 sint
1135 1789 1253 1852 futura
1285 1791 1330 1853 ad
1354 1791 1423 1854 Dei

141 1906 174 1959 et
196 1894 365 1977 antiquae
389 1893 472 1956 fidei
487 1895 659 1957 honorem
683 1913 724 1955 ac
743 1894 1005 1958 observantiam
1029 1894 1149 1959 facilia
1173 1905 1279 1978 atque
1297 1919 1420 1979 prona

142 2003 219 2066 Non
245 2001 336 2066 enim
370 2001 405 2063 in
428 2000 531 2063 nobis
555 1999 671 2063 inesse
695 2010 814 2083 potest
845 2002 918 2064 ulla
942 2001 1115 2066 dubitatio
1140 2003 1237 2067 illam
1268 2006 1375 2069 tantis
1399 2027 1421 2068 a

142 2110 217 2172 Deo
252 2108 353 2171 donis
384 2116 420 2171 et
444 2108 587 2169 dotibus
612 2116 771 2169 ornatam
796 2108 979 2170 mulierem
1012 2129 1103 2191 quae
1134 2110 1206 2173 suis
1230 2109 1421 2175 virtutibus

141 2215 292 2280 omnium
325 2235 468 2277 suorum
493 2213 663 2277 maiorum
696 2212 846 2277 virtutes
879 2225 1105 2298 representat
1136 2218 1419 2298 posthabituram

140 2325 284 2387 tutelam
309 2332 344 2385 et
368 2321 611 2385 defensionem
628 2319 849 2384 Christianae
872 2320 1058 2403 religionis
1082 2324 1157 2386 eius
1180 2344 1272 2406 quae
1296 2346 1318 2388 a
1342 2326 1418 2408 Spi-

140 2430 206 2493 ritu
231 2430 364 2492 Sancto
396 2448 461 2510 per
484 2448 608 2490 manus
641 2438 843 2491 sanctorum
873 2438 1014 2510 patrum
1047 2450 1068 2492 a
1092 2440 1145 2492 tot
1175 2430 1245 2493 iam
1268 2433 1420 2496 saeculis

141 2547 284 2620 recepta
307 2546 343 2599 et
366 2538 520 2617 probata
544 2543 607 2598 est.
648 2533 767 2615 Quare
790 2544 826 2596 te
848 2535 917 2597 hac
941 2556 1005 2618 spe
1019 2533 1189 2600 fidentem
1214 2548 1250 2601 et
1265 2559 1334 2622 ope
1351 2540 1420 2603 Dei

142 2665 181 2706 ac
204 2656 325 2707 nostra
345 2640 556 2705 auctoritate
581 2651 711 2722 tuaque
735 2641 866 2703 virtute
881 2652 1055 2705 armatum
1080 2644 1166 2706 dare
1181 2645 1419 2710 omnimodam

23 2807 25 2824 i
141 2772 283 2834 operam
307 2752 469 2813 volumus
493 2758 531 2810 ut
555 2767 677 2811 eorum
701 2747 759 2828 qui
778 2746 1006 2811 ministerium
1030 2751 1097 2812 hoc
1117 2771 1265 2832 pravum
1289 2763 1326 2816 et
1340 2773 1418 2834 per-

142 2858 307 2922 niciosum
332 2855 580 2938 corrumpendi
604 2853 765 2936 puriores
780 2853 915 2916 animas
937 2852 1118 2919 Sathanae
1135 2861 1288 2938 prebent
1303 2861 1419 2922 scelus

141 2974 244 3048 atque
268 2963 436 3047 perfidia,
468 2972 529 3025 aut
553 2981 617 3044 per
642 2960 874 3044 penitentiam
905 2961 1024 3024 delicti
1056 2964 1102 3025 ad
1126 2963 1312 3027 sanitatem
1337 2987 1418 3029 con·

141 3082 307 3151 vertatur,
328 3081 388 3133 aut
405 3069 522 3152 dignis
544 3066 727 3150 suppliciis
744 3068 968 3140 cohibeatur;
993 3069 1113 3150 inquo
1137 3070 1418 3154 circumspectio·

142 3178 193 3242 nis
215 3190 298 3242 tuae
322 3176 476 3239 studium
500 3185 535 3237 et
559 3195 679 3238 curam
704 3185 739 3238 et
759 3175 837 3236 Deo
862 3185 898 3237 et
922 3174 1025 3238 nobis
1048 3180 1210 3240 volumus
1234 3179 1416 3244 inservire.

142 3285 268 3348 Datum
293 3273 434 3347 Romae
459 3282 516 3345 die
541 3280 639 3344 XXI
663 3281 800 3363 Aprilis
824 3280 1025 3347 MDXXV.
1049 3281 1157 3347 Anno
1182 3286 1349 3349 secundo,

677 3533 721 3542 vves.
734 3533 739 3537 ·
752 3531 878 3544 ‘Nm

735 3797 810 3863 201.

324 3933 483 4014 Clemens
516 3932 594 4012 VIL
633 3931 884 4034 Margarethae
922 3932 1017 4013 trah.
1050 3931 1228 4013 lunulae.

360 4080 452 4149 101111.
470 4079 552 4152 epist.
572 4077 609 4136 ad
626 4077 767 4151 Principes
784 4094 836 4151 per
853 4077 976 4138 indolet
994 4094 1045 4138 ror.
1063 4078 1108 4137 hl.
1127 4078 1193 4152 ut.)

631 4194 685 4265 (21.
705 4197 809 4262 Aprilis
831 4208 860 4261 15
883 4195 918 4264 ς.)

225 4351 281 4415 Ex
315 4349 463 4432 regione
487 4347 702 4411 Hollandiae
738 4357 773 4411 et
808 4348 939 4412 circum
974 4348 1219 4413 adiacentibus
1253 4351 1340 4414 locis
1379 4352 1414 4416 in

143 4459 369 4541 quibustuae
394 4456 597 4520 Nobilitatis
621 4465 781 4538 potestas
805 4467 841 4520 et
864 4456 1058 4520 auctoritas
1082 4478 1216 4521 summa
1239 4467 1308 4538 est,
1332 4479 1414 4541 quo·

142 4565 223 4631 tidie
246 4569 292 4629 ad
316 4585 381 4628 nos
404 4564 613 4626 deferuntur
637 4564 803 4644 querelae
828 4564 1000 4626 adversus
1022 4565 1232 4646 complures,
1257 4565 1317 4646 qui
1341 4565 1416 4629 eius

143 4692 228 4755 quae
252 4692 345 4735 nunc
369 4670 610 4734 debacchatur
632 4671 801 4732 hereseos
824 4669 975 4751 perfidia
998 4669 1169 4753 inquinat,
1193 4680 1334 4734 vetusta
1352 4672 1415 4735 Ee·

143 4779 267 4842 clesiae
299 4786 520 4841 sacramenta
551 4786 587 4839 et
608 4773 716 4840 fidem
748 4776 889 4858 synceri
914 4778 1029 4839 cultus
1053 4776 1183 4840 Christi
1214 4797 1284 4841 non
1308 4780 1416 4843 modo

143 4883 349 4971 transgredi,
375 4886 436 4946 sed
455 4885 574 4965 palam
591 4882 698 4945 etiam
714 4885 978 4964 reprehendere
995 4894 1032 4947 et
1048 4904 1259 4966 oppugnare
1275 4886 1416 4968 audeat,
