3559 5734
679 524 926 582 &wib-0

164 675 343 739 infidelem
366 675 512 756 reddat,
536 674 672 737 animas
696 672 841 756 perdat,
865 672 956 735 sicut
978 672 1204 738 Maumethus
1228 682 1280 737 tot
1303 674 1442 758 provin-

165 784 236 847 cias
268 792 304 846 et
333 782 434 865 quasi
457 782 624 846 mundum
655 801 676 842 a
700 778 841 843 Christo
865 779 1064 863 separavit,
1100 800 1179 844 cum
1210 781 1444 847 daemonibus

165 890 299 972 ligavit.
347 890 586 977 Quamobrem
621 887 742 950 dilecti
776 885 827 949 fili
861 907 927 950 nos
963 887 1092 969 quibus
1115 888 1288 952 Dominus
1323 899 1445 953 noster

165 997 287 1079 gregis
318 997 372 1060 sui
397 1017 515 1060 curam
546 1016 591 1058 ne
616 1003 863 1077 corrumpatur
894 1003 930 1058 et
953 1002 1078 1076 pereat
1108 996 1255 1059 credere
1279 995 1444 1078 dignatus

165 1116 228 1186 est,
253 1103 475 1167 nobilitatem
498 1112 594 1165 tuam
617 1103 800 1165 hortamur
824 1100 859 1163 in
875 1100 1030 1164 Domino
1055 1110 1090 1164 et
1110 1121 1175 1183 per
1190 1102 1330 1165 viscera
1344 1103 1444 1166 mise·

166 1210 341 1274 ricordiae
364 1208 563 1273 Salvatoris
594 1207 706 1271 nostri
736 1210 966 1271 obsecramus
997 1218 1104 1292 atque
1135 1212 1372 1293 obtestamur,
1407 1219 1446 1273 ut

165 1337 230 1400 pro
255 1327 316 1380 tua
330 1317 471 1397 virtute,
495 1336 561 1399 pro
586 1325 646 1378 tua
670 1314 707 1377 in
724 1312 953 1377 christianam
972 1315 1181 1398 religionem
1198 1316 1342 1400 pietate,
1366 1337 1444 1402 pro·

166 1445 235 1507 que
259 1434 320 1488 tuo
340 1445 411 1506 quo
429 1422 625 1486 charissimi
640 1422 677 1485 in
694 1421 835 1485 Christo
860 1420 919 1483 lilii
938 1421 1051 1485 nostri
1066 1422 1185 1486 Caroli
1201 1424 1447 1487 Romanorum

166 1531 283 1614 Regis
306 1531 342 1594 in
367 1531 622 1614 Imperatorem
646 1528 769 1605 electi,
795 1525 900 1591 Sedis
924 1529 1158 1610 Apostolicae
1181 1530 1364 1611 advocati,
1397 1541 1447 1595 te·

166 1638 260 1702 neris
286 1636 415 1718 officio,
438 1638 530 1700 hanc
546 1656 665 1698 curam
680 1656 785 1717 quam
801 1635 890 1699 tanti
907 1637 1008 1699 vides
1033 1657 1111 1700 esse
1128 1639 1295 1702 momenti
1311 1639 1448 1702 cunctis

166 1745 235 1808 tuis
260 1744 354 1808 curis
377 1764 448 1806 una
472 1763 550 1806 cum
567 1763 652 1805 cura
676 1753 800 1806 contra
815 1742 1103 1806 immanissimum
1117 1744 1312 1809 Turcarum
1328 1755 1446 1829 tyran·

167 1873 249 1916 num
273 1852 562 1934 anteponendam
587 1851 712 1924 ducas;
736 1850 888 1931 huicque
912 1849 948 1911 in
973 1850 1146 1933 religione
1171 1851 1364 1915 christiana
1387 1853 1446 1916 im·

167 1961 340 2042 pendenti
363 1957 572 2037 calamitati,
602 1957 797 2020 imminenti
820 1956 986 2021 incendio
1011 1977 1052 2021 ac
1077 1955 1290 2023 Germaniae
1312 1959 1349 2023 in
1372 1970 1448 2025 toto

168 2069 256 2129 orbe
280 2065 496 2145 ignominiae
521 2074 692 2145 mentem,
727 2063 982 2147 cogitationeS,
1017 2065 1265 2129 auctoritatem
1296 2078 1332 2131 et
1355 2068 1449 2131 vires

169 2186 248 2238 tuas
271 2184 475 2253 convertaS,
511 2171 580 2234 illis
604 2171 699 2234 omni
723 2171 839 2235 studio
865 2182 901 2235 et
925 2171 1109 2254 diligentia
1139 2171 1305 2255 invigiles
1328 2195 1448 2238 occur-

169 2301 237 2346 ras.
277 2281 402 2363 Itaque
427 2279 456 2343 si
477 2278 619 2342 Ulricus
643 2289 680 2342 et
702 2297 874 2362 sequaces
898 2289 1026 2361 sponte
1050 2300 1113 2343 sua
1138 2291 1174 2342 et
1197 2281 1450 2346 monitionibus

169 2389 238 2453 tuis
261 2391 308 2451 ad
332 2408 405 2468 cor,
429 2388 476 2465 ad
499 2385 686 2467 Christum,
711 2387 757 2449 ad
781 2406 845 2449 nos
869 2395 905 2449 et
929 2388 1021 2449 hanc
1045 2385 1214 2451 Sanctam
1229 2386 1360 2453 Sedem
1384 2410 1449 2474 pro

170 2517 213 2560 eo
238 2496 336 2559 vices
368 2504 535 2577 gerentes
568 2515 675 2576 quum
708 2494 881 2557 nollemus
905 2503 1053 2557 mortem
1081 2496 1283 2577 peccatoris
1316 2497 1379 2559 sed
1413 2505 1451 2559 ut

171 2613 400 2667 convertatur
430 2612 466 2665 et
489 2603 603 2681 vivat,
639 2601 788 2683 reverti,
823 2601 1012 2665 veritatem
1036 2621 1233 2683 agnoscere
1261 2604 1450 2683 noluerint,

172 2720 231 2774 aut
255 2720 397 2774 nostros
421 2730 503 2794 ymo
527 2708 657 2772 Christi
681 2709 829 2772 nuncios
844 2707 989 2773 Ordinis
1012 2708 1298 2790 praedicatorum
1322 2710 1452 2774 fratres

173 2819 218 2880 ad
237 2819 514 2900 praedicandum
529 2828 589 2880 aut
610 2816 835 2899 evangelium
852 2815 1063 2897 docendum,
1088 2816 1274 2881 veritatem
1291 2818 1451 2900 aperien-

174 2927 270 3003 dam,
308 2926 487 2988 erroribus
520 2935 556 2988 et
578 2923 786 2988 haeresibus
810 2922 1046 2988 resistendum
1078 2924 1203 2988 missos
1238 2925 1274 2988 in
1298 2947 1453 3008 persona

175 3034 230 3095 vel
260 3031 363 3094 bonis
393 3033 510 3113 palam
542 3041 603 3093 aut
635 3032 725 3095 clam
757 3030 1026 3113 quomodolibet
1056 3030 1192 3119 iniuriis
1224 3043 1284 3095 aut
1315 3034 1453 3098 damnis

175 3136 328 3205 afficere.
351 3139 546 3201 bellatores
569 3149 630 3201 aut
653 3137 742 3201 alios
767 3147 892 3201 contra
916 3138 1062 3202 eosdem
1086 3139 1265 3203 concitare
1288 3161 1452 3223 perseve-

176 3245 351 3326 raverint,
376 3246 520 3309 eosdem
544 3256 711 3329 tanquam
736 3243 865 3309 Christi
888 3256 1165 3328 persequutores
1189 3248 1280 3311 adeo
1305 3247 1452 3329 compri-

176 3374 249 3415 mas
280 3360 320 3416 ut
359 3353 503 3417 tandem
533 3363 629 3416 metu
669 3373 809 3435 poenae
842 3374 864 3415 a
896 3352 1041 3416 Diaboli
1071 3354 1208 3436 laqueis
1242 3354 1455 3436 resipiscant

177 3480 291 3542 neque
321 3459 446 3529 fideles
470 3458 599 3523 Christi
629 3459 776 3523 ulterius
806 3461 997 3523 molestare
1027 3461 1175 3543 possint.
1222 3461 1329 3541 Jubet
1361 3461 1453 3525 enim

177 3567 348 3631 Dominus
371 3567 510 3650 impleri
534 3567 645 3631 facies
669 3588 790 3631 eorum
814 3567 1011 3650 ignominia
1034 3576 1071 3631 et
1091 3569 1135 3631 ad
1151 3570 1265 3632 Deum
1282 3569 1454 3633 converti.

264 3675 373 3740 Dolet
403 3675 604 3738 orthodoxa
633 3673 724 3738 fides
747 3675 1003 3757 Redemptoris
1035 3686 1147 3740 morte
1179 3677 1213 3739 in
1238 3695 1342 3739 cruce
1373 3696 1455 3739 con·

177 3783 299 3846 stituta
324 3784 518 3864 Apostolos
549 3802 631 3845 suos
663 3782 698 3845 in
725 3781 917 3845 Germania
939 3783 1097 3865 benigne
1129 3804 1171 3845 ac
1196 3784 1370 3847 catholice
1402 3804 1454 3846 re-

178 3891 247 3972 cipi
278 3898 468 3953 consuetos
500 3889 809 3971 persecutionibus
839 3909 933 3952 nunc
966 3897 1003 3953 et
1026 3890 1229 3972 opprobriis
1261 3889 1373 3970 affici,
1409 3893 1455 3953 ab

177 3997 236 4061 illa
260 3998 411 4080 expelli3
444 3996 518 4059 Nos
542 4006 660 4059 autem
683 4017 749 4081 pro
773 4017 816 4059 ea
840 4016 911 4078 qua
935 4005 970 4060 te
994 3996 1185 4059 dilectione
1208 3997 1457 4079 prosequimur

179 4115 213 4168 et
236 4125 283 4168 ex
300 4104 552 4185 omnipotentis
568 4103 636 4166 Dei
660 4112 853 4184 nostraque
877 4112 915 4167 et
937 4103 1040 4167 huius
1057 4101 1210 4167 Sanctae
1228 4102 1333 4168 Sedis
1354 4113 1457 4188 parte

179 4211 408 4276 Nobilitatem
431 4222 526 4274 tuam
551 4232 598 4274 ex
621 4210 840 4274 abundantia
861 4210 1045 4274 charitatis
1062 4210 1272 4293 requirimus
1295 4232 1338 4274 ac
1354 4230 1457 4293 roga-

180 4341 253 4383 mus
278 4329 317 4382 ut
334 4320 620 4401 praedicatorum
637 4318 807 4381 fratribus
820 4318 1003 4381 Ecclesiae
1020 4318 1089 4381 Dei
1105 4316 1260 4382 Sanctae
1277 4328 1312 4381 et
1327 4318 1458 4382 Christi

180 4426 315 4490 nunciis
347 4425 460 4489 missis
490 4435 551 4488 tua
581 4424 834 4489 benevolentia
857 4424 998 4507 faveas,
1035 4446 1096 4489 eos
1120 4425 1268 4490 adiuves
1302 4435 1338 4489 et
1366 4428 1457 4491 adeo

181 4542 350 4616 protegas
373 4554 414 4595 ac
439 4553 631 4596 conserves
662 4541 700 4595 ut
723 4542 864 4595 nostras
887 4542 924 4595 et
947 4532 1051 4596 huius
1074 4529 1229 4596 Sanctae
1254 4531 1358 4596 Sedis
1382 4554 1458 4597 san·
1506 4580 1510 4586 -

183 4642 316 4704 ctiones
348 4661 440 4722 quae
463 4640 532 4703 Dei
556 4640 723 4703 mandata
753 4649 852 4719 sunt,
883 4650 920 4701 et
943 4639 1073 4703 Christi
1097 4639 1332 4722 Evangelium
1363 4661 1458 4704 crea-

183 4750 267 4811 turis
290 4747 503 4811 Germaniae
526 4756 602 4811 tute
626 4746 758 4828 ubique
782 4746 1008 4828 praedicare,
1034 4747 1181 4828 docere,
1211 4746 1324 4811 Ulrici
1347 4757 1383 4812 et
1407 4769 1458 4811 se-

185 4856 344 4937 quacium
375 4875 514 4919 errores
538 4855 684 4919 abolere
716 4852 872 4936 possint,
907 4866 945 4917 ut
977 4854 1058 4917 talis
1081 4854 1245 4938 impietas
1275 4864 1311 4918 et
1335 4866 1460 4919 contra
