3559 5734
1628 539 2120 597 0-434288m

598 703 886 747 nes-sero
948 705 992 747 a
1048 686 1297 748 ordine
1360 686 1691 750 accioche
1765 688 2173 751 dimandate
2236 691 2327 752 da
2382 711 2493 753 me
2558 711 2668 753 me
2731 712 2820 753 ne
2887 690 3151 772 potessi

598 791 886 872 servire,
937 803 1007 854 et
1053 792 1253 855 finita
1304 805 1553 876 questa
1610 816 1778 858 cosa
1827 796 1917 859 de
1967 797 2263 859 Boemia
2331 798 2399 860 io
2467 798 2902 879 dissegnavo
2966 819 3146 860 man-

598 899 726 959 [Ιεπ
778 919 818 959 a
865 899 1246 964 chiederle.
1301 951 1314 965 .
1349 950 1365 963 .
1402 950 1415 964 .

782 1007 886 1068 De
935 1006 1287 1089 Inspruck
1344 1020 1454 1071 tra
1526 1011 1590 1071 le
1659 1012 1836 1074 altre
1895 1032 2061 1073 cose
2119 1012 2226 1074 ch’
2264 1011 2332 1073 io
2403 1012 2696 1074 intendo
2757 1011 2827 1072 di
2900 1013 3032 1074 che
3098 1011 3154 1073 si

602 1119 1005 1177 lamentano
1056 1114 1129 1175 di
1176 1115 1261 1178 N.
1313 1114 1385 1179 S.
1438 1117 1472 1179 e
1524 1119 1655 1179 che
1705 1118 1963 1180 dicono
2015 1119 2087 1181 S.
2138 1116 2244 1181 8¹2
2292 1121 2557 1181 havere
2603 1130 2988 1199 procurato
3037 1139 3152 1199 ap·

602 1243 847 1303 pressu]
898 1220 944 1282 il
994 1218 1204 1283 Sermo
1235 1243 1311 1284 re
1362 1222 1427 1282 d'
1471 1222 1740 1305 Anglia
1789 1225 1920 1287 che
1967 1226 2009 1288 ’1
2059 1246 2200 1287 non
2252 1224 2368 1287 dia
2415 1224 2606 1287 aiuto
2668 1246 2710 1287 a
2758 1225 3022 1289 Cesare
3086 1224 3156 1287 in

606 1339 849 1407 questa
897 1329 1207 1409 impresa
1275 1332 1364 1392 de
1431 1329 1636 1392 Italia
1693 1341 1765 1394 et
1828 1333 1959 1395 che
2026 1333 2118 1394 ha
2178 1331 2518 1413 impedito
2586 1334 2718 1394 che
2775 1332 3159 1395 Venetiani

602 1455 738 1495 non
794 1439 846 1497 si
896 1435 1473 1519 sono'congionti
1506 1458 1637 1500 con
1673 1438 1722 1500 li
1756 1438 2064 1518 Cesarei‚
2099 1439 2185 1501 ne
2219 1440 2458 1501 hanno
2490 1449 2858 1502 osservato
2893 1448 3160 1519 quanto

602 1563 818 1604 erano
882 1543 1183 1625 obligati
1231 1565 1323 1607 ex
1388 1543 1669 1617 federe;
1736 1545 1994 1609 dicono
2043 1547 2312 1608 anchor
2359 1547 2490 1608 che
2531 1547 2620 1608 da
2651 1546 2890 1608 Roma
2922 1547 3160 1608 hanno

605 1651 802 1711 alviso
850 1651 983 1713 che
1030 1651 1114 1713 N.
1166 1649 1236 1715 S.
1288 1650 1346 1713 si
1396 1652 1448 1712 ῥ’
1481 1652 1732 1733 gionto
1782 1673 1914 1715 con
1982 1652 2257 1715 Franza
2313 1651 2578 1735 perche
2628 1653 2890 1715 Cesare
2958 1661 3030 1714 et
3094 1653 3162 1714 el

606 1759 937 1838 Principe
995 1778 1137 1820 non
1186 1760 1423 1821 hanno
1493 1760 1811 1821 extincta
1875 1761 1942 1820 la
2013 1769 2209 1821 secta
2273 1759 2645 1822 lutherana
2706 1760 2794 1822 ne
2856 1757 3048 1822 facto
3113 1758 3161 1820 il

606 1863 846 1923 debito
896 1884 1026 1945 per
1074 1865 1526 1947 extinguerla
1574 1875 1645 1927 et
1693 1868 1824 1928 che
1875 1865 1968 1928 da
2029 1864 2075 1927 li
2124 1865 2367 1947 agenti
2429 1866 2582 1928 suoi
2644 1866 2715 1928 in
2778 1865 3166 1928 Germania

606 1971 678 2031 5.
750 1971 848 2031 &iffi
930 1972 1018 2033 de
1096 1971 1205 2034 cio
1280 1994 1370 2035 ne
1451 1973 1491 2035 e
1567 1982 1752 2035 stata
1831 1973 2142 2054 avisata,
2220 1972 2652 2053 incolpando
2724 1994 2836 2035 me
2905 1973 3160 2054 princi·

606 2083 962 2159 palm-ente
1034 2078 1103 2140 di
1173 2089 1421 2161 questo
1494 2092 1565 2143 et
1631 2082 1858 2143 anche
1928 2079 2190 2160 perche
2261 2088 2491 2142 temea
2553 2079 2642 2140 de
2709 2080 2776 2142 le
2824 2078 3162 2141 reforma·

606 2187 798 2247 tione
846 2195 916 2248 et
965 2188 1054 2248 de
1103 2188 1172 2248 la
1219 2187 1581 2269 grandeza
1628 2187 1699 2249 di
1743 2186 2005 2249 Cesare
2055 2195 2125 2248 et
2173 2188 2354 2249 altre
2402 2185 2582 2247 simil
2633 2186 2816 2267 baie,
2867 2187 2933 2248 le
2976 2184 3169 2267 quali

610 2294 1059 2371 quantunche
1116 2294 1315 2357 sieno
1382 2293 1594 2374 false,
1661 2314 1796 2377 pur
1856 2295 1949 2357 ho
2001 2294 2243 2356 voluto
2308 2293 2668 2356 scriverne
2727 2312 2868 2355 una
2917 2294 3171 2374 pat-ola

610 2401 866 2479 perche
930 2421 1007 2463 se
1070 2401 1362 2464 intenda
1429 2403 1593 2484 quel
1654 2402 1787 2463 che
1847 2420 2080 2462 vanno
2130 2399 2621 2463 freneticando
2672 2398 2900 2482 questi
2946 2417 3169 2479 popu-

606 2507 806 2583 lazzi,
887 2516 958 2570 et
1028 2508 1508 2571 ultimamente
1575 2508 1832 2570 dicono
1908 2509 2040 2570 che
2109 2505 2489 2570 Venetiani
2558 2507 2797 2569 hanno
2868 2506 3169 2587 rispetto

610 2617 698 2675 ad
738 2615 952 2677 unirsi
1002 2635 1135 2678 con
1186 2617 1337 2678 loro
1386 2636 1517 2697 per
1562 2636 1654 2678 un
1703 2617 1926 2678 breve
1988 2615 2059 2676 di
2106 2614 2190 2677 N.
2240 2611 2312 2679 S.
2375 2615 2505 2677 che
2568 2613 2616 2676 li
2673 2614 2766 2676 da
2821 2633 3171 2695 speranza

610 2723 738 2783 che
790 2723 856 2783 13
904 2742 1083 2803 pace
1132 2743 1256 2785 seu
1305 2732 1560 2803 tregua
1606 2722 1689 2784 sii
1736 2742 1867 2804 per
1915 2721 2247 2784 condursi
2307 2730 2376 2783 et
2438 2721 2570 2783 che
2632 2722 2785 2783 loro
2842 2740 2985 2783 non
3049 2740 3169 2782 vo·

610 2831 851 2907 glinno
900 2828 1244 2910 impedire
1294 2849 1384 2891 un
1435 2838 1633 2891 tanto
1685 2832 1884 2893 bene.

794 2939 939 2999 [Ion
991 2947 1240 3019 questa
1307 2935 1392 2998 V.
1443 2933 1516 2998 S.
1580 2935 1846 2998 havera
1911 2956 2052 2998 una
2100 2934 2237 2998 mia
2294 2936 2551 2998 lettera
2596 2955 2639 2998 a
2685 2934 2772 2997 N.
2821 2931 2895 2996 S.
2947 2933 3017 2995 in
3066 2932 3169 2995 fa-

614 3063 782 3105 vore
834 3053 904 3106 et
963 3042 1706 3106 raccommandatione
1768 3042 1857 3104 de
1920 3043 1963 3106 1’
1996 3042 2564 3123 Archiepiscopo
2635 3042 3059 3121 Bremense,
3121 3040 3169 3102 il

614 3155 822 3231 quale
867 3152 962 3213 ha
1007 3152 1343 3214 mandato
1394 3154 1508 3233 qui
1558 3172 1601 3213 a
1648 3171 1758 3213 me
1809 3148 1856 3212 il
1905 3169 2032 3211 suo
2082 3150 2355 3211 decano
2407 3170 2445 3211 a
2494 3146 2853 3231 pregarmi
2903 3146 2975 3208 di
3008 3167 3171 3228 que-

618 3271 726 3319 sto
778 3258 1015 3323 ufficio
1065 3279 1198 3320 con
1246 3280 1374 3321 sua
1421 3256 1525 3321 St*
1576 3258 2019 3339 deplorando
2068 3255 2265 3317 molti
2314 3255 2467 3317 suoi
2516 3254 2961 3319 incommodi.
3056 3252 3172 3318 Gli

618 3367 706 3427 ho
758 3369 924 3428 data
971 3368 1041 3428 la
1089 3366 1450 3447 duplicata
1498 3365 1570 3427 di
1619 3373 1869 3446 questa
1917 3364 2184 3441 littera,
2233 3364 2303 3425 la
2351 3363 2557 3444 quale
2607 3361 2811 3424 stimo
2862 3364 2992 3423 che
3040 3381 3177 3442 per

614 3479 822 3535 homo
872 3473 1164 3555 proprio
1212 3473 1512 3537 faranno
1576 3475 1746 3535 dare
1811 3493 1853 3534 a
1916 3469 1987 3533 S.
2054 3472 2244 3541 Bne:
2313 3470 2628 3551 potendo
2688 3466 2836 3531 Sua
2893 3466 3176 3531 Santita

618 3582 916 3643 aiutarlo
986 3590 1056 3642 et
1117 3583 1497 3644 sollevarlo
1561 3580 1631 3642 di
1699 3580 1998 3662 qualche
2064 3585 2409 3661 proposta
2465 3597 2507 3639 o
2572 3576 2635 3638 d'
2682 3578 2932 3639 alcuno
2993 3577 3174 3638 altro

618 3686 995 3768 heneficiQ
1047 3687 1205 3751 sara
1252 3689 1471 3751 molto
1519 3687 1591 3750 in
1642 3686 2036 3769 propositO,
2088 3682 2353 3766 perche
2412 3684 2448 3746 ὲ
2498 3685 2776 3764 prelato
2827 3685 2919 3745 da
2963 3685 3174 3745 bene.

622 3799 686 3859 A
738 3795 1070 3857 instantia
1118 3815 1242 3858 soa
1289 3796 1383 3857 ho
1432 3794 1678 3858 scritto
1729 3794 1819 3856 ad
1871 3791 2104 3854 alcuni
2151 3789 2411 3872 prelati
2462 3789 2532 3851 di
2582 3790 2815 3871 quelle
2864 3788 3053 3869 parti
3103 3798 3176 3849 et

618 3907 682 3963 al
742 3903 937 3964 Duca
985 3902 1301 3965 Henrico
1351 3901 1876 3965 Brunsvicense
1928 3896 2428 3961 exhortandoli
2485 3918 2526 3959 a
2584 3895 2803 3959 unirsi
2863 3915 2994 3977 per
3057 3896 3169 3957 de-

618 4011 944 4072 fensione
990 4009 1286 4091 propria
1334 4018 1405 4072 et
1454 4009 1544 4071 de
1592 4011 1662 4071 la
1708 4007 1912 4085 fede,
1973 4003 2120 4068 cosi
2182 4005 2272 4067 da
2319 4004 2415 4066 lui
2463 4002 2798 4066 richiesto
2849 4013 2919 4063 et
2968 4001 3173 4063 stimo

622 4139 698 4179 se
750 4117 1265 4179 intenderanno
1314 4118 1426 4179 col
1482 4116 1672 4178 Rmo
1733 4113 2157 4195 Maguntino
2221 4132 2296 4174 se
2359 4130 2493 4193 pur
2557 4108 2747 4173 stara
2795 4108 2997 4170 saldo
3063 4108 3171 4170 ne’

622 4227 826 4307 primi
874 4224 1028 4287 suoi
1076 4224 1425 4305 dissegni,
1488 4225 1618 4285 che
1682 4242 1882 4285 come
1931 4222 2110 4282 altre
2159 4219 2352 4281 volte
2400 4216 2636 4279 scrissi
2685 4216 2721 4278 ὲ
2771 4214 3174 4278 necessario

626 4335 690 4395 vi
742 4333 1076 4395 cohibere
1125 4331 1402 4394 illorum
1449 4329 1815 4393 insaniam.
1912 4325 2186 4388 Dicemi
2245 4324 2294 4385 il
2350 4322 2631 4404 prefato
2687 4322 2981 4384 Decano
3044 4323 3174 4383 che

622 4443 856 4523 quella
903 4441 1182 4503 heresia
1254 4439 1288 4501 ὲ
1359 4440 1579 4500 molto
1649 4436 2027 4518 prevaluta
2081 4432 2153 4493 in
2211 4432 2444 4512 quelle
2518 4428 2704 4511 parti
2754 4426 3172 4511 septentrio·

622 4551 786 4623 nali,
838 4569 948 4611 ma
995 4548 1126 4610 che
1174 4546 1391 4608 molto
1439 4543 1560 4624 pi&
1633 4563 1809 4605 sono
1883 4542 1948 4603 le
2019 4542 2256 4601 buone
2323 4537 2454 4599 che
2504 4536 2568 4598 le
2618 4534 2879 4597 cattive
2928 4544 2997 4595 et
3044 4533 3174 4596 che

622 4655 690 4715 in
746 4655 1036 4717 Eremes
1086 4664 1156 4716 et
1204 4651 1471 4715 diocesi
1529 4650 1598 4712 in
1669 4648 1790 4730 pici
1861 4648 1948 4709 de
2022 4644 2179 4707 XX
2246 4663 2552 4726 persone
2624 4638 2863 4703 sonosi
2931 4638 3174 4702 veduti

626 4761 1074 4847 grandissimi
1123 4759 1327 4842 segni
1377 4770 1623 4821 contra
1670 4755 1848 4818 detti
1896 4752 2227 4828 heretici,
2278 4750 2396 4833 qui
2442 4749 2916 4830 imprecantes
2964 4765 3177 4827 super

626 4895 698 4935 513·-
750 4890 1031 4933 manum
1078 4867 1364 4931 Domini
1447 4864 1579 4927 nisi
1640 4882 1886 4925 verum
1943 4869 2132 4924 esset
2200 4858 2387 4942 quod
2450 4864 2839 4939 sequuntur
2895 4853 3174 4935 dogma,
