3559 5734
684 543 931 599 0-{31078‘2-0

162 710 229 772 per
253 691 289 753 la
313 689 488 753 necessita
509 692 602 753 della
619 710 712 770 cosa,
738 689 938 772 supplicoia
952 689 1053 752 flexis
1069 688 1220 771 genibus
1236 690 1270 751 la
1286 710 1325 750 se
1340 685 1449 769 degni

161 818 336 861 conoscer
361 818 431 861 una
454 806 556 879 parte
580 798 626 860 de
651 799 686 861 la
709 798 778 860 rnia
801 795 1050 859 iustificatione
1075 804 1110 859 et
1135 794 1300 858 intender
1317 795 1446 856 medul-

161 903 247 967 litus
276 905 302 967 il
332 912 426 968 stato
457 905 502 967 de
532 906 568 967 la
598 925 682 967 cosa
715 924 814 967 come
843 904 873 967 e.
921 904 1017 967 Baso
1040 903 1267 966 humiimente
1290 903 1325 964 le
1348 921 1450 964 sacre

161 1011 258 1075 mani
283 1011 320 1073 di
343 1011 388 1076 V.
414 1010 451 1075 S.
476 1012 582 1076 ana.
630 1010 862 1077 Wormatiae.

781 1352 834 1416 38.

485 1457 883 1540 Viceoancollarius
911 1458 1131 1540 Aleendro.

600 1588 744 1659 (Nuntiat.
763 1587 889 1648 German.
908 1588 939 1647 11·
958 1587 1014 1659 ³³.)

653 1688 731 1758 (1521
752 1718 788 1728 -
806 1692 831 1741 8.
851 1691 962 1755 Martii.)

256 1790 301 1851 Vi
327 1789 357 1852 si
381 1789 511 1852 manda
535 1792 570 1851 la
594 1789 699 1871 copia
728 1789 823 1851 della
854 1789 1009 1873 risposta
1041 1791 1108 1853 che
1139 1789 1260 1854 fecero
1292 1789 1351 1851 alli
1385 1789 1447 1852 Le·

159 1898 240 1981 gati
281 1898 317 1959 di
350 1897 480 1960 Nostro
512 1894 666 1979 Signore
700 1896 724 1958 li
755 1895 914 1978 Principi
947 1895 1096 1959 Eiettori
1133 1906 1168 1958 et
1207 1897 1286 1958 altri
1320 1895 1448 1978 grandi

160 2009 261 2069 nella
286 2003 393 2066 Dieta
417 2003 538 2066 ultima
563 2004 657 2065 della
681 2001 786 2065 felice
811 2003 982 2065 memoria
1006 2002 1041 2065 di
1065 2001 1330 2083 MaximilianO,
1355 2004 1450 2066 nella

160 2115 273 2196 quale
308 2112 518 2175 intervenne
558 2110 582 2173 il
614 2109 916 2174 Prothonothario
948 2110 1178 2191 Caracci010,
1215 2121 1250 2173 et
1280 2112 1316 2172 la
1346 2110 1450 2192 copia

160 2222 261 2284 della
285 2218 422 2300 replica
445 2218 474 2280 si
498 2216 578 2282 fece
601 2217 638 2279 di
662 2238 749 2299 qua,
781 2218 919 2281 benche
952 2237 1019 2299 per
1051 2219 1075 2282 il
1108 2238 1192 2281 caso
1217 2218 1313 2281 della
1337 2227 1450 2281 morte

161 2329 197 2391 di
233 2346 315 2390 esso
345 2325 591 2388 Maximiliano
628 2345 699 2388 non
730 2334 875 2407 potesse
907 2325 1100 2406 pervenire
1132 2346 1153 2387 a
1176 2334 1296 2406 tempo
1327 2346 1349 2388 a
1377 2322 1451 2387 Sua

161 2432 320 2506 Mareade
352 2432 382 2495 si
406 2433 535 2495 manda
558 2433 717 2495 anchora
741 2431 845 2514 copia
869 2433 914 2495 de
940 2452 986 2495 un
1010 2434 1122 2495 breve
1146 2434 1212 2495 che
1236 2432 1262 2495 s'
1281 2453 1341 2495 era
1365 2452 1448 2514 pen·

161 2554 244 2606 sato
279 2539 339 2622 qui
373 2539 408 2602 di
442 2540 611 2602 mandare
644 2560 665 2602 a
690 2538 821 2602 Cesare
854 2538 889 2601 in
924 2549 1088 2621 resposta
1112 2539 1207 2602 della
1230 2549 1391 2621 protesta
1415 2550 1450 2601 et

161 2648 329 2713 oratione
361 2648 405 2709 de
431 2647 575 2725 Luther,
607 2647 711 2728 quale
742 2666 813 2708 non
839 2647 857 2709 e
883 2666 992 2727 parso
1018 2668 1039 2708 a
1062 2645 1194 2709 Nostro
1219 2644 1373 2728 Signore
1398 2646 1450 2710 sia

161 2756 386 2838 expediente
410 2755 594 2818 mandarlo
618 2753 829 2835 perciocche
862 2775 932 2816 non
963 2755 1134 2817 havendo
1165 2756 1287 2816 voluto
1319 2752 1449 2818 Cesare

160 2866 316 2946 leggere
350 2863 449 2925 detta
482 2870 643 2943 protesta
675 2861 753 2924 anzi
788 2862 990 2925 havendola
1024 2861 1060 2924 in
1085 2860 1267 2943 presentia
1300 2859 1336 2922 di
1368 2861 1449 2924 tutti

161 2980 338 3033 strazzata
362 2970 392 3032 si
416 2988 516 3032 come
540 2968 598 3031 voi
623 2969 776 3032 scrivete
801 2978 837 3031 et
860 2989 997 3052 appare
1023 2989 1089 3050 per
1113 2988 1193 3031 essa
1217 2968 1264 3031 da
1279 2969 1338 3031 voi
1354 2989 1447 3032 man·

162 3080 252 3141 data
283 3078 359 3159 qui,
395 3072 468 3138 Sua
499 3074 727 3138 Beatitudine
759 3077 1057 3157 prudentemente
1088 3076 1135 3138 ha
1166 3075 1348 3157 giudicato
1379 3096 1449 3137 non

162 3204 286 3247 essere
311 3185 357 3246 da
381 3182 483 3245 farne
507 3182 566 3264 pin
593 3183 775 3245 mentione
800 3203 821 3244 a
845 3180 919 3245 Sua
942 3181 1097 3262 Maesta,
1123 3183 1166 3245 ne
1191 3182 1227 3244 di
1250 3182 1404 3263 bisogno
1429 3204 1450 3245 a

162 3290 367 3355 confutarla
391 3288 603 3368 altrimente‚
627 3289 771 3353 bastera
798 3290 863 3353 che
888 3289 948 3351 voi
973 3291 1165 3373 legendola
1189 3288 1271 3353 vine
1296 3289 1449 3353 serviate

162 3420 185 3462 a
210 3397 388 3461 beneficio
412 3397 582 3478 pubblico
606 3397 641 3459 in
666 3398 785 3479 quello
809 3397 917 3479 parre
941 3399 1014 3460 alla
1038 3396 1227 3479 prudentia
1244 3405 1365 3459 vostra
1388 3417 1448 3479 po·

162 3516 314 3569 tervene
338 3505 541 3585 prevalere;
567 3513 658 3567 tutto
683 3506 700 3568 e
725 3503 843 3568 farina
867 3505 925 3568 del
943 3501 1045 3568 Santi
1066 3503 1227 3587 Quattro.
1263 3502 1449 3584 Seguitate

164 3633 234 3695 pur
261 3612 322 3675 voi
346 3610 546 3675 virilmente
576 3632 676 3675 come
706 3612 780 3675 fate
812 3612 943 3693 perche
974 3613 1073 3674 nella
1096 3610 1263 3674 Dottrina
1291 3621 1327 3675 et
1355 3610 1449 3674 suffi-

164 3720 292 3783 tientia
316 3728 353 3781 et
376 3718 459 3782 sede
482 3729 604 3782 vostra
629 3739 720 3801 gran
749 3729 852 3800 parte
882 3718 1038 3782 consiste
1063 3718 1157 3781 della
1181 3728 1324 3799 sperata
1348 3717 1449 3781 vitto·

165 3826 229 3890 ria.
285 3826 338 3889 La
367 3828 554 3907 prebenda
584 3826 871 3889 Monasteriense
902 3825 937 3887 di
974 3825 1123 3888 Caserta
1151 3825 1199 3888 lui
1228 3824 1307 3888 dice
1337 3826 1449 3888 haver

165 3935 297 3997 ceduto
328 3931 387 4015 gie
418 3933 452 3996 in
476 3933 602 3997 favore
627 3934 663 3996 di
688 3933 744 3996 chi
769 3932 827 3996 voi
853 3933 1022 4004 scrivete;
1047 3934 1082 3995 la
1107 3954 1190 3996 cosa
1214 3933 1250 3997 di
1275 3932 1449 4014 Capitone

165 4061 272 4122 quem
296 4049 484 4122 tantopere
508 4041 634 4103 laudas
659 4040 761 4123 giae
792 4040 827 4102 in
859 4059 986 4103 securo
1012 4049 1048 4102 et
1071 4039 1094 4102 il
1119 4040 1301 4102 Bonbasio
1326 4038 1448 4103 Secre-

166 4148 258 4211 tario
283 4148 343 4211 del
367 4145 469 4211 Santi
498 4147 650 4229 Quattro
680 4167 725 4210 ne
750 4148 797 4210 ha
820 4149 856 4209 la
881 4166 966 4209 cura
994 4159 1030 4210 et
1059 4146 1085 4209 il
1108 4156 1259 4228 patrone
1283 4167 1347 4209 suo
1372 4147 1449 4209 l’ha

166 4257 256 4317 tolta
280 4274 388 4336 sopra
413 4253 448 4316 di
472 4276 520 4319 se.
568 4254 834 4317 Communicate
858 4256 892 4315 el
916 4262 1007 4316 tutto
1037 4255 1093 4316 col
1117 4252 1388 4335 prothonotario
1413 4264 1449 4316 et

166 4362 333 4425 amendui
357 4361 447 4424 siate
470 4361 554 4424 forti
580 4362 674 4424 nella
697 4360 873 4441 battaglia
897 4370 934 4423 et
953 4360 1205 4441 persuadetevi
1231 4363 1296 4423 che
1321 4360 1356 4422 di
1381 4361 1445 4423 nis·

167 4490 256 4532 suna
284 4469 440 4551 impresa
467 4478 611 4550 possete
635 4468 811 4550 riportare
841 4469 887 4530 da
916 4466 990 4529 Sua
1018 4467 1245 4530 Beatitudine
1276 4468 1318 4530 ne
1351 4469 1445 4529 dalla

167 4576 264 4639 Sede
286 4575 495 4657 Apostolica
520 4576 562 4638 ne
580 4575 743 4656 maggior
763 4576 868 4638 laude
885 4575 929 4637 ne
946 4574 1006 4655 pit
1019 4574 1146 4637 maturi
1171 4585 1207 4636 et
1223 4574 1322 4637 soavi
1337 4574 1447 4653 frutti.
1546 4592 1548 4597 ’

168 4694 203 4746 et
228 4685 450 4746 benevalete.

258 4789 360 4871 Pisis,
385 4789 483 4853 VIII.
508 4789 625 4871 Martij
651 4788 835 4853 MDXXI.

894 4875 995 4939 Inter
1013 4876 1119 4947 111111,
1140 4878 1205 4926 viee
1224 4878 1412 4931 Camalatrus.

711 4985 916 4997 mm»
