3559 5734
675 535 904 595 Mill-⁹2&

155 687 343 751 residentia
366 686 428 750 ubi
452 685 666 750 clarissimus
690 705 733 748 ac
757 686 928 768 egregius
952 685 1018 750 Vir
1033 688 1200 752 Andreas
1223 690 1342 757 Harer
1364 694 1430 757 Ar·

155 795 235 857 tium
259 804 294 856 et
318 794 413 874 Juris
437 793 620 873 utriusque
646 793 784 855 Doctor
816 792 852 854 in
884 793 1046 856 manibus
1078 794 1150 858 suis
1173 806 1300 861 tenens
1324 820 1429 882 quen·

156 904 231 964 dam
254 901 373 983 papiri
397 902 566 964 schedam
582 899 699 963 animo
724 909 761 962 et
783 899 980 964 intentione
997 905 1221 982 protestandi
1243 926 1349 988 super
1374 930 1430 973 ne·

155 1010 254 1092 goeio
279 1010 315 1072 in
332 1009 428 1071 dicta
443 1006 712 1090 protestationis
727 1007 861 1069 scheda
876 1009 1145 1090 comprehenso,
1169 1031 1275 1092 quam
1289 1016 1432 1095 quidem

155 1117 319 1179 schedam
344 1116 460 1178 dictus
477 1114 649 1177 Dominus
665 1116 791 1177 doctor
806 1115 972 1177 Andreas
997 1117 1041 1178 de
1066 1119 1233 1181 mandato
1258 1120 1433 1186 dictorum

154 1225 381 1289 Dominorurn
397 1223 565 1285 Rectoris
581 1220 775 1303 Magnifici,
793 1222 1029 1301 Decanorum,
1055 1236 1334 1308 procuratorum,
1354 1250 1431 1292 con·

154 1331 363 1395 siliariorum
397 1339 433 1393 et
457 1350 676 1393 assessorum
700 1329 962 1411 predictorum,
993 1351 1112 1394 coram
1146 1354 1201 1395 me
1230 1337 1368 1399 notario
1398 1349 1433 1400 et

155 1439 303 1501 testibus
327 1437 565 1519 infrascriptis
590 1436 732 1518 publice
764 1447 800 1498 et
824 1439 896 1498 alta
920 1458 1009 1500 voce
1035 1449 1070 1500 et
1093 1438 1309 1523 intelligibili
1334 1445 1432 1525 legit,

154 1547 250 1627 cujus
274 1556 378 1608 tenor
394 1540 553 1626 sequitur
570 1545 606 1606 in
621 1546 711 1606 haec
730 1546 856 1607 verba:
883 1544 957 1607 Nos
973 1544 1130 1623 Joannes
1148 1547 1314 1613 Ubeulhe
1330 1552 1430 1615 Heir-

153 1674 207 1715 ser
231 1653 360 1716 artium
390 1664 425 1715 et
449 1651 704 1715 saluberrimae
738 1651 936 1714 medicinae
969 1654 1095 1715 doctor
1127 1675 1167 1716 ac
1201 1658 1315 1721 almae
1352 1659 1432 1722 Uni-

153 1761 332 1823 versitatis
361 1759 469 1823 studii
492 1759 656 1821 Viennae
680 1759 831 1837 Rector,
858 1758 1003 1840 Nosque
1023 1760 1160 1823 Decani
1184 1777 1435 1843 procuratores

154 1866 357 1930 Consiliarii
390 1875 426 1928 et
450 1886 649 1929 assessores
681 1866 811 1927 dictam
835 1866 1114 1931 Universitatem
1145 1885 1435 1953 representantes

153 1975 310 2053 nomine,
335 1975 425 2054 vice,
450 1994 491 2036 ac
517 1975 561 2036 de
586 1973 832 2037 commissione
856 1975 964 2037 totius
989 1976 1228 2040 universitatis
1258 1992 1293 2041 et
1317 1981 1433 2064 singu-

153 2084 265 2145 larum
288 2101 522 2162 personarum
553 2093 588 2143 et
621 2084 857 2143 membrorum
889 2083 1045 2163 ejusdem
1077 2103 1196 2146 coram
1232 2087 1335 2149 vobis
1367 2089 1433 2149 No-

153 2189 242 2252 tario
263 2189 407 2272 publico
433 2199 468 2250 et
491 2189 641 2250 testibus
656 2188 881 2269 presentibus
906 2189 998 2251 infra
1024 2200 1144 2253 notata
1169 2194 1375 2256 deducimus
1401 2206 1436 2257 et

152 2307 410 2379 protestamur:
434 2295 548 2375 Quum
565 2315 679 2375 nuper
694 2315 759 2376 per
776 2296 952 2376 quendam
970 2296 1143 2374 Joannem
1160 2300 1305 2363 Echium
1322 2302 1436 2364 Theo·

152 2406 274 2486 logum
292 2414 331 2465 ut
355 2403 545 2465 videbatur
566 2412 685 2464 certae
706 2402 845 2464 litterae
866 2403 1032 2465 missivae
1049 2405 1093 2465 ad
1119 2426 1184 2467 nos
1209 2418 1244 2469 et
1269 2408 1437 2471 universi-

154 2523 262 2573 tatem
291 2509 488 2591 predictam
521 2509 709 2588 negocium
734 2510 876 2571 Domini
904 2509 1047 2572 Martini
1072 2511 1217 2574 Lutheri
1247 2526 1436 2597 tangentes

153 2598 282 2680 missae
314 2615 480 2679 fuissent:
529 2615 603 2678 Nos
633 2617 771 2679 Rector
802 2626 885 2679 ante
917 2617 1117 2680 nominatus
1149 2630 1186 2681 ut
1218 2624 1437 2685 debebamus

153 2726 277 2788 literas
302 2724 568 2805 prenominatas
592 2726 638 2785 ad
663 2733 828 2805 quattuor
852 2724 1041 2786 facultates
1067 2725 1321 2791 transmisimus
1346 2751 1437 2810 quae

154 2853 277 2895 omnes
303 2842 339 2893 et
362 2832 525 2913 singulae
549 2831 737 2911 negocium
752 2842 888 2893 mature
904 2841 940 2893 et
957 2831 1096 2914 digeste
1114 2834 1354 2898 deliberantes
1370 2837 1436 2898 sin·

154 2942 239 3022 gula
262 2950 349 3002 vota
361 2960 425 3001 sua
438 2940 541 3018 juxta
556 2938 796 3001 universitatis
813 2939 1106 3002 consuetudinem
1123 2944 1335 3004 attulerunt:
1361 2944 1435 3005 Nos

154 3049 279 3130 itaque
302 3049 441 3110 Rector
466 3046 663 3129 praefatus,
688 3045 773 3107 visis
796 3045 1004 3108 facultatum
1029 3048 1132 3128 votis,
1157 3058 1281 3129 aperte
1305 3050 1437 3113 inveni-

156 3177 232 3218 mus
260 3167 333 3217 tres
357 3153 546 3216 facultates
571 3152 739 3215 concordi
764 3162 848 3215 voto
873 3173 948 3214 rem
971 3163 1043 3215 tarn
1068 3156 1213 3216 arduam
1239 3156 1354 3219 causis
1370 3178 1438 3219 mo·

156 3262 325 3325 ventibus
358 3259 645 3342 suspendendam
681 3259 775 3333 fore;
808 3260 1010 3321 considerat
1044 3281 1195 3342 namque
1227 3263 1438 3325 universitas

157 3390 234 3433 esse
267 3370 303 3431 in
336 3368 527 3431 Germania
556 3366 908 3429 Reverendissimum
943 3367 986 3430 D.
1013 3368 1332 3449 Archiepiscopum
1363 3371 1436 3432 Ma-

156 3475 380 3557 guntinensis
403 3473 584 3537 Ecclesiae
609 3473 669 3553 qui
693 3482 731 3534 ut
746 3473 877 3555 primas
898 3472 1109 3536 Germaniae
1127 3476 1244 3538 extitit
1268 3489 1303 3538 et
1320 3477 1437 3539 Cardi-

157 3585 250 3647 nalis
280 3604 302 3645 a
340 3584 453 3645 latere
485 3579 663 3661 pontificis
695 3579 848 3642 romani:
883 3579 1053 3643 Similiter
1083 3582 1437 3647 Reverendissimum

156 3703 297 3771 patrem
327 3700 363 3752 et
385 3690 574 3751 Dominum
601 3686 919 3767 Archiepiscopum
945 3685 1233 3771 Saltzpurgensis
1255 3692 1438 3755 Ecclesiae

155 3798 291 3879 pariter
324 3819 345 3859 a
376 3799 488 3859 latere
519 3793 696 3877 pontificis
729 3792 852 3856 summi
886 3794 1116 3858 existentem:
1155 3806 1312 3861 tacemus
1345 3821 1438 3861 nunc

157 3906 199 3967 de
223 3903 372 3986 reliquis
397 3901 705 3983 Archiepiscopis‚
739 3900 945 3982 Episcopo,
978 3903 1165 3984 Praelatis,
1198 3906 1436 3988 Principibus,

158 4011 459 4089 universitatibus,
484 4008 793 4072 communitatibus
817 4008 967 4070 ubilibet
982 4029 1048 4089 per
1063 4010 1291 4074 Germaniam
1313 4015 1436 4075 consti·

158 4119 240 4182 tutis
265 4120 312 4180 ad
337 4139 426 4199 quos
450 4137 572 4180 omnes
595 4117 721 4198 procul
745 4116 852 4177 dubio
869 4117 1067 4197 hujusmodi
1091 4129 1295 4202 tansumpta
1321 4122 1439 4182 bullae

159 4227 392 4307 Apostolicae
424 4234 681 4307 pervenerunt,
721 4223 781 4304 qui
812 4224 881 4285 huc
914 4243 1024 4303 usque
1056 4245 1125 4288 non
1157 4227 1440 4306 publicaverunt,

160 4355 221 4396 nec
248 4334 422 4415 opuscula
446 4332 592 4395 Lutheri
617 4331 690 4413 igni
715 4330 955 4392 tradiderunt:
988 4343 1175 4411 praeterea
1200 4354 1278 4396 cum
1303 4334 1439 4396 univer-

159 4440 243 4503 sitas
273 4439 509 4502 famosissima
541 4438 647 4501 studii
672 4435 876 4518 parisiensis
905 4457 996 4517 quae
1020 4447 1142 4500 nostra
1166 4450 1278 4502 mater
1302 4452 1369 4518 est,
1395 4444 1439 4502 ad

161 4551 255 4629 cujus
280 4548 394 4609 instar
418 4557 575 4608 nostram
608 4543 864 4608 universitaten
889 4542 1072 4606 fundatam
1099 4567 1177 4609 esse
1202 4547 1340 4609 litterae
1365 4547 1439 4609 fun-

161 4654 314 4717 dationis
348 4665 473 4735 aperte
510 4656 657 4732 docent,
690 4671 780 4731 quae
806 4649 958 4731 denique
989 4652 1195 4731 parisiensis
1228 4655 1440 4717 universitas

159 4781 224 4840 per
248 4762 444 4823 Martinum
476 4761 669 4822 Lutherum
701 4767 736 4819 et
761 4756 933 4835 Joannem
959 4757 1104 4820 Ecbium
1136 4760 1170 4821 in
1203 4761 1441 4842 disputatione

162 4867 319 4949 lipsiensi
350 4888 493 4930 suarum
518 4867 778 4929 dissensionum
799 4864 917 4942 Judex
943 4867 1056 4929 electa
1086 4887 1196 4949 usque
1228 4868 1263 4929 in
1295 4890 1441 4950 presens
