3559 5734
700 549 947 609 &hild-⁶

273 696 446 762 Civitates
469 714 611 781 quoque
630 687 715 760 huic
739 697 887 780 negotio
900 696 1044 761 minime
1059 682 1198 780 desunt,
1223 699 1319 781 quod
1335 720 1374 762 se
1395 699 1465 762 hac

181 806 404 889 potissimum
427 805 487 868 via
518 826 539 869 a
562 804 691 868 ceteris
714 824 856 887 quoque
880 822 1006 887 regum
1028 826 1069 868 ac
1094 804 1353 888 Imperatorum
1384 826 1465 870 one-

181 912 282 976 ribus
306 922 476 976 excutere
500 921 665 1001 sperant3
696 932 804 995 super
835 914 903 1003 hbc
935 932 1120 976 commune
1145 914 1180 976 in
1204 914 1466 981 ecclesiasticos

183 1011 305 1084 odium
329 1029 393 1085 est.
439 1017 533 1083 Sunt
555 1028 592 1082 et
615 1005 684 1082 alia
708 1038 800 1101 quae
831 1039 974 1082 causam
1004 1020 1096 1083 hanc
1125 1029 1222 1084 certe
1254 1041 1326 1085 non
1358 1022 1465 1087 modo

183 1127 355 1191 adiuvant
371 1128 434 1190 sed
452 1136 488 1190 et
501 1128 732 1190 vehementer
749 1126 898 1208 irritant,
915 1125 1041 1209 quibus
1058 1127 1219 1190 omnibus
1235 1148 1306 1192 una
1321 1129 1466 1192 tandem

184 1246 295 1316 opera
323 1233 571 1298 succrescendi
592 1232 663 1297 erit
693 1242 730 1297 et
760 1233 903 1297 minime
942 1232 1169 1315 quiescendi,
1202 1254 1326 1298 verum
1360 1256 1465 1318 quam

181 1341 336 1424 primum
358 1351 444 1404 nato
467 1339 537 1404 iam
561 1341 694 1404 dudum
716 1340 882 1405 incendio
908 1362 949 1405 ac
978 1340 1064 1404 alito
1093 1340 1329 1423 obviandum,
1357 1342 1466 1426 idque

180 1462 255 1512 non
272 1447 339 1512 nisi
355 1449 541 1513 commodo
556 1448 714 1513 remedio
731 1468 773 1512 ac
790 1450 933 1512 valente
950 1447 1174 1530 restinguere
1187 1467 1232 1512 ne
1249 1448 1334 1512 item
1348 1461 1464 1533 poste-
1521 1492 1524 1496 ι

183 1555 279 1619 riora
318 1554 412 1618 illius
451 1554 580 1619 fierent
609 1555 734 1638 peiora
766 1555 955 1639 prioribus.
1012 1552 1129 1636 Super
1160 1575 1230 1638 quo
1263 1556 1347 1638 quid
1380 1556 1465 1620 mihi

184 1664 385 1727 conducere
409 1662 534 1743 visum,
558 1682 630 1726 non
654 1664 720 1726 abs
743 1682 782 1725 re
805 1662 884 1725 iore
908 1662 1032 1744 putavi
1055 1662 1097 1726 T.
1122 1659 1158 1725 S.
1184 1681 1420 1727 commonere.

273 1769 455 1852 Principio
479 1789 557 1833 oum
581 1762 679 1833 nulla
702 1768 768 1832 nisi
792 1768 906 1832 Verbi
929 1786 1038 1833 causa
1062 1778 1206 1852 agatur,
1241 1769 1328 1833 nihil
1357 1771 1466 1835 etiam

183 1878 252 1941 nisi
280 1880 430 1941 verbum
464 1876 509 1941 sit
532 1877 601 1940 Dei
632 1877 728 1962 apud
759 1897 824 1940 nos
849 1877 1033 1940 audiatur:
1068 1876 1330 1959 respiciendum
1360 1898 1467 1961 super

184 1984 428 2068 spiritualibus
452 1984 558 2047 armis
582 1992 638 2047 est
659 1992 695 2047 et
718 1984 925 2066 potentibus
949 2004 993 2046 ex
1018 1983 1098 2046 Deo
1130 1985 1302 2047 adversus
1326 2006 1466 2049 omnem

186 2092 434 2171 munitionem,
469 2091 601 2173 quibus
634 2109 705 2153 non
747 2092 859 2153 solum
899 2090 1087 2172 impiorum
1122 2090 1270 2154 consilia
1304 2092 1466 2156 demoliri

186 2208 344 2281 opertet,
376 2199 439 2262 sed
470 2208 506 2261 et
533 2197 647 2261 omnis
679 2197 820 2260 illorum
843 2197 1016 2261 celsitudo
1041 2197 1274 2280 deprimenda
1297 2208 1351 2262 est
1375 2220 1466 2282 quae

186 2326 224 2369 se
249 2306 390 2371 extollit
415 2307 587 2370 adversus
611 2304 849 2387 cognitionem
875 2306 962 2385 Dei,
998 2324 1064 2387 per
1087 2325 1178 2386 quae
1203 2305 1308 2369 etiam
1333 2307 1467 2389 cogita-

180 2413 301 2476 tiones
325 2415 514 2477 multorum
537 2411 774 2495 captivandae
799 2421 880 2476 suut
910 2421 949 2474 ut
969 2412 1144 2475 obediant
1167 2411 1318 2476 Christo.
1365 2414 1467 2479 Haec

185 2531 303 2584 autem
327 2540 425 2583 arma
448 2520 518 2584 Dei
542 2528 623 2582 sunt
646 2520 812 2582 baltheus
836 2519 1015 2600 veritatis,
1047 2521 1178 2582 thorax
1200 2518 1374 2604 iustitiae,
1398 2524 1467 2585 cal·

185 2647 270 2691 caus
294 2626 491 2709 evangelii,
523 2636 660 2689 scutum
683 2625 784 2707 fidei,
820 2627 926 2708 galea
950 2625 1074 2688 salutis
1099 2636 1134 2688 et
1157 2626 1298 2708 gladius
1323 2628 1467 2710 spiritus

185 2734 245 2817 qui
269 2745 325 2798 est
348 2734 508 2797 Verbum
532 2733 612 2797 Dei.
659 2732 764 2814 Quod
788 2732 817 2796 si
840 2735 898 2795 vel
921 2729 1040 2796 carnis
1063 2733 1228 2817 impietas
1248 2744 1308 2798 aut
1331 2736 1467 2800 diaboli

184 2841 276 2906 forte
293 2844 446 2905 assultus
469 2840 525 2905 his
548 2841 677 2904 cedere
701 2860 773 2903 non
797 2841 917 2922 vellet,
940 2849 1025 2904 tunc
1041 2839 1076 2903 iu
1101 2851 1269 2924 promptu
1293 2842 1337 2905 sit
1362 2845 1467 2908 nobis

183 2948 354 3029 vindicta,
381 2950 558 3010 adversus
589 2967 728 3011 omnem
757 2946 1045 3011 inobedientiam.
1101 2947 1201 3011 Haec
1232 2948 1315 3012 ideo
1346 2948 1398 3014 Sa
1425 2951 1466 3017 T.

183 3075 412 3120 commonere
435 3054 542 3118 velim
567 3055 662 3137 quod
686 3074 755 3117 non
779 3056 949 3117 suadeam
974 3053 1156 3137 quippiam
1180 3057 1467 3138 perpotentiam

183 3163 264 3246 agi,
300 3162 360 3244 qui
393 3162 422 3224 si
446 3160 497 3224 ita
520 3161 721 3224 conducere
744 3160 887 3223 videtur
906 3161 1017 3224 etiam
1042 3171 1170 3243 sponte
1194 3162 1329 3244 aliquid
1353 3164 1399 3225 de
1423 3184 1466 3228 eo

182 3271 384 3348 remittere,
423 3281 579 3332 ceterum
608 3288 749 3331 causam
777 3267 909 3331 virtute
940 3266 1052 3330 Verbi
1085 3288 1131 3330 ex
1161 3289 1248 3332 vero
1278 3271 1465 3352 agendam,

183 3376 406 3440 dissimulato
443 3375 584 3439 interim
613 3375 784 3458 quidquid
822 3375 937 3457 ipsam
975 3395 1191 3457 exasperare
1223 3377 1353 3458 possit;
1385 3399 1467 3442 nam

182 3484 234 3547 sic
273 3482 447 3564 captivari
481 3494 568 3565 puto
595 3472 769 3546 abductas
801 3481 1038 3546 conscientias
1046 3531 1056 3563 ,
1087 3482 1116 3545 si
1154 3482 1285 3546 Christi
1324 3505 1466 3550 causam

182 3590 243 3672 agi
267 3588 418 3653 viderint
446 3609 518 3653 non
541 3600 710 3669 nostram,
734 3599 770 3652 et
785 3588 1021 3671 proculdubio
1043 3600 1200 3652 nostram
1224 3591 1327 3654 nobis
1350 3613 1465 3657 mene-

174 3698 237 3761 .bit
261 3696 426 3779 gloriam,
454 3697 561 3760 modo
596 3695 728 3760 Christi
769 3695 906 3777 gloriae
937 3715 1088 3778 syncera
1124 3696 1336 3764 studeamus.
1388 3699 1466 3763 Res

183 3824 272 3887 ergo
298 3806 409 3866 verbo
434 3804 575 3885 agenda
599 3812 713 3867 estet
736 3802 899 3885 veritate,
923 3802 1113 3886 tyrannide
1137 3804 1249 3885 nulla,
1274 3807 1372 3869 nulla
1394 3806 1465 3870 vio·

182 3912 311 3993 lentia,
336 3910 403 3974 nisi
438 3910 551 3973 sicubi
575 3911 677 3973 verbi
700 3930 766 3991 per
789 3929 878 3991 quos
901 3909 1034 3973 veritas
1056 3909 1164 3973 fuerit
1188 3921 1326 3993 spreta;
1357 3921 1395 3976 at
1416 3914 1466 3977 in·

181 4019 286 4083 terim
310 4014 498 4081 multorum
522 4006 755 4079 abductorum
778 4016 928 4079 fratrum
951 4018 1118 4080 habenda
1153 4028 1207 4081 est
1230 4018 1321 4083 ratio
1345 4030 1384 4082 ut
1414 4041 1466 4083 re·

181 4124 371 4189 dimetitur.
427 4124 606 4188 Utendum
645 4140 733 4206 ergo
764 4125 810 4186 de
845 4122 930 4187 viris
964 4123 1202 4188 theodidactis
1240 4135 1276 4188 et
1314 4125 1464 4209 adflatis,

181 4235 312 4315 quibus
336 4232 473 4296 scilicet
504 4243 539 4295 et
566 4231 679 4295 Verbi
713 4230 879 4294 iudicium
915 4240 970 4294 est
1001 4241 1037 4295 et
1070 4232 1214 4313 spiritus
1242 4234 1384 4309 unctio;
1417 4234 1466 4298 hii

181 4341 277 4404 enim
301 4350 437 4403 tantum
461 4338 695 4421 spiritualium
720 4359 898 4402 armorum
913 4338 1030 4421 periti,
1054 4338 1211 4421 gladium
1238 4341 1382 4423 spiritus
1406 4342 1465 4425 qui

173 4458 237 4512 est
267 4448 416 4509 verbum
448 4445 517 4509 Dei
552 4455 702 4527 utraque
736 4464 843 4508 manu
877 4465 1022 4508 versare
1060 4459 1231 4528 possunt;
1266 4447 1303 4511 in
1338 4450 1466 4532 quibus

174 4563 282 4617 certa
304 4552 422 4635 prima
443 4564 526 4635 post
549 4554 670 4616 Deum
690 4572 773 4635 spes
797 4563 861 4618 est.
908 4552 1048 4616 Deinde
1070 4565 1267 4617 conventus
1290 4555 1466 4620 llle'Prin·
1498 4560 1502 4566 ’

171 4662 300 4743 cipum
331 4659 600 4742 Nurembergae
628 4661 768 4723 minime
805 4660 1059 4741 negligendus,
1093 4661 1156 4724 sed
1189 4662 1380 4726 mittendus
1410 4663 1467 4728 vir

172 4769 304 4851 :grauis
328 4776 365 4830 et
388 4767 546 4830 eruditus
558 4816 567 4849 ,
594 4786 731 4849 'gnarus
754 4766 857 4831 verbi
880 4776 917 4831 et
941 4769 997 4830 cui
1020 4786 1091 4830 non
1117 4769 1209 4831 desit
1232 4789 1373 4852 quoque
1397 4771 1462 4854 spi-

180 4874 269 4939 ritns
294 4874 470 4940 iudicium.
511 4875 605 4938 *Post
629 4874 776 4938 Carolus
800 4890 842 4938 ac
865 4874 976 4939 ceteri
999 4895 1106 4958 reges
1133 4886 1171 4939 et
1183 4876 1371 4961 principes
1391 4898 1465 4942 nnn
