3559 5734
718 530 966 590 &aarum

205 679 355 762 principi
379 689 415 743 et
438 682 484 743 de
507 689 598 743 tutto
623 681 656 742 el
680 680 810 743 mondo
834 680 871 742 in
888 689 1014 760 questo
1028 682 1100 742 bon
1115 680 1243 761 giorno
1258 680 1482 745 sottoscrisse

205 789 249 850 de
281 808 345 851 sua
380 788 571 851 benedetta
603 808 707 850 mano
738 787 905 851 ambedoi
928 788 953 850 li
975 787 1134 850 mandati
1158 787 1194 851 in
1218 787 1328 851 latino
1354 798 1390 852 et
1413 791 1481 852 ale-

204 916 318 976 mano,
342 896 387 958 de
411 895 440 958 si
464 897 535 958 bon
560 895 677 958 animo
701 896 767 958 che
791 915 903 976 parea
926 903 1017 959 tutto
1042 895 1232 977 regioirse;
1257 896 1318 978 poi
1333 895 1482 978 ridendo

203 1003 249 1065 mi
275 1003 369 1066 disse
393 1024 524 1067 ancora
548 1004 582 1066 in
608 1002 786 1067 iraricese:
819 1003 889 1066 Voi
913 1013 1030 1067 sarete
1060 1023 1128 1084 pur
1156 1014 1323 1067 contento
1347 1025 1422 1079 m0;
1448 1013 1483 1066 et

202 1110 237 1173 io
261 1110 363 1175 simili
387 1111 509 1192 lingua
532 1111 678 1192 risposi:
710 1110 748 1173 Sl
773 1120 889 1189 certo,
921 1110 1007 1190 sire,
1036 1131 1094 1174 ma
1117 1113 1226 1174 molto
1249 1110 1309 1193 piu
1335 1132 1379 1174 ne
1403 1111 1482 1174 sara

203 1217 380 1282 satisfatto
416 1220 448 1282 el
485 1217 549 1281 S¹¹¹⁰
583 1220 619 1281 la
643 1216 756 1282 Santa
789 1215 884 1281 Sede
914 1227 950 1281 et
985 1227 1076 1281 tutta
1109 1220 1143 1281 la
1168 1217 1410 1299 Christianitit,
1447 1228 1482 1282 et

203 1325 495 1406 rengratiaranno
520 1324 590 1388 Dio
614 1327 680 1388 che
704 1325 801 1388 habii
821 1326 905 1388 dato
921 1324 1013 1388 cossi
1033 1328 1124 1388 bono
1140 1334 1242 1387 santo
1260 1336 1296 1388 et
1311 1326 1481 1408 religioso

202 1431 345 1512 Caesar,
370 1435 404 1496 el
428 1436 511 1514 qual
535 1433 604 1495 Dio
629 1433 839 1515 mantenghi
862 1440 899 1496 et
923 1432 1087 1514 prosperi
1111 1433 1145 1495 in
1172 1433 1288 1513 questi
1312 1433 1365 1496 sui
1389 1434 1481 1497 santi

203 1539 386 1622 propositi,
411 1560 476 1621 per
500 1541 525 1603 li
548 1539 644 1622 quali
668 1540 712 1603 V.
738 1539 785 1604 M.
810 1560 855 1602 ne
878 1541 926 1603 ha
946 1539 1143 1621 acquistato
1167 1551 1342 1622 perpetua
1365 1541 1483 1622 gloria

202 1656 240 1709 et
263 1667 409 1730 apresso
433 1647 503 1710 Dio
528 1648 664 1728 premio
690 1657 824 1711 eterno.

291 1754 375 1817 Pari
409 1775 574 1818 successu
604 1754 691 1837 hogi
723 1774 771 1836 po
802 1740 935 1835 pranso
966 1773 1055 1817 sono
1087 1753 1170 1818 stati
1194 1754 1349 1835 sigillati,
1375 1764 1481 1817 sotto·

201 1862 314 1924 scritti
338 1883 447 1925 ancor
470 1861 598 1925 iterato
622 1862 669 1924 da
684 1860 897 1943 Magontino
913 1870 949 1924 et
964 1860 1172 1924 finalmente
1187 1860 1367 1944 registrati
1391 1863 1481 1925 detti

201 1969 360 2032 mandati
384 1980 420 2033 et
443 1990 531 2034 sono
556 1969 615 2051 qui
639 1970 783 2033 tandem
811 1969 846 2031 in
882 1990 963 2032 man
999 1969 1085 2037 mia.
1121 1971 1186 2033 che
1221 1969 1295 2031 scio
1331 1989 1402 2032 non
1435 1970 1481 2033 mi

201 2095 462 2157 scamparanno
494 2077 563 2157 piu.
611 2077 680 2140 Del
714 2086 805 2139 tutto
838 2076 881 2138 sii
913 2076 1057 2139 laudata
1090 2079 1125 2139 la
1155 2074 1267 2139 Santa
1297 2075 1481 2140 Trinitade

200 2184 268 2246 che
303 2183 336 2246 in
376 2204 440 2247 sua
474 2184 598 2266 vigilia
634 2195 669 2247 et
704 2183 797 2248 festa
820 2204 865 2246 ne
889 2186 936 2246 ha
960 2186 1044 2247 dato
1069 2187 1152 2265 quel
1177 2184 1299 2246 ultimo
1323 2184 1480 2248 remedio

202 2292 269 2352 che
292 2310 358 2371 per
381 2292 535 2355 humana
558 2300 636 2354 arte
660 2312 681 2354 a
705 2300 831 2373 questa
854 2310 939 2353 cosa
962 2290 991 2353 si
1020 2291 1081 2372 pol
1113 2290 1315 2373 excogitat,
1348 2293 1480 2373 perche

202 2398 246 2458 de
271 2407 387 2459 mutar
409 2397 435 2460 li
458 2398 531 2460 cori
556 2400 600 2460 de
618 2398 641 2461 li
657 2398 799 2461 homeni
816 2407 851 2461 et
867 2396 1072 2461 convertirli
1089 2399 1160 2460 alla
1177 2418 1263 2461 vera
1278 2399 1337 2462 via
1354 2410 1479 2481 questo

202 2514 257 2566 sta
281 2524 302 2566 a
326 2507 403 2568 solo
428 2506 540 2585 ludio,
566 2507 600 2569 el
624 2507 706 2588 qual
730 2525 837 2587 spero
862 2525 971 2568 ancor
999 2506 1065 2567 che
1090 2525 1159 2568 non
1184 2505 1216 2568 ci
1240 2507 1479 2587 abandoneri,

200 2613 331 2692 perche
350 2632 457 2675 ancor
481 2614 546 2675 che
571 2613 685 2694 questi
709 2611 838 2674 ribaldi
863 2612 948 2693 ogni
974 2609 1008 2674 di
1032 2610 1171 2675 saccino
1190 2615 1340 2695 qualche
1357 2613 1480 2695 paccia

201 2720 245 2780 de
270 2719 351 2781 libri
374 2720 560 2799 lutherani,
585 2728 676 2783 tutta
699 2721 796 2782 volta
820 2721 937 2782 hanno
960 2730 1060 2782 tanto
1074 2738 1181 2800 perso
1197 2721 1229 2782 el
1253 2720 1390 2783 credito
1414 2723 1479 2784 che

200 2825 260 2906 gia
284 2825 385 2906 quasi
408 2845 477 2889 non
503 2825 532 2888 si
556 2828 659 2907 parla
682 2825 717 2886 di
741 2828 832 2896 lor0;
857 2826 963 2889 immo
987 2845 1053 2907 par
1077 2827 1143 2888 che
1167 2827 1300 2907 venghi
1324 2826 1359 2889 in
1384 2827 1479 2891 fasti-

201 2932 259 2995 dio
283 2954 305 2996 a
328 2933 388 3014 pitl
413 2936 597 3016 parlarne,
631 2933 764 2997 excetti
788 2932 904 2997 alcuni
933 2933 1080 3014 maligni
1105 2932 1303 3014 desperati,
1336 2933 1359 2995 li
1384 2935 1479 3016 quali

200 3039 260 3121 piir
285 3059 350 3121 per
373 3042 482 3103 robar
506 3042 571 3103 che
595 3060 660 3122 per
684 3043 776 3103 altro
800 3039 934 3122 piliano
958 3060 980 3102 a
1011 3038 1215 3121 favoregiar
1240 3038 1389 3120 Luther,
1423 3062 1480 3104 ma

200 3165 288 3207 sono
322 3146 474 3209 mancati
506 3149 551 3209 de
581 3149 614 3210 le
646 3149 734 3210 dece
766 3158 868 3228 parte
898 3149 931 3210 le
962 3167 1055 3210 nove
1079 3147 1124 3209 de
1148 3146 1249 3228 pacci
1272 3146 1388 3210 favori
1413 3151 1478 3211 che

199 3251 315 3333 primo
340 3273 378 3315 se
402 3252 426 3315 li
451 3253 648 3317 donavan0.
696 3254 740 3316 Et
763 3254 824 3335 piu
850 3257 917 3317 che
934 3254 1069 3317 Lazaro
1086 3251 1266 3336 Spengler
1288 3255 1480 3320 cancellier

199 3359 245 3421 de
262 3359 511 3442 Norimberga,
536 3380 606 3424 uno
622 3362 667 3423 de
685 3362 803 3442 quelle
828 3371 970 3443 quattro
994 3370 1141 3424 cornute
1165 3361 1280 3425 bestie
1293 3363 1478 3427 lutherane

200 3465 256 3529 de'
281 3467 377 3547 quali
401 3465 512 3529 elS¹¹¹⁰
536 3489 575 3531 se
600 3488 746 3532 reserva
771 3468 793 3530 l’
806 3468 1031 3531 absolutione
1055 3489 1076 3530 a
1100 3490 1139 3531 se
1163 3471 1250 3549 sole,
1275 3469 1294 3532 ὲ
1319 3469 1353 3533 in
1378 3480 1479 3534 tanta

199 3572 287 3655 iuga
322 3575 388 3636 che
422 3574 460 3637 fa
494 3577 753 3657 protestatione
789 3577 833 3639 de
869 3584 1132 3639 sottometterse
1156 3586 1192 3640 et
1216 3596 1314 3638 esser
1337 3597 1478 3658 sempre

199 3689 294 3742 stato
327 3690 539 3745 sottomesso
567 3685 601 3745 al
637 3681 815 3765 pontefice
846 3703 992 3746 romano
1026 3692 1062 3745 et
1089 3693 1250 3763 protesta
1280 3686 1346 3746 che
1370 3684 1477 3747 Eccio

199 3786 221 3849 l'
235 3789 374 3851 haveva
391 3789 450 3871 gia
472 3792 635 3853 absoluto
661 3801 696 3853 et
716 3792 792 3869 che,
818 3798 943 3872 questo
963 3810 1034 3853 non
1051 3790 1228 3869 obstante,
1254 3790 1271 3852 ὲ
1295 3790 1476 3854 nominato

198 3894 233 3956 in
260 3897 295 3957 la
318 3896 433 3969 bulla;
466 3916 530 3978 per
563 3897 586 3958 il
613 3897 678 3960 che
702 3896 855 3961 iacendo
880 3896 928 3959 lui
952 3895 1200 3959 iustificatione
1224 3917 1288 3961 sua
1311 3918 1332 3959 a
1356 3896 1477 3977 Cesar,

199 4001 275 4063 Sua
298 4001 435 4065 Maesta
463 4003 485 4066 l'
499 4005 545 4066 ha
575 4003 722 4067 rimesso
754 4026 775 4067 a
802 4024 858 4067 me
883 4004 976 4066 etio
1000 4003 1094 4067 liho
1119 4004 1218 4065 detto
1243 4023 1313 4065 non
1337 4006 1477 4084 poterlo

198 4110 381 4189 absolvor,
419 4130 475 4172 ma
508 4113 587 4173 chel
622 4131 738 4194 porga
773 4132 837 4175 sua
867 4110 1126 4192 supplicatione
1157 4131 1178 4172 a
1203 4107 1254 4173 Su
1278 4111 1417 4173 Santiti
1442 4123 1478 4174 et

197 4216 310 4297 presti
334 4215 359 4278 li
382 4216 491 4279 debiti
517 4217 612 4279 modi
636 4219 680 4280 de
704 4217 865 4296 abiurar,
898 4218 963 4280 che
992 4218 1021 4280 si
1047 4217 1201 4280 scrivere
1227 4217 1262 4280 in
1286 4238 1350 4280 suo
1374 4217 1478 4281 favor

198 4332 235 4386 et
259 4343 423 4405 speramo
454 4326 520 4387 che
550 4326 585 4386 la
615 4326 803 4388 clementia
836 4326 881 4388 de
907 4322 956 4388 Su
982 4322 1122 4386 Santita
1145 4323 1380 4388 l’absolvera.
1428 4323 1477 4387 Se

197 4440 326 4511 questo
350 4431 520 4510 adviene‚
548 4433 619 4493 ben
650 4431 767 4495 vorrei
793 4434 859 4494 che
884 4433 930 4494 da
954 4430 1014 4513 poi
1038 4431 1129 4494 fatto
1154 4435 1188 4497 la
1212 4433 1334 4495 debita
1358 4453 1474 4514 repre·
1534 4418 1541 4429 ⁵

195 4536 369 4600 hensione
393 4559 432 4600 se
455 4537 479 4600 li
503 4538 641 4602 facesse
665 4539 781 4620 gratia
805 4559 870 4621 per
893 4559 964 4602 non
998 4548 1147 4602 mettere
1178 4540 1212 4601 in
1246 4538 1474 4620 desperation

194 4644 221 4707 li
247 4643 389 4711 homini.

288 4749 507 4816 Similmente
543 4752 690 4816 intendo
726 4753 783 4816 del
821 4773 1022 4835 compagno
1060 4774 1124 4816 suo
1148 4754 1353 4816 Pirchemer
1384 4772 1474 4841 gran

194 4862 385 4924 lutherano
408 4880 518 4923 ancor
541 4861 590 4923 lui
614 4862 733 4923 dottor
752 4878 788 4923 et
808 4859 961 4924 Senator
986 4862 1031 4923 de
1051 4861 1297 4941 Noremberga
1320 4859 1348 4923 si
1373 4870 1476 4925 trova
