3559 5734
770 576 828 629 ΜΒ
867 572 1017 628 56685-0

253 723 333 785 dem
358 720 445 784 nihil
469 720 637 786 videbam
659 732 809 803 propter
841 722 936 802 quod
968 721 1100 783 Vestra
1132 719 1324 784 Beatitudo
1360 718 1531 783 contineri

253 838 374 910 posset
398 850 419 891 a
443 830 615 892 mittendo
640 832 779 912 legat0,
813 850 917 910 quam
951 830 977 891 si
1011 827 1172 911 preteriti
1202 826 1372 909 temporis
1396 827 1533 889 ratione

253 947 473 1009 moveretur;
498 936 632 1017 quippe
657 938 752 1017 quod
776 936 869 1000 forte
886 937 1062 1019 cogitaret
1077 935 1259 1017 antiquum
1277 933 1531 997 Germanorum

254 1063 386 1105 morem
410 1044 609 1105 obsoletum
634 1064 713 1107 esse
738 1064 844 1125 quum
868 1053 975 1107 antea
999 1042 1266 1106 consuevissent
1290 1040 1421 1104 Sedem
1439 1043 1533 1122 Apo·

255 1149 416 1212 stolicam
441 1149 598 1212 revereri
623 1159 660 1214 et
684 1170 842 1233 quosque
867 1171 950 1213 suos
974 1152 1181 1223 observare;
1216 1148 1286 1211 iam
1321 1161 1436 1211 autem
1454 1167 1533 1209 con·

253 1267 411 1319 temnere
436 1266 472 1319 et
496 1278 558 1319 eos
582 1258 736 1320 ludibrio
759 1259 894 1320 habere
919 1268 957 1320 ut
981 1257 1010 1319 si
1034 1257 1112 1339 quis
1136 1255 1290 1319 maxima
1321 1255 1426 1317 etiam
1460 1257 1532 1337 pol-

254 1365 326 1425 leat
353 1363 544 1444 prudentia
580 1376 615 1425 et
651 1364 847 1446 gravitate,
882 1365 944 1425 vix
976 1374 1095 1426 tamen
1126 1364 1261 1445 sperari
1293 1363 1407 1444 possit
1438 1365 1533 1443 quod

255 1469 389 1550 aliquid
422 1469 597 1551 proficere
626 1479 749 1551 queat;
786 1472 832 1532 ob
868 1472 936 1532 hoc
974 1470 1091 1532 studui
1128 1472 1311 1533 declarare
1347 1490 1418 1531 non
1453 1469 1535 1532 ideo

257 1576 370 1639 minus
395 1597 466 1639 rem
493 1579 610 1639 denuo
635 1598 713 1640 esse
736 1580 943 1640 tentandam
968 1598 1013 1640 ex
1039 1578 1205 1659 Apostoli
1226 1578 1437 1640 documento
1466 1596 1536 1658 quo

254 1694 374 1746 monet
399 1704 464 1747 nos
488 1695 525 1746 ut
554 1685 685 1766 iugiter
719 1684 905 1764 instemuS,
934 1685 1175 1766 increpemus,
1210 1704 1399 1765 operemur
1429 1694 1464 1747 et
1498 1683 1535 1746 in

255 1789 349 1853 omni
366 1793 462 1853 bono
480 1811 590 1874 opere
607 1791 850 1874 invigilemus:
876 1794 939 1854 sed
957 1812 1095 1873 vereor,
1115 1793 1183 1854 Βῐιιθ
1200 1792 1242 1854 Pr
1266 1811 1311 1853 ne
1328 1791 1404 1853 fieri
1422 1790 1536 1873 possit

257 1899 389 1979 (preter
413 1908 531 1961 tamen
564 1900 785 1980 propositum
822 1909 858 1962 et
886 1899 1089 1981 opinionem
1121 1901 1246 1980 meam)
1278 1901 1373 1980 quod
1406 1897 1535 1980 aliquis

256 2004 447 2067 arbitretur
478 2026 533 2067 me
562 2017 687 2068 taxare
711 2007 868 2070 voluisse
902 2007 1050 2069 consilia
1080 2017 1115 2068 et
1149 2007 1306 2070 actiones
1340 2007 1536 2088 aliquorum

259 2111 318 2191 qui
343 2113 493 2174 antehac
519 2114 676 2194 legatum
700 2124 851 2194 egerunt
882 2114 919 2175 in
944 2113 1151 2190 Germania,
1183 2115 1283 2196 quasi
1312 2114 1426 2176 minus
1456 2134 1535 2195 pru-

257 2217 382 2279 denter
413 2238 472 2280 res
501 2218 588 2280 istas
633 2231 788 2282 tractare
824 2220 1011 2298 sciverint,
1043 2241 1149 2301 quum
1181 2234 1297 2284 tamen
1330 2221 1460 2284 nemini
1492 2221 1538 2282 sit

255 2328 444 2387 obscurum
476 2338 510 2390 et
544 2327 627 2389 mihi
659 2326 829 2405 maxime,
866 2329 991 2389 horum
1031 2347 1163 2410 magna
1200 2349 1244 2390 ex
1283 2339 1384 2410 parte
1415 2327 1537 2407 insci0,

257 2433 428 2514 precipue
454 2434 498 2496 de
521 2434 646 2496 ultimo
671 2434 747 2496 Ru
770 2435 892 2515 legato
928 2454 1010 2517 sue,
1046 2455 1151 2515 quam
1188 2435 1396 2518 diligenter,
1432 2455 1537 2517 quarn

257 2539 397 2621 placide
422 2560 526 2621 quarn
552 2540 731 2604 indefesse
756 2553 791 2602 et
815 2541 1168 2623 circumspectissime
1193 2544 1311 2605 omnia
1334 2563 1400 2624 per
1423 2543 1538 2623 ipsum

256 2656 408 2709 tractata
432 2647 575 2726 fuerint,
600 2656 638 2710 ut
662 2657 830 2730 quantum
856 2650 901 2710 ad
917 2648 1032 2730 ipsum
1057 2649 1193 2729 attinet,
1211 2650 1295 2712 nihil
1312 2649 1419 2712 fuerit
1443 2648 1537 2730 quod

257 2753 371 2835 magis
397 2754 591 2816 desiderari
615 2754 804 2838 potuisset;
834 2775 950 2836 neque
974 2776 1043 2837 ego
1069 2758 1159 2818 adeo
1184 2757 1395 2819 inhumanus
1420 2772 1454 2819 et
1479 2755 1537 2817 im-

257 2859 336 2941 pius
360 2881 474 2924 essem
497 2861 556 2942 qui
581 2862 626 2923 de
651 2860 757 2924 tantis
781 2861 865 2924 viris
890 2863 1034 2943 obloqui
1056 2864 1232 2944 auderem,
1249 2863 1420 2945 precipue
1444 2863 1539 2945 quod

257 2966 294 3029 id
318 2966 363 3030 sit
387 2989 408 3030 a
431 2969 518 3031 meis
543 2968 699 3031 moribus
725 2967 875 3031 alienum
902 2980 937 3032 et
961 2972 1053 3032 male
1079 2970 1157 3051 quis
1181 2971 1327 3052 obloqui
1343 2970 1455 3053 possit
1479 2969 1539 3031 ubi

260 3072 346 3137 nihil
370 3074 458 3137 vitio
483 3074 590 3137 tribui
613 3083 742 3157 potest.
802 3075 883 3138 Non
918 3075 985 3138 fuit
1016 3076 1083 3138 iste
1120 3075 1256 3139 animus
1293 3097 1360 3139 nec
1390 3075 1539 3139 intentio

259 3202 337 3244 mea
361 3201 521 3262 prorsus;
558 3201 686 3263 nempe
717 3183 783 3243 hec
820 3181 903 3263 quia
934 3182 1108 3245 inscitiam
1132 3181 1390 3246 Germanorum
1414 3194 1540 3246 taxare

261 3287 358 3350 volui
384 3287 443 3369 qui
467 3307 556 3369 quos
580 3286 745 3351 venerari
770 3299 805 3350 et
829 3292 1023 3352 observare
1049 3290 1232 3370 deberent,
1257 3310 1318 3352 eos
1334 3290 1402 3352 iam
1427 3289 1540 3351 minus

259 3395 408 3457 honeste
434 3394 631 3476 suscipiunt
654 3406 690 3458 et
713 3398 821 3479 longe
846 3397 949 3459 aliter
972 3405 1127 3460 tractant
1151 3416 1256 3478 quam
1281 3417 1319 3459 se
1352 3397 1450 3478 ipsos
1482 3396 1539 3458 de·

261 3511 377 3581 ceret,
408 3511 446 3563 ut
478 3501 597 3582 potius
630 3504 808 3567 contemni
840 3514 875 3566 et
912 3503 1065 3566 ludibrio
1102 3524 1181 3567 esse
1213 3503 1401 3566 videantur
1438 3523 1542 3585 quam

262 3608 358 3688 quod
382 3610 618 3671 observentur
641 3619 677 3672 et
699 3609 856 3692 ipsorum
882 3611 1038 3673 consiliis
1063 3621 1098 3672 et
1122 3609 1283 3673 doctrine
1308 3630 1394 3673 sane
1418 3630 1541 3673 eorun-

262 3716 343 3777 dem
368 3715 609 3778 adherendum
635 3737 714 3781 esse
746 3726 887 3800 putent;
920 3720 967 3780 ob
998 3720 1066 3781 hoc
1098 3718 1191 3780 enim
1224 3738 1329 3799 quum
1362 3716 1458 3780 missi
1489 3716 1543 3778 sui

262 3824 357 3902 apud
382 3820 580 3885 Germanos
605 3825 673 3886 hoc
697 3823 816 3906 iniquo
840 3834 1002 3906 tempore
1027 3826 1063 3886 in
1088 3824 1206 3906 aliqua
1229 3824 1453 3906 reputatione
1472 3844 1542 3885 non

261 3930 448 4009 habentur,
473 3928 509 3990 in
534 3949 603 4011 qua
627 3950 692 3993 nec
717 3943 833 3996 vestra
854 3932 1045 3995 Beatitudo
1070 3932 1099 3994 si
1124 3932 1313 3994 interesset
1337 3931 1389 4017 (ut
1405 3933 1543 4011 vereor)

262 4036 464 4114 haberetur,
490 4037 777 4120 subdubitabam,
802 4060 846 4102 ne
870 4039 980 4102 ilhinc
1005 4038 1188 4101 consilium
1210 4038 1316 4100 iniret
1340 4039 1450 4120 legati
1473 4059 1541 4101 am-

265 4140 357 4223 plius
381 4161 452 4204 non
476 4143 695 4221 destinandi,
725 4155 873 4229 propter
897 4147 992 4227 quod
1022 4147 1134 4208 solum
1168 4145 1255 4207 illud
1287 4147 1434 4208 verbum
1464 4166 1541 4227 pro-

262 4247 336 4328 tuli,
362 4267 431 4310 non
463 4249 568 4312 etiam
599 4252 694 4332 quod
719 4251 883 4333 dignitati
916 4252 1109 4333 cuiuspiam
1142 4253 1330 4315 detrahere
1363 4253 1543 4333 voluerim,

263 4354 324 4417 ubi
349 4356 461 4436 magis
491 4359 729 4422 commendari
758 4370 936 4422 merentur
966 4379 1070 4441 quam
1099 4358 1262 4425 incusari.
1310 4358 1429 4439 Quare
1458 4358 1544 4422 Vre.

168 4529 170 4532 ,
264 4463 301 4524 B.
318 4464 590 4544 supplicandum
604 4465 728 4547 putavi
752 4477 790 4527 ut
813 4468 962 4529 verbum
978 4485 1094 4528 meum
1114 4466 1239 4528 eodem
1264 4486 1369 4528 sensu
1393 4465 1545 4548 accipiat

265 4570 480 4651 expositioni
505 4583 541 4634 et
564 4572 851 4656 interpretationi
874 4594 953 4636 mee
971 4571 1155 4653 conformi,
1180 4592 1250 4635 non
1271 4572 1377 4635 etiam
1400 4572 1461 4635 illo
1486 4572 1544 4654 qui

265 4678 374 4740 menti
391 4697 469 4740 mee
484 4679 626 4760 penitus
643 4683 863 4760 adversetur,
888 4679 1043 4761 alioquin
1067 4679 1169 4742 fieret
1186 4679 1280 4762 quod
1301 4700 1370 4762 ego
1395 4677 1439 4743 de
1462 4679 1544 4742 hinc

266 4805 407 4848 manum
432 4785 651 4851 continerem
675 4809 696 4850 a
719 4788 846 4850 litteris
870 4787 1077 4868 scribendis,
1102 4785 1131 4850 si
1147 4785 1250 4848 aliter
1271 4788 1382 4848 verba
1406 4787 1545 4868 prolata

265 4911 344 4955 esse
375 4892 660 4976 intelligerentur
692 4915 797 4976 quam
821 4914 889 4976 ego
925 4894 986 4956 illa
1009 4892 1171 4974 proferre
1187 4892 1377 4955 voluissem
1390 4914 1398 4967 ;
1431 4892 1494 4955 sed
1509 4903 1545 4957 et
