3559 5734
735 526 981 589 0-43529ΕΗ

220 678 255 740 di
281 679 398 760 quella
423 677 563 740 heresia
588 686 624 740 et
646 677 842 758 pertinacia
866 681 944 743 loro
969 679 1171 745 facilmente
1203 700 1241 743 se
1273 677 1296 740 li
1322 679 1497 760 potrebbe

220 786 436 867 provedere;
464 782 598 866 perche
628 787 854 865 quantunche
878 787 932 849 sia
956 809 1042 851 vero
1067 792 1132 852 che
1165 788 1322 851 habbino
1346 795 1499 867 provato

221 894 244 955 li
267 891 382 955 infinti
405 891 488 954 mali
512 891 651 954 tumulti
675 902 711 954 et
734 892 906 955 sedicioni
930 897 996 959 che
1021 917 1065 958 ne
1088 916 1177 959 sono
1194 893 1343 976 seguite,
1368 901 1404 954 et
1419 890 1499 952 chio

222 1002 328 1062 creda
353 1001 419 1062 che
443 1019 596 1062 saranno
621 998 771 1079 disposti
804 1021 826 1062 a
855 1003 1007 1065 metterli
1038 1014 1073 1065 et
1097 1024 1119 1066 a
1143 1014 1325 1066 sostenere
1349 1001 1500 1081 qualche

223 1106 347 1169 ordine
372 1118 407 1168 et
440 1105 659 1187 provisione,
692 1104 812 1171 niente
845 1109 881 1170 di
913 1129 1017 1172 meno
1053 1112 1087 1173 la
1116 1113 1162 1173 da
1196 1110 1343 1172 credere
1367 1107 1501 1169 Vostra

224 1213 401 1296 Signoria,
419 1215 485 1276 che
502 1223 634 1295 quanto
652 1215 686 1276 al
710 1225 802 1277 stato
826 1215 1076 1279 Ecclesiastico
1100 1219 1183 1279 tutti
1213 1216 1321 1298 quelli
1344 1212 1502 1294 Principi

224 1341 310 1384 sono
334 1322 444 1384 molto
469 1321 587 1402 pronti
619 1323 665 1382 ad
698 1322 915 1402 opprimerlo
949 1334 985 1386 et
1015 1324 1097 1386 torli
1128 1324 1163 1385 la
1198 1323 1302 1385 solita
1326 1320 1502 1400 libertate,

225 1439 260 1490 et
283 1437 375 1492 tutto
400 1448 465 1510 per
487 1427 595 1490 tirare
619 1428 652 1489 le
677 1449 759 1491 cose
784 1430 817 1491 al
843 1432 1028 1493 commodo
1053 1441 1088 1493 et
1112 1430 1175 1491 utii
1200 1432 1287 1492 lor0.

315 1534 418 1599 Onde
442 1534 477 1597 io
500 1554 633 1615 penso,
665 1536 731 1597 che
760 1538 870 1598 molto
902 1536 994 1600 assai
1024 1536 1076 1599 sia
1100 1538 1146 1599 da
1170 1536 1396 1599 considerare
1421 1534 1502 1616 quel

227 1644 292 1706 che
316 1641 476 1723 importi,
510 1663 531 1703 ο
564 1661 671 1721 possa
702 1641 895 1723 importare
928 1664 1121 1725 procurare
1152 1647 1218 1707 che
1248 1663 1293 1705 ne
1326 1643 1362 1704 la
1384 1641 1504 1704 futura

227 1750 323 1812 dieta
347 1749 606 1829 intervengano
635 1747 717 1810 tutti
752 1749 776 1810 li
805 1752 938 1813 oratori
963 1751 1056 1836 deli
1082 1750 1239 1832 Principi
1264 1760 1299 1813 et
1324 1748 1504 1812 Potentati

227 1859 271 1920 de
296 1856 496 1935 Christiani,
521 1855 556 1917 di
581 1858 646 1917 che
670 1858 847 1936 potrebbe
871 1878 937 1940 per
960 1859 1037 1921 vari
1060 1858 1236 1922 accidenti
1260 1867 1296 1920 et
1320 1856 1394 1921 casi
1413 1855 1506 1918 uscir

228 1968 354 2028 alcuno
389 1964 483 2026 malo
517 1961 640 2025 effetto
676 1972 711 2024 et
748 1963 975 2028 conclusione
1012 1987 1055 2028 ne
1087 1968 1121 2028 la
1156 1964 1240 2029 fede
1270 1962 1447 2026 catholica
1470 1971 1505 2024 et

228 2071 480 2154 specialmente
505 2090 526 2131 a
550 2071 668 2132 danno
693 2071 738 2131 de
762 2070 796 2131 la
820 2071 1031 2152 superiorita
1067 2072 1103 2134 di
1134 2081 1259 2154 questa
1282 2082 1385 2135 santa
1408 2070 1505 2147 sede,

228 2178 358 2261 perche
383 2177 526 2258 quando
551 2177 586 2238 in
612 2186 737 2256 questa
762 2176 868 2239 Dieta
892 2177 990 2241 fusse
1015 2199 1085 2242 una
1109 2179 1159 2242 tal
1183 2199 1267 2242 cosa
1290 2176 1447 2240 stabilita
1471 2189 1507 2238 et

227 2287 384 2364 risoluta,
409 2305 479 2347 non
505 2283 534 2345 si
558 2285 735 2364 potrebbe
759 2284 819 2365 poi
843 2284 1046 2348 facilmente
1071 2288 1191 2349 levare
1216 2295 1252 2348 et
1275 2287 1384 2348 molto
1408 2267 1518 2366 pegi-v

228 2413 289 2455 ore
322 2393 476 2454 sarebbe
509 2393 575 2453 che
599 2391 799 2471 qualunche
824 2393 916 2455 altra
939 2393 1161 2474 pragmatica
1185 2394 1250 2456 che
1275 2393 1328 2456 sin
1352 2393 1441 2453 hora
1465 2389 1506 2452 sii

229 2509 342 2563 stata:
380 2500 415 2562 la
450 2500 533 2579 qual
568 2518 652 2560 cosa
686 2497 722 2559 in
758 2499 939 2580 presentia
975 2502 1090 2563 deun
1124 2500 1263 2582 Legato
1294 2501 1447 2562 sarebbe
1472 2497 1507 2558 di

229 2606 393 2688 maggior
415 2608 581 2667 smaccho
607 2613 642 2667 et
659 2604 808 2686 cagione
834 2607 878 2669 de
902 2608 1067 2688 maggior
1090 2629 1228 2673 scorno.
1267 2607 1311 2669 Et
1328 2607 1345 2668 ὲ
1364 2607 1410 2668 da
1424 2625 1506 2686 pen·

231 2735 320 2784 sare.
346 2714 410 2776 che
436 2713 578 2793 quando
602 2712 737 2794 peggio
762 2733 833 2774 non
858 2733 903 2775 ne
928 2734 1109 2795 seguesse,
1124 2735 1230 2777 sanza
1245 2713 1353 2776 dubio
1369 2714 1508 2775 almeno

230 2823 323 2884 circa
347 2821 371 2884 li
396 2829 500 2883 cento
525 2819 733 2902 gravamini,
758 2831 794 2882 et
817 2820 912 2882 circa
936 2820 960 2883 il
984 2822 1133 2885 concilio
1158 2822 1275 2884 futuro
1300 2822 1509 2883 vorebbono

230 2930 437 2992 risolutione
462 2939 498 2991 et
521 2929 747 2992 stabilmento
772 2930 807 2990 di
833 2931 899 2992 che
923 2930 1118 2993 moltissimi
1143 2928 1356 2992 incommodi
1380 2949 1424 2989 ne
1449 2947 1508 3008 po·

230 3041 407 3100 trebbono
431 3037 596 3099 risultare
629 3037 700 3099 alla
731 3035 825 3099 Sede
857 3037 1084 3119 Apostolica,
1120 3048 1157 3100 et
1187 3038 1273 3118 pero
1306 3036 1441 3099 bench&
1476 3034 1509 3095 io

231 3145 345 3226 pensi,
370 3147 435 3207 che
458 3142 591 3206 Nostro
616 3143 779 3225 bignore,
804 3164 869 3225 per
895 3144 928 3205 la
953 3164 1015 3207 soa
1039 3143 1213 3225 sapientia
1238 3154 1273 3205 et
1289 3140 1511 3223 experientia

232 3272 411 3333 cognosca
434 3250 458 3313 il
483 3260 574 3313 tutto
598 3261 634 3312 et
657 3270 727 3312 non
752 3251 885 3312 habbia
910 3251 1083 3313 necessita
1108 3251 1143 3313 di
1168 3249 1340 3330 consiglio
1365 3260 1401 3310 et
1424 3269 1509 3310 mas·

233 3358 437 3421 simamente
473 3358 531 3420 del
567 3357 636 3419 mio
670 3359 798 3419 deboie
831 3378 977 3438 parere,
1017 3358 1135 3421 niente
1171 3358 1207 3418 di
1254 3357 1404 3419 mancho
1439 3355 1510 3436 poi,

232 3469 297 3528 che
326 3468 398 3528 cosi
422 3466 525 3547 piace
549 3485 570 3527 a
594 3462 667 3526 Sua
691 3464 936 3542 Beatitudine,
961 3464 985 3526 il
1009 3485 1114 3546 parer
1142 3464 1211 3526 mio
1241 3466 1411 3541 sarebbe,
1445 3465 1511 3523 che

233 3594 332 3635 come
368 3574 403 3634 la
444 3572 551 3633 Dieta
592 3570 628 3632 di
670 3568 743 3633 San
786 3571 930 3650 Jacomo
972 3593 992 3634 a
1035 3568 1141 3652 spira
1182 3570 1219 3632 fu
1258 3570 1438 3650 prohibita
1477 3581 1511 3630 et

233 3699 398 3761 suspesa,
442 3681 514 3740 cosi
550 3697 617 3739 con
646 3677 731 3759 ogni
762 3698 879 3739 mezzo
917 3699 936 3739 e
971 3677 1028 3739 via
1064 3678 1092 3741 si
1128 3678 1337 3759 prohibesse
1371 3687 1406 3738 et
1441 3697 1509 3738 sus·

233 3787 409 3869 pendesse
439 3794 586 3865 questa,
620 3794 655 3846 et
688 3805 708 3845 a
741 3794 867 3865 questo
899 3786 1051 3846 sarebbe
1080 3782 1228 3846 efficace
1251 3784 1341 3845 assai
1368 3783 1510 3845 voltarsi

234 3916 255 3955 a
285 3893 434 3972 Cesare,
472 3901 507 3954 et
538 3912 604 3954 con
636 3893 669 3953 le
699 3890 836 3972 ragioni
872 3893 937 3953 che
969 3890 997 3952 si
1028 3911 1147 3971 ponno
1177 3891 1331 3952 addurre
1360 3889 1512 3952 soaderli

235 4020 299 4081 per
340 4000 454 4062 salute
490 4009 525 4060 et
556 3997 674 4078 quiete
715 3998 759 4059 de
802 3999 836 4059 la
871 3997 1101 4077 Repubblica
1144 3996 1335 4059 christiana
1376 3998 1441 4059 che
1481 3998 1514 4058 al

235 4117 401 4188 presente
434 4126 505 4167 non
535 4104 618 4168 lassi
653 4104 729 4167 fare
759 4105 856 4166 detta
884 4104 995 4181 dieta,
1026 4103 1307 4166 massimamente
1339 4104 1514 4165 toccando

236 4224 361 4296 questo
386 4223 497 4296 punto
522 4213 587 4275 che
612 4232 678 4293 per
702 4211 726 4273 li
751 4211 963 4274 incommodi
979 4213 1044 4273 che
1062 4230 1105 4273 ne
1123 4211 1340 4291 potrebbero
1358 4209 1514 4272 reuscire

237 4331 359 4383 contra
383 4322 418 4382 la
441 4320 533 4408 fede,
548 4320 613 4381 che
637 4339 707 4380 non
732 4318 750 4380 ὲ
775 4320 821 4380 da
844 4317 936 4381 faria
959 4338 1065 4380 senza
1089 4318 1123 4379 la
1147 4334 1319 4398 presenza
1334 4316 1369 4376 di
1387 4313 1422 4378 S.
1438 4315 1514 4378 ΜΨ

238 4427 280 4490 Et
311 4428 452 4508 quando
484 4446 551 4507 pur
581 4445 646 4506 per
675 4425 849 4488 necessita
873 4427 918 4488 de
953 4428 986 4489 le
1011 4445 1093 4487 cose
1126 4426 1170 4486 de
1203 4422 1386 4504 germania
1419 4421 1515 4484 fusse

237 4535 438 4598 necessario
461 4533 538 4596 fare
563 4534 661 4595 detta
685 4533 790 4614 dieta,
814 4532 1104 4614 precipuamente
1128 4551 1193 4612 per
1226 4530 1248 4591 il
1285 4529 1453 4610 dissegno
1477 4550 1516 4591 sa

238 4643 280 4706 V.
307 4641 342 4705 S.
367 4643 486 4703 hanno
511 4641 555 4702 de
580 4641 614 4702 lo
638 4639 783 4720 infante,
808 4642 960 4702 sarebbe
985 4639 1031 4699 da
1054 4637 1260 4719 ingegnarsi
1283 4638 1348 4698 che
1365 4638 1515 4698 andasse

238 4750 296 4833 pio
321 4747 459 4811 innanzi
484 4749 549 4810 che
574 4746 672 4808 fusse
694 4746 875 4828 possibile,
900 4745 1031 4827 perche
1065 4745 1084 4806 'l
1110 4755 1229 4825 tempo
1264 4763 1403 4824 sempre
1440 4745 1516 4805 suot

238 4858 414 4939 partorire
439 4877 520 4919 cose
546 4875 661 4918 nuove
686 4865 722 4916 et
750 4863 894 4935 portare
926 4853 1021 4914 molti
1048 4850 1184 4913 rimedii
1214 4839 1252 4912 et'
1280 4851 1373 4911 iume
1402 4860 1437 4911 et
1468 4849 1515 4910 in·

265 4984 345 5033 aaran,
357 4983 500 5022 Documenta
511 4982 648 5021 butberanu.
1322 4971 1357 5032 34
