3559 5734
1482 591 1975 647 0-5'3517&

451 736 566 797 vel
617 735 928 798 incertus
961 735 1052 798 sit
1097 738 1217 799 vel
1265 738 1735 800 tardiusculus
1767 739 2043 801 futurus
2076 750 2421 821 speretur,
2470 742 2689 804 satius
2722 743 3002 823 quidem

449 843 845 923 putaverim
895 842 1256 926 principes
1303 843 1578 926 imperii
1628 845 2012 909 convenire
2084 867 2291 928 quam
2350 849 2725 929 negocium
2771 851 2998 911 huius,⁴

448 950 636 1011 modi
688 950 995 1024 differri3
1045 962 1344 1031 possunt
1411 952 1700 1014 ettenim
1771 973 1862 1015 ex
1925 954 2331 1036 praeteritis
2378 956 2745 1019 admoneri
2794 979 3002 1039 quarn

453 1057 1121 1139 perniciosissimum
1150 1057 1361 1121 fuerit
1392 1061 1483 1121 ab
1515 1045 1714 1121 initio
1747 1080 1890 1123 non
1926 1061 2288 1143 restitisse,
2326 1072 2397 1125 et
2412 1064 2691 1145 quantis
2724 1067 2998 1146 quibus-

447 1185 584 1245 que
633 1164 966 1247 periculis
1001 1166 1298 1247 quisque
1341 1186 1583 1228 eorum
1618 1166 1925 1247 agitatus
1957 1168 2066 1248 sit,
2119 1190 2155 1231 a
2188 1170 2443 1250 quibus
2478 1170 2759 1233 omnino
2794 1171 3002 1235 liberi

448 1293 601 1334 esse
649 1273 1046 1353 potuissent
1094 1273 1152 1334 si
1202 1274 1300 1355 (ut
1345 1293 1477 1355 par
1525 1271 1704 1358 erat)
1753 1295 1966 1337 cause
2014 1275 2437 1356 gravitatem
2482 1277 2713 1340 metiri
2745 1279 2998 1340 voluis-

447 1388 621 1459 sent,
670 1400 808 1459 que
857 1400 1067 1461 quum
1119 1380 1293 1441 nihil
1342 1383 1507 1443 dum
1556 1382 1792 1464 sopita
1839 1382 2269 1464 conspicitur
2316 1392 2388 1446 et
2434 1383 2619 1446 illius
2666 1384 3002 1467 reliquias

443 1487 704 1569 ubique
753 1488 998 1550 audire
1047 1488 1250 1569 licet,
1318 1487 1529 1552 facile
1592 1487 1748 1552 fore
1807 1490 2230 1553 crediderim
2292 1493 2480 1573 quod
2544 1511 2722 1573 quos
2788 1503 2998 1555 antea

444 1593 545 1656 rei
595 1595 876 1656 novitas
932 1615 1221 1657 movere
1279 1615 1420 1658 non
1478 1604 1763 1677 poterat
1829 1598 2116 1660 eosdem
2173 1598 2311 1660 iam
2360 1606 2600 1661 teneat
2645 1599 2998 1681 posterior

445 1702 781 1763 malorum
833 1701 1204 1782 acerbitaS,
1256 1722 1347 1764 ex
1395 1722 1535 1783 qua
1583 1704 1948 1767 cauciores
1996 1706 2413 1786 reddantur,
2460 1713 2538 1768 ut
2585 1708 2830 1771 eadem
2882 1711 2994 1771 vel

443 1808 799 1871 deteriora
828 1807 1365 1889 pertimescant3
1418 1811 1566 1888 sed,
1616 1820 1687 1873 et
1736 1809 1794 1873 si
1831 1811 2017 1874 idem
2052 1822 2443 1875 conventus
2474 1812 2822 1895 proficere
2858 1835 2994 1876 non

441 1914 706 1996 poterit
753 1917 843 1978 ad
891 1936 1007 1978 res
1054 1916 1338 1997 penitus
1385 1915 1794 1998 firmandaS‚
1839 1929 2043 2000 peste
2091 1920 2225 1982 hae
2318 1919 2697 2002 eradicata,
2746 1923 2994 1983 saltem

439 2022 702 2104 poterit
748 2023 998 2085 modus
1046 2021 1394 2105 quispiam
1440 2023 1743 2086 inveniri
1808 2046 1947 2106 quo
2008 2046 2125 2088 res
2187 2028 2658 2109 undequaque
2706 2031 2998 2091 solidior

440 2128 529 2191 sit
578 2150 801 2211 usque
850 2132 1102 2193 saltem
1148 2131 1239 2192 ad
1288 2130 1574 2212 aliquod
1627 2130 2017 2194 Concilium
2049 2135 2239 2214 quod
2274 2135 2656 2216 aliquando
2686 2136 2994 2199 futurum

440 2244 860 2317 expectatur
907 2247 1228 2319 tempore
1277 2238 1624 2319 quietiori.
1700 2238 1965 2314 Verum
2017 2241 2301 2321 quidem
2350 2242 2408 2304 si
2455 2241 2569 2304 hic
2603 2255 2994 2307 conventus

440 2342 570 2405 erit
635 2342 1076 2424 indicendus,
1144 2344 1391 2427 putavi
1453 2342 1542 2407 Sti
1611 2345 1707 2407 V⁰
1769 2348 2071 2428 quedam
2135 2368 2291 2410 esse
2356 2351 2787 2432 exponenda
2858 2371 2990 2435 que

439 2452 537 2531 (ut
580 2447 783 2535 puto)
832 2451 1256 2533 cognovisse
1319 2472 1462 2514 non
1525 2452 1658 2515 erit
1718 2452 1966 2516 inutile
2016 2455 2129 2516 vel
2177 2454 2552 2537 ingratum.
2646 2457 2870 2520 Erunt
2918 2459 2986 2519 in

442 2558 561 2619 illo
611 2568 968 2620 conventu
1016 2560 1365 2640 speciales
1414 2559 1802 2622 comissarii
1858 2569 2190 2642 quattuor
2237 2582 2366 2643 pro
2414 2582 2704 2626 cesarea
2752 2563 2990 2643 Maye-

441 2673 660 2744 state,
727 2662 1117 2728 Guilelmus
1178 2665 1484 2728 Bavarie
1550 2676 1619 2727 et
1667 2666 2046 2730 Heinricus
2093 2668 2686 2732 Braunsbicensis
2734 2670 2990 2751 Duces,

438 2771 815 2835 Casimirus
860 2773 1578 2856 Brandenburgensis
1610 2783 1681 2837 et
1710 2773 2084 2857 Philippus
2118 2776 2467 2839 Badensis
2499 2776 2986 2851 Marchiones;

436 2880 560 2941 sed
587 2900 800 2961 quum
824 2879 1010 2942 inter
1056 2889 1296 2943 cetera
1324 2882 1697 2943 tractanda
1725 2883 1859 2944 hoc
1893 2902 2104 2945 unum
2142 2882 2274 2945 erit
2305 2882 2787 2965 praecipuum,
2834 2887 2990 2967 ipsa

436 2986 705 3049 heresis
751 2989 1096 3067 luterana‚
1146 2996 1218 3049 et
1264 2989 1396 3050 hec
1445 2989 1602 3069 ipsa
1649 3008 2050 3070 quanquam
2099 2988 2554 3052 Germaniam
2602 2999 2822 3055 totam
2870 2991 2986 3055 im-

439 3094 956 3174 presentiarum
1007 3096 1494 3157 tantummodo
1542 3095 1887 3176 infecerit,
1931 3116 2144 3177 quum
2184 3106 2416 3159 tamen
2469 3099 2558 3159 ad
2593 3098 2734 3160 alia
2765 3119 2986 3179 regna

435 3210 813 3283 penetrare
843 3201 1085 3283 possit,
1116 3221 1485 3265 commune
1511 3202 1794 3265 videtur
1819 3202 2195 3285 negocium
2222 3213 2619 3267 ceterorum
2647 3205 2857 3268 etiam
2886 3227 2986 3267 re-

436 3327 735 3389 gnorum
754 3308 888 3386 cui,
911 3317 981 3370 et
996 3308 1308 3390 reliquos
1330 3318 1741 3390 potentatus
1763 3309 2104 3372 interesse
2133 3310 2438 3373 maxime
2466 3311 2862 3391 conveniat,
2890 3315 2986 3375 sit:

440 3427 759 3477 oratores
826 3414 1125 3479 Francie
1188 3416 1453 3497 Anglie
1514 3416 1884 3498 Hungarie
1941 3418 2239 3480 Polonie
2304 3418 2739 3481 Venetorum
2794 3419 2990 3483 ducis

432 3521 824 3585 Mediolani
858 3533 929 3585 et
957 3522 1156 3603 alios,
1198 3533 1526 3606 preterea
1574 3545 1791 3587 unum
1839 3535 1959 3587 aut
2008 3528 2305 3588 alterum
2354 3526 2473 3607 qui
2520 3546 2652 3608 pro
2699 3527 2990 3607 reliquis

433 3628 757 3691 dominiis
805 3628 1008 3692 Italie
1055 3629 1216 3692 huic
1264 3630 1451 3712 pesti
1497 3631 1955 3712 proximioris
2015 3631 2210 3694 vices
2272 3641 2523 3712 agant,
2591 3633 2662 3694 in
2735 3635 2982 3695 eodem

433 3747 822 3810 conventu;
872 3746 1085 3819 atque
1133 3738 1297 3800 ideo
1342 3746 1419 3798 ut
1451 3757 1664 3818 quum
1696 3739 1786 3800 de
1818 3758 2032 3801 causa
2061 3737 2228 3800 fidei
2259 3737 2656 3801 Christiane
2688 3748 2986 3803 tractan-

433 3844 596 3905 dum
660 3842 749 3905 sit
812 3846 1004 3925 quod
1066 3844 1294 3907 eidem
1351 3843 1614 3925 prefati
1678 3854 2088 3927 potentatus
2168 3866 2332 3908 suos
2394 3846 2646 3909 adesse
2711 3859 2982 3929 putent,

432 3951 611 4013 sicut
657 3951 727 4012 in
756 3951 1078 4033 negociO,
1128 3953 1320 4033 quod
1354 3971 1492 4014 non
1531 3962 1638 4015 est
1671 3951 2053 4016 Germanie
2083 3952 2449 4034 proprium
2483 3973 2726 4016 verum
2776 3955 2982 4015 etiarn

431 4057 755 4121 omnibus
810 4058 1052 4141 regnis
1115 4058 1672 4122 Christianorum
1732 4080 2142 4140 commune,
2209 4073 2285 4122 ut
2356 4080 2533 4141 quos
2590 4080 2730 4123 una
2806 4059 2982 4123 fides

431 4166 833 4246 connexuit,
896 4167 1227 4229 studeant
1274 4178 1345 4229 et
1405 4167 1659 4248 quibus
1721 4177 2019 4249 possunt
2081 4166 2391 4230 consiliis
2458 4167 2757 4230 eandem
2826 4191 2978 4248 pro-

430 4291 755 4354 pugnare
817 4284 888 4336 et
955 4274 1189 4336 tutari.
1302 4275 1415 4336 Ad
1477 4276 1667 4355 quod
1728 4274 1940 4337 etiam
2002 4275 2374 4356 plurimum
2444 4275 2874 4336 conduceret
2922 4275 2982 4339 ¹si

431 4379 752 4441 Helvecii
801 4379 1126 4443 nunctios
1174 4401 1338 4443 suos
1387 4382 1639 4444 eodem
1687 4380 2155 4453 destinarent;
2221 4383 2311 4444 de
2367 4381 2506 4443 illis
2574 4380 2802 4444 sentio»
2866 4383 2978 4463 qui

427 4485 537 4547 his
586 4486 944 4550 erroribus
992 4508 1131 4550 non
1180 4489 1646 4568 adheserunt,
1698 4509 2015 4570 quosque
2077 4490 2324 4551 eadem
2379 4487 2601 4570 pestis
2666 4491 2978 4551 nonnihil

429 4592 610 4655 inter
680 4614 845 4656 suos
903 4593 1185 4657 afflixit:
1238 4596 1364 4657 sed
1414 4604 1579 4657 ante
1628 4594 1862 4657 omnia
1908 4604 2229 4677 putarem
2281 4594 2612 4658 Cesarem
2661 4615 2816 4659 esse
2866 4599 2978 4659 ad-

429 4701 846 4782 ducendum,
898 4702 1086 4782 quod
1113 4710 1356 4782 preter
1386 4702 1544 4764 illos
1575 4701 2023 4765 comissarios
2055 4723 2219 4765 suos
2253 4701 2716 4765 Germanicos
2746 4722 2974 4784 quern-

428 4806 617 4888 piam
665 4808 1036 4889 hispanum
1101 4808 1324 4870 virum
1387 4827 1678 4889 gravem
1743 4818 1816 4871 et
1875 4812 2242 4871 cordatum
2305 4809 2650 4891 mitteret,
2718 4811 2834 4892 qui
2910 4811 2974 4875 in

432 4924 785 4977 conventu
833 4916 990 4996 ipso
1041 4915 1436 4997 explicaret
1483 4936 1708 4997 regna
1753 4916 1874 4978 illa
1922 4916 2451 4998 Hyspaniarum
2501 4917 2970 4980 attrocitatem
