3559 5734
689 560 937 617 sames

170 732 249 776 esse
274 720 494 795 opporteret,
519 712 632 774 verbo
656 722 692 773 et
717 731 826 792 opere
852 708 1086 792 exemplariS,
1113 728 1182 772 non
1207 710 1455 773 scandalorum

168 818 346 899 inventor,
372 840 412 882 ac
437 819 538 901 pacis
561 839 665 900 quam
691 817 852 880 Christus
876 817 910 879 in
937 817 1084 880 Coelum
1108 838 1320 880 ascensurus
1350 827 1454 880 testa·

170 937 291 989 mento
327 947 392 989 suo
427 926 531 989 nobis
555 924 712 1006 reliquit,
748 934 871 986 auctor
897 935 932 987 et
956 942 1098 1006 suasor,
1123 944 1192 987 non
1216 924 1396 987 zinzaniae
1421 936 1457 986 et

169 1033 429 1097 discordiarum
455 1045 561 1114 sator,
587 1033 829 1114 Evangelicae
854 1032 1015 1094 veritatis
1039 1043 1214 1113 assertor,
1247 1052 1318 1094 non
1343 1031 1454 1094 extin-

170 1152 308 1204 ctarum
324 1141 393 1204 iam
418 1141 585 1203 heresum
609 1140 831 1222 importunus
856 1140 1044 1218 excitator,
1070 1140 1181 1202 lorica
1204 1138 1287 1201 fidei
1312 1139 1457 1201 indutus

169 1260 206 1311 et
229 1248 391 1311 veritatis
416 1246 537 1329 gladio
562 1247 760 1325 accinctus,
786 1267 830 1309 ne
856 1256 1010 1309 armatas
1035 1246 1197 1329 legiones
1221 1247 1363 1328 quidem
1388 1245 1455 1308 for·

168 1355 333 1435 midaret,
357 1375 398 1417 ac
424 1363 602 1416 tormenta
626 1363 662 1415 et
678 1353 781 1435 ignes
796 1355 1015 1434 negligeret;
1041 1374 1131 1416 nunc
1148 1374 1235 1416 vero
1250 1354 1456 1434 intelligens

169 1483 277 1544 quam
302 1463 428 1543 gravia
452 1460 683 1540 commiserit,
718 1480 841 1542 parem
865 1459 1024 1541 peccatis
1048 1481 1202 1542 poenam
1226 1461 1339 1540 timet,
1366 1480 1455 1521 eam·

168 1590 240 1651 que
263 1589 405 1650 semper
429 1578 512 1631 ante
537 1569 659 1629 oculos
683 1568 820 1630 versari
855 1575 975 1649 putat,
1012 1577 1047 1629 et
1082 1569 1172 1629 hanc
1209 1567 1317 1630 vitam
1354 1569 1455 1631 relin-

168 1697 282 1759 quere
305 1677 484 1753 lormidat,
510 1674 650 1738 minime
675 1674 833 1757 ignarus,
858 1695 950 1756 quae
975 1675 1152 1756 supplicia
1167 1675 1264 1737 illum
1288 1675 1323 1737 in
1344 1677 1457 1738 altero

169 1786 294 1847 seculo
318 1795 496 1846 maneant.
550 1782 700 1845 Demum
725 1781 825 1864 quasi
850 1802 914 1844 sua
939 1791 975 1844 et
999 1782 1188 1844 Athanasii
1205 1802 1313 1845 causa
1330 1785 1456 1845 eadem

168 1892 226 1972 sit,
259 1912 282 1954 a
307 1890 582 1972 nobis'propter
606 1890 681 1952 eius
705 1889 964 1952 contumaciam
996 1888 1122 1952 merito
1148 1892 1348 1970 damnatus,
1382 1890 1454 1952 Ma·

164 2001 333 2080 jestatem
359 1999 471 2060 Tuam
494 1998 659 2077 invocat,
683 2007 720 2058 et
743 1998 810 2060 sub
840 1996 918 2058 eius
940 1998 1079 2059 alarum
1102 1999 1261 2059 umbram
1286 1996 1456 2078 confugit,

168 2125 280 2186 quern
302 2104 471 2186 Maiestas
496 2106 620 2167 eadem
646 2113 721 2184 tua,
754 2123 824 2167 non
850 2124 896 2166 ex
921 2104 993 2184 his,
1025 2123 1116 2185 quae
1141 2124 1231 2166 nunc
1257 2105 1353 2186 apud
1377 2124 1457 2166 earn

167 2212 263 2275 falso
289 2213 470 2293 mentitur,
494 2212 727 2293 improbeque
753 2211 1005 2290 calumniatur,
1030 2213 1091 2274 sed
1118 2231 1164 2273 ex
1189 2210 1335 2274 nefariis
1358 2211 1454 2273 libel·

167 2319 213 2382 lis
239 2331 364 2382 contra
387 2318 472 2383 fidei
495 2319 683 2382 veritatem
706 2318 742 2381 in
767 2318 947 2400 publicum
970 2318 1084 2397 editis,
1112 2340 1151 2381 ac
1170 2318 1286 2399 impiis
1302 2330 1338 2381 et
1355 2339 1455 2380 scan-

168 2427 305 2490 dalosis
322 2426 398 2488 eius
414 2427 583 2508 operibus
600 2425 812 2506 aestimabit,
838 2435 872 2488 et
887 2426 973 2507 quid
990 2446 1067 2488 cum
1085 2425 1157 2488 suis
1175 2426 1407 2508 complicibus
1423 2435 1458 2487 et

167 2534 384 2615 sequacibus
400 2534 542 2598 sibimet
556 2533 652 2615 ipsis,
677 2533 778 2616 quasi
795 2543 930 2596 statuas
948 2532 1169 2615 erigentibus
1187 2554 1229 2595 uc
1247 2535 1456 2595 sceleratam

168 2641 329 2722 effigiem
353 2661 453 2703 suam
477 2646 584 2703 cartis
608 2640 815 2722 impressam
840 2642 950 2722 vulgo
975 2641 1236 2704 ostentantibus
1255 2661 1324 2703 non
1344 2642 1456 2702 solum

167 2750 344 2810 adversus
369 2768 433 2810 nos
458 2758 494 2810 et
519 2747 648 2810 dictam
673 2748 805 2825 sedem,
831 2748 894 2811 sed
919 2746 1025 2810 etiam
1051 2759 1175 2810 contra
1199 2750 1382 2827 honorem,
1415 2767 1456 2810 ac

167 2864 301 2918 statum
319 2854 549 2919 Celsitudinis
564 2864 646 2917 tuae
664 2855 833 2918 seditiose
858 2855 982 2936 moliri,
1009 2856 1236 2936 maligneque
1261 2855 1457 2918 machinari

167 2975 320 3025 conatus
349 2962 474 3042 fuerit,
506 2983 547 3024 ac
579 2962 685 3024 etiam
717 2982 807 3024 nunc
841 2963 1019 3025 obstinate
1052 2962 1173 3025 conari
1203 2984 1272 3026 non
1298 2964 1457 3042 desistat,

166 3070 322 3150 provide
346 3069 596 3132 considerabit.
638 3069 682 3130 Et
707 3069 800 3132 intra
831 3070 959 3132 mentis
983 3089 1069 3131 suae
1094 3072 1249 3132 archana
1268 3071 1458 3132 revolvens

166 3176 406 3255 justinianum
438 3188 474 3238 et
506 3186 647 3239 sanctos
678 3177 758 3239 illos
783 3177 970 3239 Romanos
1002 3177 1239 3259 Imperatores
1270 3179 1457 3258 predeces-

168 3303 270 3346 sores
294 3303 388 3364 suos,
413 3283 504 3347 inter
529 3283 677 3346 eximias
702 3295 737 3346 et
761 3285 943 3365 preclaras
967 3285 1100 3364 laudes,
1126 3303 1214 3365 quas
1232 3283 1393 3346 maximis
1411 3286 1454 3345 la·

168 3392 318 3453 boribus
346 3401 381 3452 et
410 3390 579 3472 periculis
607 3401 875 3472 compararunt,
909 3392 1000 3452 hanc
1033 3391 1142 3453 veluti
1172 3391 1387 3472 singularem
1415 3413 1456 3453 ac

168 3498 378 3580 precipuam
402 3518 543 3579 semper
560 3500 783 3579 amplexatos
798 3497 917 3578 fuisse,
944 3509 982 3559 ut
1001 3507 1146 3560 exortas
1161 3500 1306 3560 hereses
1323 3498 1458 3559 viribus

168 3605 335 3667 omnihus
366 3605 472 3668 etiarn
505 3607 540 3668 in
568 3604 694 3667 alienis
719 3605 917 3668 Provinciis
942 3616 977 3668 et
1002 3605 1123 3686 regnis
1146 3616 1458 3687 persequerentur,

169 3732 303 3794 easque
327 3711 497 3775 radicitus
522 3712 767 3794 extirparent,
795 3724 830 3774 et
854 3712 1058 3775 Catholicae
1083 3712 1265 3775 Ecclesiae
1291 3712 1456 3775 Christili·

169 3820 301 3882 delium
327 3819 481 3882 omnium
506 3819 613 3882 Matri
636 3840 761 3901 pacem
787 3830 822 3882 et
847 3820 1016 3882 unitatem
1040 3821 1288 3900 restituerent,
1321 3822 1367 3883 ab
1391 3823 1457 3883 hac

171 3926 250 4007 ipsa
273 3927 381 3990 laude
406 3905 495 3987 felii<
528 3947 568 3989 ac
600 3925 753 3989 faustum
776 3926 967 4007 Imperium
999 3947 1099 3990 suum
1130 3927 1386 4009 auspicabitur,
1421 3942 1458 3989 ut

170 4035 251 4096 huic
281 4045 353 4096 tam
384 4031 481 4095 felici
514 4043 549 4095 et
580 4033 764 4114 auspicato
789 4033 890 4096 initio
915 4035 1054 4116 reliqua
1077 4034 1197 4096 divina
1221 4034 1365 4097 favente
1390 4037 1457 4098 cle-

171 4140 304 4203 mentia
328 4140 549 4221 respondere
573 4142 732 4221 valeant,
764 4160 829 4203 nec
856 4160 961 4204 aures
986 4141 1138 4222 illisqui
1163 4162 1240 4204 eam
1266 4145 1310 4204 de
1335 4154 1458 4205 sancto

171 4248 358 4330 proposito
387 4267 451 4309 suo
479 4267 639 4327 movere,
673 4269 714 4310 ac
745 4248 932 4311 diabolicis
962 4248 1097 4311 artibus
1126 4260 1161 4312 et
1192 4250 1331 4312 insidiis
1364 4252 1456 4313 labe·

171 4355 308 4419 factare
339 4368 514 4418 conantur
544 4356 735 4437 prestabit,
767 4358 831 4419 sed
860 4377 923 4419 eos
947 4366 1115 4438 tanquam
1139 4377 1313 4420 venenum
1339 4368 1376 4419 et
1399 4379 1456 4440 pe·

172 4474 261 4525 stem
286 4484 307 4524 a
332 4471 527 4544 conspectu
552 4483 615 4525 suo
640 4462 775 4543 eiiciet,
807 4484 848 4524 ac
873 4462 908 4526 in
934 4463 1111 4526 sententia
1135 4484 1199 4525 sua
1223 4464 1457 4546 permanebit,

172 4581 278 4652 prout
307 4590 385 4632 eam
421 4569 563 4631 omnino
587 4568 760 4632 facturam
786 4582 822 4632 et
846 4591 917 4632 non
942 4579 1013 4632 tam
1038 4582 1193 4632 nostram
1219 4591 1323 4652 quam
1347 4572 1458 4653 ipsius

172 4677 250 4757 Dei,
276 4699 316 4739 ac
342 4685 488 4739 sanctae
512 4675 595 4739 fidei
621 4698 706 4739 suae
730 4697 872 4739 causam
898 4687 1023 4740 contra
1044 4677 1237 4740 Lutherum
1261 4679 1365 4740 istum
1389 4700 1457 4742 om·

173 4804 306 4865 nesque
324 4785 548 4847 Lutheranos
567 4784 652 4846 nihil
677 4795 798 4867 preter
822 4785 1032 4847 seditionem
1058 4793 1094 4846 et
1117 4786 1287 4848 scandala
1310 4806 1455 4867 queren-

172 4903 226 4953 tes
259 4900 501 4974 suscepturam
533 4901 569 4954 et
597 4891 662 4954 nisi
693 4890 928 4974 rescipuerint
959 4892 1096 4979 potenti
1130 4892 1277 4957 brachio
1309 4914 1373 4957 suo
1399 4895 1456 4957 (le-
