3559 5734
769 529 1016 588 0433960*

251 688 379 754 sapere
404 692 443 735 se
466 693 532 755 per
555 676 590 737 la
614 674 710 739 dieta
738 678 815 740 sola
847 680 892 741 de
922 677 1096 741 Possonio
1127 676 1170 741 N.
1200 674 1236 741 S.
1268 676 1369 740 veria
1401 677 1466 741 che
1497 675 1537 741 io

254 798 308 840 me
332 778 551 863 intartenghi
576 803 656 864 qua,
680 786 833 848 essendo
857 805 923 866 per
946 785 1023 849 fare
1047 794 1180 867 quanto
1204 784 1332 866 parere
1348 783 1419 847 aS.
1435 784 1535 857 Bno;

251 904 308 947 ma
331 905 396 967 per
422 904 555 968 quanto
579 909 688 971 posso
712 892 1016 973 comprehendere
1041 913 1111 956 non
1137 891 1239 954 stimo
1265 893 1331 954 che
1354 891 1380 954 li
1408 889 1535 954 arbitri

253 1001 289 1054 et
312 1012 351 1054 re
377 993 411 1055 di
436 995 587 1058 Polonia
618 1018 656 1060 se
690 997 714 1060 li
750 998 890 1061 trovino
924 997 959 1062 in
992 1017 1147 1080 persona
1179 1009 1215 1062 et
1250 997 1537 1061 massimamente

251 1101 318 1162 che
341 1103 455 1164 anche
479 1102 504 1165 il
528 1105 689 1186 principe
715 1106 774 1187 qui
798 1114 853 1169 est
876 1107 956 1168 loco
974 1104 1115 1168 Cesaris
1139 1104 1174 1168 in
1192 1114 1318 1188 questa
1332 1102 1537 1167 differentia

251 1226 323 1268 non
347 1228 385 1270 se
409 1208 434 1270 li
458 1211 600 1273 treveri
625 1212 714 1274 corn'
738 1212 773 1276 io
803 1213 913 1276 eredo
929 1214 1063 1275 anchor
1086 1214 1153 1275 che
1177 1210 1318 1274 innanzi
1342 1214 1376 1273 la
1400 1210 1535 1293 partita

252 1333 316 1378 soa
339 1334 385 1376 ne
409 1317 560 1396 parlassi
585 1337 651 1380 con
677 1317 713 1382 S.
739 1316 831 1382 Ser‘*
856 1318 1125 1382 ricerchandola
1149 1338 1170 1380 a
1194 1317 1329 1381 venirci
1361 1326 1398 1381 ot
1420 1316 1467 1379 mi
1491 1315 1535 1379 ri-

252 1423 449 1501 spondesse
474 1422 509 1486 di
533 1423 624 1487 farlo
649 1434 685 1488 et
707 1428 859 1489 sarebbe
883 1446 949 1508 per
971 1425 1048 1488 fare
1073 1424 1263 1489 voluntieri
1283 1424 1449 1487 havendo
1468 1425 1534 1486 las·

252 1535 330 1590 sata
360 1533 418 1609 qul
445 1533 648 1607 mandama3
681 1553 737 1596 ma
769 1532 937 1614 sogiunse
971 1534 1118 1595 credere
1151 1534 1217 1595 che
1248 1551 1320 1594 non
1355 1532 1535 1612 potrebbe

252 1632 428 1697 ritornare
464 1635 498 1698 in
531 1643 603 1700 cosi
636 1642 747 1702 breve
779 1650 898 1721 tempo
930 1640 1121 1721 pendendo
1156 1648 1281 1721 questo
1309 1638 1445 1700 ritorno
1468 1657 1536 1699 cuo

254 1740 349 1804 dalle
373 1761 456 1804 cose
480 1744 526 1807 de
550 1743 681 1808 Cesare
705 1746 741 1810 in
766 1747 878 1809 ltalia.

343 1881 376 1946 S.
403 1883 565 1949 Sereniti
589 1894 681 1968 partl
707 1889 751 1951 de
776 1886 835 1970 qui
860 1891 894 1951 el
918 1886 953 1950 dl
979 1887 1185 1969 dessignato
1217 1901 1317 1949 corne
1347 1881 1382 1948 io
1415 1883 1535 1947 scrissi

256 1992 322 2054 che
347 1990 384 2053 fu
408 1993 469 2055 alli
493 1991 579 2056 VIII
605 2004 640 2058 et
664 1995 844 2059 trovavasi
867 1995 929 2059 alli
956 1991 1049 2058 XIII
1071 1992 1108 2057 in
1132 1992 1246 2078 Lynz,
1277 1990 1371 2057 onde
1401 2009 1470 2055 non
1498 1990 1536 2053 vi

252 2095 512 2163 intervenendo
537 2102 664 2164 alcuno
689 2099 734 2164 de
758 2101 782 2164 li
806 2102 895 2165 detti
919 2102 954 2164 in
978 2115 1132 2183 persona
1156 2113 1268 2183 penso
1300 2097 1367 2163 che
1390 2097 1535 2162 bastari

254 2203 278 2266 il
302 2204 445 2269 Barone
470 2218 505 2271 et
529 2209 594 2271 che
618 2230 683 2291 per
707 2219 832 2291 questo
858 2229 927 2272 non
953 2208 1006 2272 sia
1029 2201 1232 2271 necessario
1258 2199 1311 2269 ch'
1327 2199 1362 2268 io
1386 2205 1473 2268 resti
1497 2203 1534 2266 in

255 2309 371 2393 quelle
407 2313 500 2394 parti
539 2326 575 2377 et
610 2335 681 2378 non
713 2315 748 2378 di
778 2332 882 2378 meno
917 2323 1008 2378 tutto
1039 2314 1180 2377 rimetto
1210 2309 1244 2380 al
1273 2309 1536 2396 sapientissimo

250 2418 377 2498 juditio
402 2429 438 2482 et
462 2423 583 2486 volere
608 2422 643 2484 di
675 2420 711 2484 S.
741 2421 793 2485 St*
828 2423 900 2485 alla
934 2423 1039 2504 quale
1072 2424 1153 2485 sard
1188 2436 1329 2501 sempre
1364 2433 1464 2481 come
1499 2413 1534 2479 io

256 2525 375 2589 debbo
400 2529 719 2612 obsequentissimo
744 2540 780 2593 et
811 2528 1113 2593 obedientissime
1165 2523 1251 2592 Solo
1285 2523 1450 2589 desidero
1481 2543 1534 2586 sa·

255 2649 341 2712 pere
366 2645 486 2716 presto
510 2636 535 2699 il
559 2638 681 2700 volere
706 2646 741 2701 et
765 2637 1060 2700 comandamento
1084 2635 1120 2697 di
1145 2631 1182 2698 S.
1207 2631 1268 2696 B¹¹⁸
1303 2629 1388 2697 Fecl
1411 2647 1534 2695 recon-

255 2758 335 2801 zare
359 2739 383 2802 il
408 2743 617 2823 soprasritto
642 2745 677 2806 al
701 2745 802 2806 Duca
827 2743 931 2806 Carlo
957 2743 992 2805 di
1025 2737 1182 2805 saxonia
1212 2740 1278 2802 che
1310 2740 1426 2802 dovea
1456 2736 1534 2800 dire

257 2843 425 2927 Georgio,
446 2851 577 2927 perche
602 2851 620 2912 ὲ
638 2850 672 2914 10
689 2850 823 2913 arbitro
847 2848 883 2913 in
909 2857 1032 2932 questa
1057 2867 1164 2911 causa
1179 2856 1216 2911 et
1232 2845 1252 2910 ὲ
1269 2848 1378 2910 molto
1403 2845 1534 2929 meglio

257 2972 329 3034 per
346 2974 465 3016 essere
490 2958 584 3019 buon
611 2958 814 3038 christian0,
839 2969 874 3019 et
897 2956 919 3019 l'
936 2957 1027 3018 altro
1052 2965 1143 3018 tutto
1166 2954 1192 3017 il
1215 2953 1404 3018 contrario,

345 3096 452 3160 liniti
477 3101 532 3162 col
558 3101 656 3163 detto
672 3121 761 3183 gran
778 3100 937 3162 Maestro
962 3098 986 3161 li
1010 3098 1113 3180 primi
1136 3096 1397 3181 ragionamenti
1421 3095 1536 3160 entrai

257 3222 302 3264 ne
327 3205 360 3266 le
385 3225 468 3269 cose
492 3208 676 3271 lutherane
700 3217 736 3270 et
760 3205 900 3271 dolsimi
923 3206 969 3268 de
993 3206 1111 3286 quella
1142 3206 1240 3268 bolla
1269 3203 1360 3266 fatte
1383 3205 1430 3267 da
1454 3204 1537 3286 quel

258 3329 321 3371 suo
340 3331 493 3374 vescovo
511 3313 720 3377 Sambiense
737 3325 772 3377 et
788 3313 1101 3396 particolarmente
1124 3311 1195 3375 feci
1219 3313 1365 3394 querela
1389 3312 1426 3374 di
1445 3320 1536 3375 tutte

259 3419 375 3497 quelle
400 3421 663 3484 exhorbitantie
688 3433 723 3484 et
746 3421 889 3503 impleti
916 3421 982 3482 che
1007 3417 1172 3482 contiene
1197 3437 1267 3479 una
1291 3437 1355 3499 per
1386 3438 1471 3496 una,
1501 3427 1538 3480 et

257 3532 358 3586 tanto
382 3525 534 3590 detestai
559 3530 624 3591 che
643 3529 664 3591 'l
687 3531 840 3592 lassasse
864 3548 910 3589 un
936 3529 984 3589 tal
1009 3545 1073 3588 suo
1099 3526 1232 3606 luogho
1249 3533 1392 3588 tenente
1406 3524 1442 3588 in
1458 3545 1536 3607 pre·

258 3631 372 3693 sentia
396 3634 441 3695 de
465 3643 518 3697 tre
542 3638 671 3718 grandi
694 3636 850 3700 huomini
875 3637 920 3697 de
944 3636 978 3697 la
1002 3653 1064 3695 soa
1087 3632 1262 3715 religione
1295 3641 1331 3695 et
1355 3631 1431 3695 suoi
1455 3652 1536 3695 con·

258 3736 392 3819 siglieri
417 3741 469 3802 ch'
486 3741 520 3803 io
544 3742 590 3805 mi
613 3742 715 3824 parvi
740 3743 886 3805 vederlo
911 3749 1003 3803 tutto
1031 3758 1247 3819 commoss0,
1278 3738 1458 3802 facendoli
1490 3759 1537 3803 un

259 3845 448 3926 gagliardo
473 3847 631 3912 discorso
655 3851 720 3912 che
745 3850 897 3912 sarebbe
921 3850 1030 3911 molto
1054 3848 1163 3928 lungo
1180 3867 1201 3909 a
1218 3846 1420 3927 replicarl0,
1444 3847 1538 3910 onde

259 3951 306 4013 mi
329 3972 511 4033 promesse
546 3955 582 4018 di
617 3955 693 4019 fare
729 3955 814 4038 ogni
847 3976 958 4037 opera
990 3953 1123 4037 perche
1153 3953 1196 4018 N.
1220 3949 1257 4018 S.
1291 3954 1443 4017 andasse
1467 3956 1538 4016 ben

261 4069 429 4122 contento
454 4061 489 4122 di
512 4062 575 4141 lui,
605 4072 641 4126 et
671 4083 736 4146 per
760 4062 971 4126 dimostrare
999 4082 1020 4124 a
1043 4061 1126 4125 tutti
1148 4062 1216 4123 che
1238 4059 1335 4123 fosse
1359 4061 1479 4122 buono
1503 4067 1540 4122 et

202 4227 203 4232 ,
261 4162 367 4226 fidele
391 4165 582 4232 christiano
606 4169 794 4252 Principe,
826 4178 862 4232 et
893 4171 951 4234 nel
974 4168 1087 4251 partir
1111 4187 1175 4231 suo
1199 4176 1327 4249 sponte
1351 4186 1414 4229 sua
1438 4164 1539 4229 strin-

262 4270 432 4351 gendomi
456 4275 491 4335 la
521 4295 626 4338 mano
654 4275 874 4358 replicommi
898 4278 963 4339 che
987 4275 1022 4338 in
1047 4294 1087 4338 re
1110 4275 1298 4338 lutherana
1313 4270 1420 4336 faciet
1444 4274 1541 4354 quod

263 4377 367 4441 decet
391 4380 544 4445 maxime
567 4382 796 4446 christianum
819 4382 1031 4465 principem,
1063 4393 1106 4446 et·
1122 4381 1239 4445 subito
1263 4379 1388 4463 giunto
1412 4400 1435 4442 a
1457 4399 1542 4443 casa

263 4483 342 4546 fece
377 4486 532 4550 scrivere
566 4488 603 4552 in
638 4489 760 4572 lingua
794 4490 968 4553 thodesca
999 4491 1033 4552 al
1069 4489 1168 4551 detto
1200 4507 1263 4550 suo
1299 4485 1469 4568 episcopo
1505 4497 1543 4550 et

265 4592 478 4655 mandommi
502 4614 523 4656 a
546 4605 719 4659 mostrare
742 4598 778 4659 la
801 4596 919 4659 littera
943 4597 987 4658 de
1011 4598 1046 4658 la
1070 4596 1175 4677 quale
1197 4593 1278 4657 fece
1305 4592 1544 4675 interpretare

265 4718 335 4760 uno
361 4701 547 4783 essempi0,
571 4704 605 4765 lo
631 4705 734 4784 quale
758 4701 839 4765 sari
862 4722 931 4765 con
954 4710 1098 4784 queste,
1123 4709 1159 4764 et
1182 4699 1239 4763 chi
1262 4699 1283 4763 l’
1299 4701 1348 4763 ha
1370 4699 1544 4783 interpre-

265 4814 340 4870 tata
364 4806 410 4869 mi
434 4808 513 4875 dice
537 4810 602 4874 che
626 4809 662 4872 in
686 4808 809 4894 lingua
832 4809 850 4871 ἐ
874 4810 984 4873 molto
1009 4816 1135 4871 ornata
1158 4817 1194 4871 et
1218 4801 1377 4871 efficace.
1423 4806 1545 4871 Vede·
