3559 5734
684 578 930 637 &ueste-0

169 732 204 786 et
228 724 376 789 comites
399 726 435 787 vi
458 725 612 789 aufferre
635 734 671 789 et
695 745 872 808 occupare
895 723 1041 789 indubie
1064 724 1270 804 tentabunt,
1296 722 1361 784 nisi
1385 722 1448 784 Vr*
1529 737 1533 745 ’

168 830 238 892 ΒῙῙΙΙι
261 831 301 893 P.
326 832 511 913 oportunis
534 832 700 896 remediis
730 832 799 895 hiis
833 833 935 896 malis
967 852 1071 913 quam
1103 830 1254 894 celerius
1285 837 1449 892 occurrat

169 946 205 1000 et
236 936 441 1020 diligentius
476 941 573 1021 apud
612 938 690 1004 Ces.
720 940 833 1022 ipsam
860 940 947 1004 Mtem
979 937 1153 1003 catholice
1185 947 1220 1000 et
1251 935 1448 1019 apostolice

169 1044 329 1108 Ecclesie
346 1046 560 1110 advocatum
583 1057 678 1129 agat,
703 1058 741 1109 ut
765 1068 830 1111 sua
854 1046 956 1112 Caes.
980 1047 1046 1109 Μ’·
1076 1054 1196 1108 vestre
1212 1042 1448 1107 Beatitudinis

169 1151 303 1215 auxilio
328 1163 364 1216 et
389 1153 535 1216 consilio
566 1154 678 1217 fretus
701 1156 793 1217 hanc
816 1154 1055 1219 hereticorum
1078 1150 1311 1236 pertinaciam
1343 1169 1449 1212 manu

169 1258 253 1321 forti
284 1260 508 1342 comprimat,
539 1261 711 1323 honorem
741 1260 811 1324 Dei
835 1270 870 1324 et
895 1260 973 1325 Ca⁰⁰
999 1258 1083 1322 fidei
1114 1268 1242 1321 statum
1267 1257 1448 1338 defendat,

169 1365 418 1449 publicamque
443 1387 586 1448 pacem,
610 1367 901 1449 tranquillitatem
932 1377 1086 1442 tueatur;
1122 1387 1204 1429 nam
1237 1366 1371 1446 absque
1406 1383 1448 1426 eo

169 1492 287 1555 neque
301 1472 504 1538 innocentia
528 1475 607 1556 ipsa
629 1473 665 1537 in
681 1477 857 1556 reprobos
881 1484 957 1538 tuta
981 1473 1057 1539 erit.
1095 1473 1214 1555 Quare
1231 1472 1303 1534 V⁸¹¹¹
1319 1472 1387 1534 Β0111
1411 1480 1450 1534 ut

169 1600 341 1643 summum
383 1591 418 1643 et
454 1601 541 1645 vere
581 1580 790 1645 Pontificem
831 1583 1033 1645 orthodoxe
1071 1579 1155 1644 fidei
1186 1588 1384 1643 curatorem
1415 1587 1452 1641 et

170 1683 207 1748 S¹
246 1686 344 1749 Petri
381 1707 621 1751 successorem
660 1707 726 1769 pro
773 1688 848 1752 eius
894 1689 930 1752 in
974 1687 1202 1753 christianam
1240 1686 1450 1769 religionem

171 1812 292 1856 amore
317 1804 353 1855 et
382 1794 517 1875 pietate
546 1803 581 1856 et
611 1794 804 1858 animarum
829 1795 984 1859 omnium
1007 1797 1138 1868 salute;
1175 1792 1354 1857 humilime
1387 1811 1451 1854 oro

171 1919 216 1962 ne
241 1899 370 1963 diutius
394 1900 461 1963 hiis
492 1901 802 1968 turbulentissimis
831 1903 939 1964 rebus
970 1921 1110 1965 manum
1141 1920 1341 1982 apponere,
1369 1897 1450 1961 illis-

171 2026 240 2087 que
265 2016 415 2089 pateme
438 2005 573 2069 mederi
597 2007 748 2089 differat,
773 2028 851 2072 cum
875 2028 942 2072 nec
973 2008 1042 2072 alio
1073 2020 1133 2071 aut
1165 2007 1225 2070 via
1251 2016 1313 2070 aut
1346 2007 1451 2068 modo

170 2123 253 2195 post
287 2115 421 2195 Deum,
452 2134 556 2196 quarn
595 2134 660 2196 per
695 2113 835 2178 Cesaris
865 2116 1113 2178 auctoritatem
1136 2113 1213 2178 fieri
1237 2134 1343 2196 posse
1367 2112 1452 2176 mihi

170 2221 277 2302 plane
293 2221 508 2304 persuadeo;
532 2242 613 2284 nam
636 2221 837 2305 pertinaces
851 2221 921 2304 ipsi
937 2223 1052 2285 nullas
1068 2221 1280 2285 monitiones
1296 2219 1453 2301 audiunt,

172 2328 558 2392 excommunicationes
581 2329 699 2392 rident
716 2340 751 2392 et
766 2349 870 2391 omne
886 2329 1070 2392 consilium
1088 2330 1134 2392 ab
1151 2349 1272 2392 eorum
1285 2326 1452 2410 opinione

172 2435 352 2498 diversum
367 2419 472 2517 plane
487 2445 735 2518 aspernantur.
775 2433 848 2498 Sed
870 2437 939 2499 hoc
961 2435 1083 2498 forsan
1106 2435 1247 2518 longius
1272 2454 1377 2517 quam
1400 2454 1452 2497 sa·

170 2541 241 2605 tius
264 2562 350 2624 ago,
385 2561 455 2604 non
489 2543 582 2605 enim
612 2541 697 2605 satis
729 2541 911 2623 explicare
940 2562 1085 2624 possum
1110 2552 1279 2625 quantum
1303 2539 1453 2623 periculi

172 2649 358 2712 animabus
388 2649 515 2712 miselli
547 2648 670 2731 populi
702 2648 874 2731 simulque
899 2649 1061 2712 omnibus
1085 2649 1244 2713 Ecclesie
1269 2648 1453 2712 ordinibus

172 2756 362 2836 immineat,
380 2756 554 2819 undevam
568 2757 635 2818 B⁰¹¹¹
651 2758 717 2819 hec
733 2756 818 2819 boni
836 2758 998 2819 consulat
1013 2756 1119 2819 etiam
1134 2767 1242 2838 atque
1256 2755 1362 2819 etiam
1378 2774 1454 2820 oro,

262 2863 434 2926 Preterea
465 2866 511 2925 ab
539 2862 581 2926 iis
616 2863 675 2944 qui
703 2862 739 2924 in
768 2865 856 2925 urbe
892 2883 970 2928 mea
1001 2862 1147 2942 negotia
1176 2873 1289 2944 agunt
1316 2861 1453 2944 accipio

173 2991 237 3033 nec
263 2970 345 3033 dum
371 2992 390 3034 a
415 2969 464 3030 Va
491 2970 536 3032 Βθ
563 2989 608 3032 ne
631 2969 841 3050 impetrasse
872 2980 912 3032 ut
941 2968 1041 3032 iuxta
1064 2969 1220 3051 priorum
1243 2968 1454 3032 Pontificum

173 3076 327 3156 indulta,
362 3097 428 3158 pro
460 3075 662 3140 conditione
693 3085 806 3140 status
844 3076 913 3139 mei
951 3075 1107 3157 gratiose
1139 3096 1309 3139 concessa
1347 3095 1455 3157 super

173 3183 361 3247 collatione
386 3184 540 3246 omnium
569 3183 822 3246 beneficiorum
852 3183 919 3246 sub
952 3182 1181 3246 ecclesiarum
1213 3202 1370 3246 mearum
1403 3182 1455 3244 di·

174 3290 296 3354 strictu
312 3290 512 3353 vacantium
526 3290 570 3353 V.
594 3289 665 3351 Bm
688 3289 728 3353 P.
752 3288 963 3353 confirmare
986 3289 1140 3353 voluerit
1163 3291 1302 3373 (Rogat
1326 3310 1371 3352 ne
1398 3289 1453 3372 „in

176 3419 213 3460 re
237 3409 310 3460 tam
332 3397 473 3461 modica
496 3395 678 3460 difficilem
701 3416 740 3459 se
763 3393 983 3480 praebeat“).

265 3522 348 3584 Dat.
373 3522 409 3585 in
434 3522 569 3606 oppido
593 3542 672 3584 meo
696 3520 793 3584 Halli
817 3520 876 3584 die
900 3520 984 3585 XII.
1009 3520 1097 3586 Dec.
1121 3518 1320 3585 MDXXV.

918 3662 1051 3725 illene
1070 3663 1149 3717 card.
1168 3611 1348 3727 nonnum
