3559 5734
608 1828 678 1926 llil
711 1829 943 1927 lentorem.

221 2052 327 2133 Quae
351 2053 502 2116 nuncin
528 2056 641 2117 lucem
666 2054 811 2133 edimuS,
836 2055 954 2117 omnia
978 2076 1023 2117 ex
1049 2056 1207 2117 Archivo
1224 2055 1417 2118 secretiore

139 2159 290 2222 Sanctae
332 2162 518 2224 Romanae
552 2162 656 2223 Sedis
695 2172 828 2241 tracta,
860 2163 1001 2242 integra
1039 2173 1074 2224 et
1105 2162 1242 2224 sincera
1276 2164 1417 2232 damus:

138 2287 200 2328 non
226 2269 349 2331 omnia
381 2289 487 2348 nova,
513 2280 669 2330 attamen
695 2270 811 2331 omnia
836 2269 1057 2331 accuratiore
1082 2269 1199 2331 studio
1224 2270 1320 2331 edita
1345 2289 1416 2330 cre·

138 2374 254 2436 dimus.
308 2376 493 2454 Quaedam
518 2377 680 2438 ediderat
695 2377 761 2438 iarn
780 2374 996 2460 Friedrich¹l
1013 2397 1058 2438 ex
1076 2377 1199 2438 codice
1215 2376 1416 2450 tridentin0,

140 2481 188 2542 cui
220 2483 378 2544 fortasse
412 2482 470 2545 ille
504 2483 646 2546 maioris
676 2483 846 2564 ponderis
879 2483 1126 2546 auctoritatem
1160 2484 1282 2545 tribuit
1314 2504 1417 2565 quarn

139 2604 331 2659 mereatur;
373 2589 483 2651 edidit
519 2601 636 2652 tamen
669 2589 754 2652 satis
786 2592 955 2653 mendose
990 2601 1025 2652 et
1053 2591 1279 2673 imperfecte,
1311 2611 1417 2671 quum

140 2698 241 2756 multa
266 2696 303 2757 in
331 2697 454 2758 codice
479 2698 644 2759 deessent
666 2697 770 2758 etiam
790 2697 972 2775 Aleandri,
990 2697 1107 2759 omnia
1124 2696 1417 2759 Vicecancellarii

139 2816 170 2862 nt
193 2804 356 2865 aliorum.
406 2804 587 2883 Quaedam
614 2805 774 2866 ediderat
800 2805 904 2866 etiarn
930 2805 1159 2881 liaemmer2),
1192 2806 1271 2879 sed,
1297 2805 1417 2867 nescio

140 2930 203 2988 quo
228 2912 324 2989 fat0,
359 2912 481 2973 mutila
516 2924 551 2974 ot
576 2922 693 2974 errata
717 2913 876 2993 pluribus
900 2912 934 2973 in
961 2912 1056 2976 locis.
1105 2910 1287 2991 Quaedam
1321 2912 1416 2992 Ray-

140 3020 260 3079 nalrlus
287 3028 324 3078 et
347 3018 405 3079 alii
432 3019 619 3081 ediderant
644 3040 689 3080 ex
714 3020 864 3081 diversis
895 3020 1087 3081 codicibus.
1143 3019 1216 3079 Nos
1248 3040 1291 3079 ex
1325 3018 1417 3080 codi-

141 3125 235 3186 cibus
262 3126 487 3204 authenticis,
513 3147 556 3188 ex
581 3125 810 3210 originalibus
832 3126 972 3207 laisaris,
998 3149 1041 3189 ex
1069 3126 1240 3188 Aleandri
1266 3125 1416 3186 collecti·

141 3233 263 3293 onibus
282 3231 444 3316 propriis
472 3233 585 3317 l'psim
614 3234 771 3297 ianiar‘bns
794 3233 972 3313 arridentia,
992 3232 1215 3317 propriisque·
1238 3232 1346 3294 riculis
1371 3254 1417 3293 rc-

140 3339 217 3401 rn‘sr's
242 3341 364 3402 omnia
387 3341 671 3422 transcripsimus
696 3344 751 3403 vel
777 3353 897 3403 nostra
924 3344 977 3403 vel
1004 3341 1194 3402 amicorum
1221 3360 1340 3421 opera.

225 3447 270 3509 lit
303 3448 417 3527 primo
449 3448 591 3528 quidem
620 3448 756 3511 litteras
790 3450 961 3510 Aleandri
994 3469 1036 3508 ex
1073 3447 1183 3528 ipsius
1208 3445 1418 3508 collectione

142 3555 330 3634 pontificiis
353 3555 537 3617 tabulariis
561 3566 760 3635 asservata,
786 3568 820 3618 et
845 3557 1050 3618 charactere
1075 3555 1221 3635 proprio
1247 3552 1418 3615 Aleandri

141 3672 300 3724 correcta
336 3662 405 3724 illis
441 3663 527 3724 locis
561 3664 595 3724 in
630 3663 756 3743 quibus
799 3662 987 3724 oscitantia
1032 3662 1170 3724 scribae
1209 3663 1418 3741 apparebat,

143 3769 439 3849 transcripsimus.
493 3770 593 3832 llaec
624 3770 787 3831 collectio
812 3769 903 3830 iusto
928 3770 1106 3830 volumine
1137 3768 1352 3844 continetur,
1384 3766 1418 3826 in

143 3877 233 3938 cuius
257 3877 379 3938 fronte
404 3879 492 3939 haec
515 3880 628 3939 verba
652 3879 697 3938 ab
723 3878 907 3939 Aleandro
931 3876 1101 3957 inscripta
1125 3887 1221 3936 sunt:
1249 3872 1420 3957 Epistolae

143 3982 269 4046 ilalt'cae
295 3983 332 4045 rit
353 3982 470 4066 priam
496 4004 566 4045 men
590 3984 752 4067 ligustina·
781 3983 995 4045 (iernnnn'ia.
1044 3983 1120 4044 lloc
1146 3984 1309 4043 volumen
1337 3980 1438 4040 olim*

144 4091 287 4169 primum
316 4090 553 4152 Nunciaturae
577 4090 821 4169 Germanicae,
846 4112 938 4152 nunc
963 4093 1114 4152 habetur
1139 4088 1262 4150 ordine
1288 4088 1325 4151 l„

225 4198 410 4279 Epistulas
433 4219 573 4279 quoque
599 4198 891 4261 Vicecancellarii
917 4219 961 4259 ex
994 4197 1139 4278 proprio
1165 4194 1330 4276 originali
1363 4196 1418 4255 de-

145 4306 361 4388 scripsimu53
410 4306 592 4367 Aleander
638 4306 730 4368 enim
770 4306 941 4389 epistolas
975 4305 1070 4385 ipsas
1106 4303 1268 4385 collegit,
1303 4301 1420 4381 sigilla

145 4414 212 4474 lere
237 4433 381 4493 semper
404 4412 537 4474 intacta
561 4415 736 4494 servavit,
770 4424 805 4474 et
836 4433 954 4474 secum
987 4411 1103 4472 omnia
1137 4410 1315 4483 referens,
1347 4407 1419 4469 Ro·

145 4540 227 4583 mam
252 4521 289 4581 in
316 4518 511 4581 Pontificiis
536 4520 718 4583 tabulariis
743 4531 919 4599 tamquam
945 4539 1059 4580 rerum
1093 4528 1273 4594 ¹uestarum
1302 4535 1419 4576 monu-

212 4738 231 4806 ¹)
252 4743 283 4788 In
305 4738 522 4799 Abhandlungen
542 4738 589 4786 der
607 4735 792 4784 Historischen
812 4735 903 4783 Classe
923 4735 970 4782 der
993 4730 1128 4792 kttniglieh
1150 4729 1325 4794 Bayerischen
1346 4729 1421 4776 Ala-

147 4824 224 4871 demie
243 4824 291 4871 der
311 4820 550 4871 Wissenschalten.
588 4817 684 4866 Eillter
703 4818 786 4869 Band.
825 4816 967 4864 Miinclien.
992 4816 1065 4875 1870.

212 4904 235 4971 ¹)
253 4906 429 4953 Monmnenta
448 4901 577 4949 vaticana.
614 4899 738 4961 Fribnrgi
759 4897 911 4961 Brisgoviae
935 4895 1009 4949 1801.
