3559 5734
817 518 1045 583 afflue-0

292 691 423 752 cesque
455 670 508 731 sui
540 690 629 748 quos
660 666 821 750 possitis,
855 668 980 749 vigore
1006 668 1185 731 facultatis
1209 670 1446 752 inquisitionis
1469 670 1573 732 vobis

292 777 477 841 commisse
503 776 706 858 specialiter
723 775 906 837 nominare
924 785 959 837 et
976 777 1170 855 declarare,
1190 791 1227 839 ut
1242 779 1406 841 similiter
1428 776 1572 859 punian-

292 896 348 947 tur
365 885 421 945 vel
438 884 562 946 saltem
581 884 807 964 expellantur
823 903 868 943 ex
884 891 960 944 tota
975 881 1168 946 Germania
1192 896 1297 967 prout
1317 884 1575 947 conducibilius

293 990 552 1069 existimabitis,
576 990 735 1053 similiter
759 989 990 1072 procedendo
1015 999 1052 1051 ut
1076 991 1178 1053 vobis
1202 992 1380 1055 videbitur
1402 978 1575 1074 expedire

293 1111 417 1162 contra
435 1097 684 1160 universitates
700 1108 736 1159 et
752 1096 905 1176 collegia
923 1116 1166 1179 quaecumque
1182 1100 1380 1179 hujusmodi
1396 1099 1576 1162 erroribus

293 1205 467 1283 faventia,
502 1204 706 1286 specialiter
736 1203 954 1266 declarando
987 1225 1029 1266 ea
1053 1203 1219 1268 incidisse
1244 1206 1279 1268 in
1305 1227 1417 1287 penas
1446 1208 1574 1267 bullae.

294 1313 518 1376 Moderanda
542 1322 659 1375 tamen
684 1312 772 1373 haec
798 1311 916 1373 omnia
941 1311 1043 1373 vobis
1067 1333 1132 1394 per
1152 1315 1309 1376 locorum
1328 1324 1362 1376 et
1378 1324 1576 1396 temporum

295 1421 432 1484 ratione
456 1419 697 1501 relinquimus.

384 1528 484 1606 Item,
509 1547 586 1590 cum
612 1526 838 1589 didicerimus
862 1547 928 1607 per
953 1528 1252 1609 chalcographoS,
1277 1528 1388 1590 libros
1412 1526 1577 1590 seminari

295 1636 452 1698 famosos
477 1644 512 1697 et
536 1634 734 1716 injuriosos,
758 1655 799 1697 ac
824 1636 1016 1697 haereseos
1040 1636 1176 1716 plenos,
1202 1635 1283 1698 ideo
1307 1637 1465 1698 locorum
1487 1633 1577 1696 ordi-

297 1743 404 1804 nariis
440 1743 573 1804 bullam
607 1740 868 1804 constitutionis
903 1742 1153 1804 Lateranensis
1187 1742 1337 1805 Concilii
1370 1761 1477 1823 super
1510 1741 1579 1802 hoc

297 1849 491 1928 insinuetis
526 1848 576 1912 eis
607 1869 653 1911 ex
684 1848 933 1911 commissione
967 1850 1070 1911 vobis
1103 1848 1199 1912 facta
1227 1872 1247 1910 a
1272 1850 1357 1912 sede
1382 1847 1580 1930 apostolica

298 1958 524 2038 injungentes
556 1967 594 2018 ut
625 1977 702 2018 eam
734 1967 957 2037 exequantur
991 1968 1025 2019 et
1056 1958 1159 2020 vobis
1188 1957 1321 2019 auxilio
1347 1956 1435 2034 sint,
1470 1954 1581 2016 libros

299 2063 498 2126 Hussiticos
522 2062 714 2144 impres'sos
738 2063 981 2141 comburendi,
1006 2074 1042 2126 et
1065 2064 1164 2142 alios,
1189 2065 1341 2145 scriptos
1359 2073 1483 2125 contra
1497 2061 1581 2125 fidei

299 2171 485 2234 veritatem
510 2190 551 2233 ac
576 2169 671 2233 sedis
706 2170 925 2252 apostolicae
962 2171 1189 2253 dignitatem,
1223 2172 1313 2233 sicut
1345 2183 1399 2233 est
1434 2167 1581 2230 Hutteni

300 2278 451 2360 epistola
475 2276 615 2364 prefixa
638 2277 730 2339 libro
755 2279 936 2359 cujusdam
960 2278 1159 2355 scismatici,
1184 2278 1286 2340 Trias
1311 2288 1347 2340 et
1370 2276 1507 2339 similia.

389 2386 485 2448 Idem
517 2385 576 2447 ubi
602 2384 744 2447 nuntius
776 2396 897 2448 noster
928 2384 1005 2465 erit,
1036 2385 1154 2447 omnia
1187 2384 1290 2446 vobis
1314 2404 1379 2465 per
1402 2405 1467 2446 nos
1491 2403 1583 2444 com·

301 2494 407 2555 missa
430 2492 745 2569 communicabitis
772 2502 807 2555 et
831 2514 874 2555 ea
899 2492 1073 2555 communi
1099 2491 1246 2555 consilio
1271 2503 1307 2553 et
1330 2512 1505 2554 consensu
1523 2510 1569 2551 ex

301 2600 462 2682 pedietis

392 2707 549 2789 Reliqua
580 2709 746 2788 suppleat
779 2707 974 2771 Prudentia
1008 2718 1144 2785 vestra,
1178 2707 1213 2768 in
1248 2727 1317 2787 qua
1351 2708 1429 2767 5¹⁰⁰*
1464 2706 1508 2766 D.
1542 2704 1583 2767 N.

303 2815 458 2878 confidit.

1358 2899 1550 2974 timenda

929 3175 960 3238 5.

415 3298 538 3380 Julius
566 3300 607 3379 de
636 3300 782 3381 Medicis
810 3298 1133 3380 douoauoellarius
1160 3298 1253 3378 Hier.
1283 3297 1472 3377 Altanum.

638 3438 780 3503 (Nuntiat.
798 3438 962 3497 (ismeniae
979 3438 1033 3496 vol.
1053 3437 1083 3496 Ιι.
1101 3437 1146 3496 ful.
1164 3438 1252 3508 t-t.)

761 3553 810 3613 (Ex
828 3553 893 3600 urbe
913 3564 935 3611 3.
960 3554 1022 3600 Dec.
1047 3547 1134 3618 1520.)

469 3667 686 3730 Reverende
712 3668 819 3730 Pater
843 3668 956 3730 amice
980 3667 1027 3729 mi
1050 3666 1257 3748 praecipue!

399 3783 448 3846 lie
465 3786 591 3846 lettere
608 3793 727 3847 vostre
752 3785 797 3847 de
822 3784 869 3846 X.
897 3785 954 3846 del
980 3792 1125 3864 passato
1149 3803 1170 3842 a
1188 3780 1317 3842 Nostro
1331 3778 1485 3859 Signore
1510 3790 1545 3839 et
1570 3798 1591 3836 a

311 3892 367 3954 noi
402 3894 521 3953 hanno
554 3902 696 3972 portato
720 3912 855 3954 summo
879 3892 1033 3973 piacere‚
1067 3892 1134 3952 che
1158 3909 1223 3970 per
1247 3888 1364 3968 quelle
1388 3885 1418 3947 si
1442 3884 1462 3946 e
1486 3905 1590 3945 cono-

312 4000 424 4062 sciuto
457 4008 589 4080 quanta
621 3998 673 4062 sia
697 4010 790 4062 stata
816 4000 836 4061 l'
852 3998 1074 4061 osservantia
1098 4007 1134 4059 et
1156 3997 1239 4059 fede
1264 3995 1299 4057 di
1324 3993 1413 4055 tanti
1439 3990 1593 4073 Segnori

313 4119 347 4170 et
379 4107 414 4168 di
445 4115 537 4168 tutta
570 4108 688 4188 quella
713 4107 864 4169 Natione
898 4105 1165 4187 religiosissima
1188 4123 1292 4166 verso
1317 4103 1351 4162 la
1377 4101 1471 4162 Sede
1497 4100 1592 4179 Apo-

313 4214 437 4277 stolica
469 4224 593 4275 contra
627 4216 708 4296 quel
740 4234 834 4277 novo
860 4212 967 4292 Ario,
1002 4232 1088 4275 over
1119 4211 1301 4273 Maumeth
1328 4210 1393 4270 che
1426 4206 1526 4268 Iddio
1559 4208 1593 4267 lo

313 4321 449 4383 riduchi
482 4343 503 4383 a
534 4321 658 4384 sanita.
720 4321 851 4384 Nostro
883 4320 1037 4401 Signore
1069 4329 1168 4382 certo
1200 4317 1409 4380 commenda
1445 4314 1537 4377 assai
1570 4313 1594 4376 il

314 4429 430 4491 studio
463 4439 499 4492 et
530 4430 613 4492 fede
643 4439 783 4508 vostra,
817 4440 852 4491 et
883 4428 917 4490 in
944 4440 1071 4509 questa
1094 4447 1178 4489 cosa
1201 4434 1296 4487 resta
1319 4423 1366 4485 lin
1392 4421 1451 4503 qui
1477 4422 1510 4482 di
1537 4420 1594 4483 voi

316 4537 529 4599 soddisfatto
554 4559 576 4599 a
600 4537 717 4619 pleno,
742 4539 808 4600 che
834 4537 891 4599 noi
918 4557 962 4598 ne
987 4534 1136 4598 sentimo
1161 4552 1250 4613 gran
1271 4541 1454 4599 contento;
1481 4527 1592 4610 segui-

316 4656 388 4707 tate
420 4665 487 4706 con
518 4645 708 4725 prudentia
741 4657 776 4708 et
806 4645 998 4721 modestia,
1033 4640 1321 4724 persuadendovi
1350 4640 1416 4700 che
1448 4622 1482 4698 in
1509 4635 1596 4698 Celo

316 4763 352 4814 et
376 4751 410 4813 in
437 4763 532 4815 terra
556 4763 672 4816 sarete
695 4763 932 4816 remunerato.
957 4750 1092 4814 Danari
1107 4750 1142 4812 vi
1158 4766 1311 4811 saranno
1327 4742 1464 4808 rimessi
1479 4741 1596 4804 subito

318 4874 353 4923 et
377 4881 446 4927 non
473 4864 632 4927 dubitate
656 4863 692 4924 vi
716 4860 746 4924 si
769 4860 857 4923 lasci
882 4879 1046 4922 mancare
1071 4877 1155 4919 cosa
1177 4852 1377 4918 necessaria
1394 4870 1482 4915 over
1498 4867 1594 4930 espe-
