<?xml version="1.0" encoding="UTF-8"?>
<!DOCTYPE html PUBLIC "-//W3C//DTD XHTML 1.0 Transitional//EN"
    "http://www.w3.org/TR/xhtml1/DTD/xhtml1-transitional.dtd">
<html xmlns="http://www.w3.org/1999/xhtml" xml:lang="en" lang="en">
 <head>
  <title>
</title>
<meta http-equiv="Content-Type" content="text/html;charset=utf-8" />
  <meta name='ocr-system' content='tesseract 3.04.00' />
  <meta name='ocr-capabilities' content='ocr_page ocr_carea ocr_par ocr_line ocrx_word'/>
</head>
<body>
  <div class='ocr_page' id='page_1' title='image "./monumentareform01vatigoog_0086.png"; bbox 0 0 3559 5734; ppageno 0'>
   <div class='ocr_carea' id='block_1_1' title="bbox 833 538 1062 596">
    <p class='ocr_par' dir='ltr' id='par_1_1' title="bbox 833 538 1062 596">
     <span class='ocr_line' id='line_1_1' title="bbox 833 538 1062 596; baseline -0.009 0"><span class='ocrx_word' id='word_1_1' title='bbox 833 538 1062 596; x_wconf 38' lang='lat'>*43588*</span> 
     </span>
    </p>
   </div>
   <div class='ocr_carea' id='block_1_2' title="bbox 303 684 1589 2801">
    <p class='ocr_par' dir='ltr' id='par_1_2' title="bbox 303 684 1589 2801">
     <span class='ocr_line' id='line_1_2' title="bbox 306 684 1589 768; baseline 0 -21"><span class='ocrx_word' id='word_1_2' title='bbox 306 707 375 768; x_wconf 92' lang='lat' dir='ltr'>quo</span> <span class='ocrx_word' id='word_1_3' title='bbox 399 686 480 748; x_wconf 82' lang='lat' dir='ltr'>libri</span> <span class='ocrx_word' id='word_1_4' title='bbox 503 688 680 751; x_wconf 83' lang='lat' dir='ltr'>lutherani</span> <span class='ocrx_word' id='word_1_5' title='bbox 706 687 822 750; x_wconf 90' lang='lat' dir='ltr'>multis</span> <span class='ocrx_word' id='word_1_6' title='bbox 846 687 881 749; x_wconf 89' lang='lat' dir='ltr'>in</span> <span class='ocrx_word' id='word_1_7' title='bbox 905 687 993 751; x_wconf 90' lang='lat' dir='ltr'>locis</span> <span class='ocrx_word' id='word_1_8' title='bbox 1018 697 1098 749; x_wconf 91' lang='lat' dir='ltr'>sunt</span> <span class='ocrx_word' id='word_1_9' title='bbox 1123 684 1307 749; x_wconf 81' lang='lat' dir='ltr'><strong>combusti.</strong></span> <span class='ocrx_word' id='word_1_10' title='bbox 1344 686 1448 748; x_wconf 86' lang='lat' dir='ltr'><strong>Unde</strong></span> <span class='ocrx_word' id='word_1_11' title='bbox 1471 686 1506 748; x_wconf 91' lang='lat' dir='ltr'>in</span> <span class='ocrx_word' id='word_1_12' title='bbox 1525 707 1589 747; x_wconf 88' lang='lat' dir='ltr'>nos</span> 
     </span>
     <span class='ocr_line' id='line_1_3' title="bbox 306 793 1588 874; baseline 0 -19"><span class='ocrx_word' id='word_1_13' title='bbox 306 802 441 857; x_wconf 91' lang='lat' dir='ltr'>tantum</span> <span class='ocrx_word' id='word_1_14' title='bbox 466 804 521 857; x_wconf 90' lang='lat' dir='ltr'>est</span> <span class='ocrx_word' id='word_1_15' title='bbox 545 794 617 857; x_wconf 90' lang='lat' dir='ltr'>odii</span> <span class='ocrx_word' id='word_1_16' title='bbox 650 796 864 858; x_wconf 90' lang='lat' dir='ltr'>concitatum</span> <span class='ocrx_word' id='word_1_17' title='bbox 897 816 919 858; x_wconf 92' lang='lat' dir='ltr'>a</span> <span class='ocrx_word' id='word_1_18' title='bbox 950 794 1140 859; x_wconf 87' lang='lat' dir='ltr'>Germanis</span> <span class='ocrx_word' id='word_1_19' title='bbox 1171 793 1251 873; x_wconf 91' lang='lat' dir='ltr'>tuis,</span> <span class='ocrx_word' id='word_1_20' title='bbox 1280 804 1317 855; x_wconf 93' lang='lat' dir='ltr'>ut</span> <span class='ocrx_word' id='word_1_21' title='bbox 1346 814 1416 856; x_wconf 93' lang='lat' dir='ltr'>non</span> <span class='ocrx_word' id='word_1_22' title='bbox 1451 796 1588 874; x_wconf 84' lang='lat' dir='ltr'>absque</span> 
     </span>
     <span class='ocr_line' id='line_1_4' title="bbox 306 901 1588 983; baseline 0 -20"><span class='ocrx_word' id='word_1_23' title='bbox 306 920 436 982; x_wconf 89' lang='lat' dir='ltr'>magno</span> <span class='ocrx_word' id='word_1_24' title='bbox 469 902 628 983; x_wconf 90' lang='lat' dir='ltr'>periculo</span> <span class='ocrx_word' id='word_1_25' title='bbox 661 901 715 965; x_wconf 90' lang='lat' dir='ltr'>his</span> <span class='ocrx_word' id='word_1_26' title='bbox 746 902 782 965; x_wconf 93' lang='lat' dir='ltr'>in</span> <span class='ocrx_word' id='word_1_27' title='bbox 812 902 901 965; x_wconf 88' lang='lat' dir='ltr'>locis</span> <span class='ocrx_word' id='word_1_28' title='bbox 933 905 1077 982; x_wconf 79' lang='lat' dir='ltr'>degam:</span> <span class='ocrx_word' id='word_1_29' title='bbox 1114 901 1250 964; x_wconf 89' lang='lat' dir='ltr'>obsisto</span> <span class='ocrx_word' id='word_1_30' title='bbox 1274 911 1393 963; x_wconf 90' lang='lat' dir='ltr'>tamen</span> <span class='ocrx_word' id='word_1_31' title='bbox 1418 913 1588 982; x_wconf 90' lang='lat' dir='ltr'>quantum</span> 
     </span>
     <span class='ocr_line' id='line_1_5' title="bbox 305 1007 1588 1090; baseline -0.001 -20"><span class='ocrx_word' id='word_1_32' title='bbox 305 1027 467 1089; x_wconf 88' lang='lat' dir='ltr'>possum,</span> <span class='ocrx_word' id='word_1_33' title='bbox 501 1007 606 1071; x_wconf 91' lang='lat' dir='ltr'>unica</span> <span class='ocrx_word' id='word_1_34' title='bbox 636 1017 772 1072; x_wconf 91' lang='lat' dir='ltr'>tantum</span> <span class='ocrx_word' id='word_1_35' title='bbox 797 1009 1010 1074; x_wconf 84' lang='lat' dir='ltr'>christianae</span> <span class='ocrx_word' id='word_1_36' title='bbox 1034 1008 1179 1090; x_wconf 88' lang='lat' dir='ltr'>pietatis</span> <span class='ocrx_word' id='word_1_37' title='bbox 1204 1019 1239 1070; x_wconf 90' lang='lat' dir='ltr'>et</span> <span class='ocrx_word' id='word_1_38' title='bbox 1263 1007 1445 1090; x_wconf 84' lang='lat' dir='ltr'>religionis</span> <span class='ocrx_word' id='word_1_39' title='bbox 1469 1026 1588 1085; x_wconf 88' lang='lat' dir='ltr'>causa,</span> 
     </span>
     <span class='ocr_line' id='line_1_6' title="bbox 307 1113 1587 1196; baseline -0.001 -20"><span class='ocrx_word' id='word_1_40' title='bbox 307 1135 421 1196; x_wconf 88' lang='lat' dir='ltr'>neque</span> <span class='ocrx_word' id='word_1_41' title='bbox 457 1116 528 1177; x_wconf 90' lang='lat' dir='ltr'>ulla</span> <span class='ocrx_word' id='word_1_42' title='bbox 563 1135 638 1178; x_wconf 90' lang='lat' dir='ltr'>sum</span> <span class='ocrx_word' id='word_1_43' title='bbox 675 1115 879 1179; x_wconf 88' lang='lat' dir='ltr'>discrimina</span> <span class='ocrx_word' id='word_1_44' title='bbox 914 1125 975 1178; x_wconf 91' lang='lat' dir='ltr'>aut</span> <span class='ocrx_word' id='word_1_45' title='bbox 1013 1115 1120 1179; x_wconf 87' lang='lat' dir='ltr'>etiarn</span> <span class='ocrx_word' id='word_1_46' title='bbox 1158 1123 1289 1177; x_wconf 89' lang='lat' dir='ltr'>mortes</span> <span class='ocrx_word' id='word_1_47' title='bbox 1325 1113 1587 1177; x_wconf 85' lang='lat' dir='ltr'>formidaturus.</span> 
     </span>
     <span class='ocr_line' id='line_1_7' title="bbox 306 1220 1587 1304; baseline 0 -22"><span class='ocrx_word' id='word_1_48' title='bbox 306 1220 472 1302; x_wconf 80' lang='lat' dir='ltr'>Quotidie</span> <span class='ocrx_word' id='word_1_49' title='bbox 504 1241 597 1284; x_wconf 88' lang='lat' dir='ltr'>nova</span> <span class='ocrx_word' id='word_1_50' title='bbox 630 1222 687 1284; x_wconf 91' lang='lat' dir='ltr'>hic</span> <span class='ocrx_word' id='word_1_51' title='bbox 717 1224 844 1304; x_wconf 89' lang='lat' dir='ltr'>pluunt</span> <span class='ocrx_word' id='word_1_52' title='bbox 877 1222 1024 1286; x_wconf 88' lang='lat' dir='ltr'>Lutheri</span> <span class='ocrx_word' id='word_1_53' title='bbox 1059 1222 1293 1285; x_wconf 89' lang='lat' dir='ltr'>deliramenta</span> <span class='ocrx_word' id='word_1_54' title='bbox 1329 1232 1364 1283; x_wconf 87' lang='lat' dir='ltr'>et</span> <span class='ocrx_word' id='word_1_55' title='bbox 1400 1222 1587 1284; x_wconf 91' lang='lat' dir='ltr'>multorum</span> 
     </span>
     <span class='ocr_line' id='line_1_8' title="bbox 305 1327 1587 1412; baseline 0.001 -22"><span class='ocrx_word' id='word_1_56' title='bbox 305 1328 453 1391; x_wconf 91' lang='lat' dir='ltr'>aliorum</span> <span class='ocrx_word' id='word_1_57' title='bbox 486 1348 642 1407; x_wconf 88' lang='lat' dir='ltr'>venena,</span> <span class='ocrx_word' id='word_1_58' title='bbox 676 1329 757 1392; x_wconf 89' lang='lat' dir='ltr'>libri</span> <span class='ocrx_word' id='word_1_59' title='bbox 789 1340 979 1412; x_wconf 88' lang='lat' dir='ltr'>praeterea</span> <span class='ocrx_word' id='word_1_60' title='bbox 1003 1329 1131 1393; x_wconf 80' lang='lat' dir='ltr'>famosi</span> <span class='ocrx_word' id='word_1_61' title='bbox 1155 1329 1249 1391; x_wconf 90' lang='lat' dir='ltr'>etin</span> <span class='ocrx_word' id='word_1_62' title='bbox 1275 1349 1331 1390; x_wconf 88' lang='lat' dir='ltr'>me</span> <span class='ocrx_word' id='word_1_63' title='bbox 1355 1327 1587 1411; x_wconf 89' lang='lat' dir='ltr'>potissimum,</span> 
     </span>
     <span class='ocr_line' id='line_1_9' title="bbox 305 1434 1587 1519; baseline -0.001 -23"><span class='ocrx_word' id='word_1_64' title='bbox 305 1434 433 1516; x_wconf 91' lang='lat' dir='ltr'>quibus</span> <span class='ocrx_word' id='word_1_65' title='bbox 461 1446 597 1499; x_wconf 89' lang='lat' dir='ltr'>tantum</span> <span class='ocrx_word' id='word_1_66' title='bbox 632 1440 733 1499; x_wconf 88' lang='lat' dir='ltr'>abest</span> <span class='ocrx_word' id='word_1_67' title='bbox 763 1446 801 1499; x_wconf 91' lang='lat' dir='ltr'>ut</span> <span class='ocrx_word' id='word_1_68' title='bbox 833 1457 980 1501; x_wconf 87' lang='lat' dir='ltr'>movear</span> <span class='ocrx_word' id='word_1_69' title='bbox 1002 1448 1041 1499; x_wconf 91' lang='lat' dir='ltr'>ut</span> <span class='ocrx_word' id='word_1_70' title='bbox 1063 1437 1218 1519; x_wconf 85' lang='lat' dir='ltr'>pessime</span> <span class='ocrx_word' id='word_1_71' title='bbox 1242 1456 1379 1499; x_wconf 90' lang='lat' dir='ltr'>mecum</span> <span class='ocrx_word' id='word_1_72' title='bbox 1404 1444 1520 1497; x_wconf 87' lang='lat' dir='ltr'>actum</span> <span class='ocrx_word' id='word_1_73' title='bbox 1545 1434 1587 1496; x_wconf 90' lang='lat' dir='ltr'>iri</span> 
     </span>
     <span class='ocr_line' id='line_1_10' title="bbox 305 1542 1587 1626; baseline -0.002 -22"><span class='ocrx_word' id='word_1_74' title='bbox 305 1561 518 1623; x_wconf 84' lang='lat' dir='ltr'>cognoscam</span> <span class='ocrx_word' id='word_1_75' title='bbox 542 1542 572 1606; x_wconf 94' lang='lat' dir='ltr'>si</span> <span class='ocrx_word' id='word_1_76' title='bbox 596 1545 642 1605; x_wconf 93' lang='lat' dir='ltr'>ab</span> <span class='ocrx_word' id='word_1_77' title='bbox 666 1543 908 1607; x_wconf 91' lang='lat' dir='ltr'>huiuscemodi</span> <span class='ocrx_word' id='word_1_78' title='bbox 933 1544 1166 1626; x_wconf 90' lang='lat' dir='ltr'>scriptoribus</span> <span class='ocrx_word' id='word_1_79' title='bbox 1190 1544 1372 1615; x_wconf 86' lang='lat' dir='ltr'>laudarer;</span> <span class='ocrx_word' id='word_1_80' title='bbox 1397 1543 1488 1605; x_wconf 89' lang='lat' dir='ltr'>adeo</span> <span class='ocrx_word' id='word_1_81' title='bbox 1506 1555 1587 1604; x_wconf 91' lang='lat' dir='ltr'>sunt</span> 
     </span>
     <span class='ocr_line' id='line_1_11' title="bbox 305 1650 1587 1734; baseline -0.001 -22"><span class='ocrx_word' id='word_1_82' title='bbox 305 1650 423 1713; x_wconf 88' lang='lat' dir='ltr'>omnia</span> <span class='ocrx_word' id='word_1_83' title='bbox 454 1652 561 1732; x_wconf 89' lang='lat' dir='ltr'>plena</span> <span class='ocrx_word' id='word_1_84' title='bbox 592 1650 854 1713; x_wconf 89' lang='lat' dir='ltr'>mendaciorum</span> <span class='ocrx_word' id='word_1_85' title='bbox 880 1663 916 1713; x_wconf 88' lang='lat' dir='ltr'>et</span> <span class='ocrx_word' id='word_1_86' title='bbox 939 1650 1191 1734; x_wconf 83' lang='lat' dir='ltr'>frigidissimae</span> <span class='ocrx_word' id='word_1_87' title='bbox 1216 1650 1412 1712; x_wconf 89' lang='lat' dir='ltr'>calumniae</span> <span class='ocrx_word' id='word_1_88' title='bbox 1437 1670 1507 1732; x_wconf 92' lang='lat' dir='ltr'>qua</span> <span class='ocrx_word' id='word_1_89' title='bbox 1532 1670 1587 1712; x_wconf 91' lang='lat' dir='ltr'>me</span> 
     </span>
     <span class='ocr_line' id='line_1_12' title="bbox 304 1755 1588 1839; baseline -0.002 -20"><span class='ocrx_word' id='word_1_90' title='bbox 304 1757 478 1836; x_wconf 79' lang='lat' dir='ltr'>judaeum</span> <span class='ocrx_word' id='word_1_91' title='bbox 510 1768 571 1820; x_wconf 93' lang='lat' dir='ltr'>aut</span> <span class='ocrx_word' id='word_1_92' title='bbox 600 1778 725 1820; x_wconf 89' lang='lat' dir='ltr'>recens</span> <span class='ocrx_word' id='word_1_93' title='bbox 757 1760 867 1821; x_wconf 90' lang='lat' dir='ltr'>lotum</span> <span class='ocrx_word' id='word_1_94' title='bbox 894 1768 1043 1837; x_wconf 89' lang='lat' dir='ltr'>vocant,</span> <span class='ocrx_word' id='word_1_95' title='bbox 1076 1758 1177 1839; x_wconf 87' lang='lat' dir='ltr'>quasi</span> <span class='ocrx_word' id='word_1_96' title='bbox 1202 1757 1387 1839; x_wconf 85' lang='lat' dir='ltr'>ignoretur</span> <span class='ocrx_word' id='word_1_97' title='bbox 1411 1755 1528 1838; x_wconf 85' lang='lat' dir='ltr'>patria</span> <span class='ocrx_word' id='word_1_98' title='bbox 1552 1766 1588 1818; x_wconf 89' lang='lat' dir='ltr'>et</span> 
     </span>
     <span class='ocr_line' id='line_1_13' title="bbox 303 1862 1588 1947; baseline -0.001 -20"><span class='ocrx_word' id='word_1_99' title='bbox 303 1875 472 1946; x_wconf 90' lang='lat' dir='ltr'>parentes</span> <span class='ocrx_word' id='word_1_100' title='bbox 496 1865 580 1945; x_wconf 89' lang='lat' dir='ltr'>mei,</span> <span class='ocrx_word' id='word_1_101' title='bbox 612 1866 691 1947; x_wconf 92' lang='lat' dir='ltr'>qui,</span> <span class='ocrx_word' id='word_1_102' title='bbox 717 1886 763 1929; x_wconf 85' lang='lat' dir='ltr'>ex</span> <span class='ocrx_word' id='word_1_103' title='bbox 787 1865 1054 1928; x_wconf 89' lang='lat' dir='ltr'>Marchionibus</span> <span class='ocrx_word' id='word_1_104' title='bbox 1078 1864 1220 1927; x_wconf 88' lang='lat' dir='ltr'>Pilosae</span> <span class='ocrx_word' id='word_1_105' title='bbox 1244 1876 1367 1946; x_wconf 87' lang='lat' dir='ltr'>petrae</span> <span class='ocrx_word' id='word_1_106' title='bbox 1392 1865 1427 1926; x_wconf 93' lang='lat' dir='ltr'>in</span> <span class='ocrx_word' id='word_1_107' title='bbox 1453 1862 1588 1926; x_wconf 91' lang='lat' dir='ltr'>Histria</span> 
     </span>
     <span class='ocr_line' id='line_1_14' title="bbox 305 1971 1587 2052; baseline -0.002 -17"><span class='ocrx_word' id='word_1_108' title='bbox 305 1982 340 2035; x_wconf 91' lang='lat' dir='ltr'>et</span> <span class='ocrx_word' id='word_1_109' title='bbox 364 1972 551 2036; x_wconf 89' lang='lat' dir='ltr'>comitibus</span> <span class='ocrx_word' id='word_1_110' title='bbox 574 1972 729 2036; x_wconf 88' lang='lat' dir='ltr'>Leandri</span> <span class='ocrx_word' id='word_1_111' title='bbox 754 1972 940 2050; x_wconf 86' lang='lat' dir='ltr'>oriundus,</span> <span class='ocrx_word' id='word_1_112' title='bbox 972 1982 1032 2035; x_wconf 91' lang='lat' dir='ltr'>aut</span> <span class='ocrx_word' id='word_1_113' title='bbox 1055 1972 1200 2036; x_wconf 87' lang='lat' dir='ltr'>fuissem</span> <span class='ocrx_word' id='word_1_114' title='bbox 1226 1991 1294 2052; x_wconf 89' lang='lat' dir='ltr'>ego</span> <span class='ocrx_word' id='word_1_115' title='bbox 1317 1971 1351 2033; x_wconf 89' lang='lat' dir='ltr'>in</span> <span class='ocrx_word' id='word_1_116' title='bbox 1379 1971 1587 2034; x_wconf 88' lang='lat' dir='ltr'>canonicum</span> 
     </span>
     <span class='ocr_line' id='line_1_15' title="bbox 306 2077 1586 2161; baseline -0.002 -20"><span class='ocrx_word' id='word_1_117' title='bbox 306 2079 538 2143; x_wconf 86' lang='lat' dir='ltr'>Leodiensem</span> <span class='ocrx_word' id='word_1_118' title='bbox 563 2089 729 2161; x_wconf 89' lang='lat' dir='ltr'>receptus</span> <span class='ocrx_word' id='word_1_119' title='bbox 752 2082 906 2161; x_wconf 91' lang='lat' dir='ltr'>probata</span> <span class='ocrx_word' id='word_1_120' title='bbox 930 2078 1035 2141; x_wconf 90' lang='lat' dir='ltr'>etiam</span> <span class='ocrx_word' id='word_1_121' title='bbox 1060 2078 1368 2142; x_wconf 82' lang='lat' dir='ltr'>examinatissimis</span> <span class='ocrx_word' id='word_1_122' title='bbox 1393 2090 1428 2141; x_wconf 91' lang='lat' dir='ltr'>et</span> <span class='ocrx_word' id='word_1_123' title='bbox 1451 2077 1586 2140; x_wconf 85' lang='lat' dir='ltr'>iuratis-</span> 
     </span>
     <span class='ocr_line' id='line_1_16' title="bbox 305 2182 1587 2268; baseline -0.002 -20"><span class='ocrx_word' id='word_1_124' title='bbox 305 2186 400 2248; x_wconf 89' lang='lat' dir='ltr'>simis</span> <span class='ocrx_word' id='word_1_125' title='bbox 433 2186 584 2248; x_wconf 92' lang='lat' dir='ltr'>testibus</span> <span class='ocrx_word' id='word_1_126' title='bbox 614 2207 634 2249; x_wconf 89' lang='lat' dir='ltr'>e</span> <span class='ocrx_word' id='word_1_127' title='bbox 665 2195 817 2268; x_wconf 92' lang='lat' dir='ltr'>quatuor</span> <span class='ocrx_word' id='word_1_128' title='bbox 849 2182 1034 2267; x_wconf 81' lang='lat' dir='ltr'>Capitibus</span> <span class='ocrx_word' id='word_1_129' title='bbox 1067 2185 1268 2260; x_wconf 87' lang='lat' dir='ltr'>nobilitate,</span> <span class='ocrx_word' id='word_1_130' title='bbox 1302 2186 1331 2248; x_wconf 91' lang='lat' dir='ltr'>si</span> <span class='ocrx_word' id='word_1_131' title='bbox 1364 2187 1587 2266; x_wconf 89' lang='lat' dir='ltr'>neophaetus</span> 
     </span>
     <span class='ocr_line' id='line_1_17' title="bbox 306 2292 1586 2374; baseline -0.001 -19"><span class='ocrx_word' id='word_1_132' title='bbox 306 2314 429 2356; x_wconf 88' lang='lat' dir='ltr'>essem.</span> <span class='ocrx_word' id='word_1_133' title='bbox 484 2293 578 2355; x_wconf 86' lang='lat' dir='ltr'>Vide</span> <span class='ocrx_word' id='word_1_134' title='bbox 609 2292 789 2356; x_wconf 88' lang='lat' dir='ltr'>hominum</span> <span class='ocrx_word' id='word_1_135' title='bbox 820 2292 1203 2374; x_wconf 89' lang='lat' dir='ltr'>impudentissimorum</span> <span class='ocrx_word' id='word_1_136' title='bbox 1237 2292 1458 2372; x_wconf 86' lang='lat' dir='ltr'>ineptissima</span> <span class='ocrx_word' id='word_1_137' title='bbox 1494 2311 1586 2354; x_wconf 93' lang='lat' dir='ltr'>com·</span> 
     </span>
     <span class='ocr_line' id='line_1_18' title="bbox 305 2398 1587 2482; baseline -0.002 -20"><span class='ocrx_word' id='word_1_138' title='bbox 305 2415 434 2463; x_wconf 87' lang='lat' dir='ltr'>menta.</span> <span class='ocrx_word' id='word_1_139' title='bbox 473 2399 618 2482; x_wconf 91' lang='lat' dir='ltr'>Alioqui</span> <span class='ocrx_word' id='word_1_140' title='bbox 635 2421 689 2463; x_wconf 91' lang='lat' dir='ltr'>me</span> <span class='ocrx_word' id='word_1_141' title='bbox 709 2401 857 2463; x_wconf 90' lang='lat' dir='ltr'>laudant</span> <span class='ocrx_word' id='word_1_142' title='bbox 880 2421 902 2462; x_wconf 89' lang='lat' dir='ltr'>a</span> <span class='ocrx_word' id='word_1_143' title='bbox 925 2400 1125 2482; x_wconf 88' lang='lat' dir='ltr'>linguarum</span> <span class='ocrx_word' id='word_1_144' title='bbox 1151 2400 1265 2481; x_wconf 87' lang='lat' dir='ltr'>copia,</span> <span class='ocrx_word' id='word_1_145' title='bbox 1291 2399 1470 2462; x_wconf 90' lang='lat' dir='ltr'>literarum</span> <span class='ocrx_word' id='word_1_146' title='bbox 1487 2398 1587 2461; x_wconf 90' lang='lat' dir='ltr'>varia</span> 
     </span>
     <span class='ocr_line' id='line_1_19' title="bbox 306 2506 1586 2589; baseline -0.003 -18"><span class='ocrx_word' id='word_1_147' title='bbox 306 2507 505 2571; x_wconf 86' lang='lat' dir='ltr'>eruditione</span> <span class='ocrx_word' id='word_1_148' title='bbox 530 2506 587 2570; x_wconf 90' lang='lat' dir='ltr'>isti</span> <span class='ocrx_word' id='word_1_149' title='bbox 611 2515 839 2572; x_wconf 86' lang='lat' dir='ltr'>accusatores</span> <span class='ocrx_word' id='word_1_150' title='bbox 862 2506 942 2588; x_wconf 90' lang='lat' dir='ltr'>mei,</span> <span class='ocrx_word' id='word_1_151' title='bbox 970 2527 1040 2588; x_wconf 91' lang='lat' dir='ltr'>qua</span> <span class='ocrx_word' id='word_1_152' title='bbox 1064 2506 1282 2589; x_wconf 88' lang='lat' dir='ltr'>potissimum</span> <span class='ocrx_word' id='word_1_153' title='bbox 1307 2518 1409 2587; x_wconf 88' lang='lat' dir='ltr'>parte</span> <span class='ocrx_word' id='word_1_154' title='bbox 1433 2526 1488 2568; x_wconf 87' lang='lat' dir='ltr'>me</span> <span class='ocrx_word' id='word_1_155' title='bbox 1513 2526 1586 2568; x_wconf 89' lang='lat' dir='ltr'>car-</span> 
     </span>
     <span class='ocr_line' id='line_1_20' title="bbox 305 2613 1587 2697; baseline -0.002 -20"><span class='ocrx_word' id='word_1_156' title='bbox 305 2635 391 2696; x_wconf 88' lang='lat' dir='ltr'>pere</span> <span class='ocrx_word' id='word_1_157' title='bbox 425 2624 601 2697; x_wconf 88' lang='lat' dir='ltr'>poterant.</span> <span class='ocrx_word' id='word_1_158' title='bbox 655 2615 733 2694; x_wconf 90' lang='lat' dir='ltr'>Jam</span> <span class='ocrx_word' id='word_1_159' title='bbox 764 2634 850 2677; x_wconf 90' lang='lat' dir='ltr'>vero</span> <span class='ocrx_word' id='word_1_160' title='bbox 882 2616 927 2677; x_wconf 89' lang='lat' dir='ltr'>de</span> <span class='ocrx_word' id='word_1_161' title='bbox 959 2613 1173 2676; x_wconf 90' lang='lat' dir='ltr'>carminibus</span> <span class='ocrx_word' id='word_1_162' title='bbox 1197 2614 1281 2695; x_wconf 91' lang='lat' dir='ltr'>quid</span> <span class='ocrx_word' id='word_1_163' title='bbox 1306 2613 1426 2677; x_wconf 80' lang='lat' dir='ltr'>dicas?</span> <span class='ocrx_word' id='word_1_164' title='bbox 1473 2613 1587 2693; x_wconf 84' lang='lat' dir='ltr'>Quale</span> 
     </span>
     <span class='ocr_line' id='line_1_21' title="bbox 305 2718 1585 2801; baseline -0.003 -17"><span class='ocrx_word' id='word_1_165' title='bbox 305 2723 356 2785; x_wconf 89' lang='lat' dir='ltr'>sic</span> <span class='ocrx_word' id='word_1_166' title='bbox 379 2722 466 2785; x_wconf 90' lang='lat' dir='ltr'>illud</span> <span class='ocrx_word' id='word_1_167' title='bbox 483 2722 703 2786; x_wconf 89' lang='lat' dir='ltr'>Callinoeum</span> <span class='ocrx_word' id='word_1_168' title='bbox 727 2732 763 2784; x_wconf 89' lang='lat' dir='ltr'>et</span> <span class='ocrx_word' id='word_1_169' title='bbox 786 2741 889 2784; x_wconf 88' lang='lat' dir='ltr'>ovem</span> <span class='ocrx_word' id='word_1_170' title='bbox 915 2721 1083 2784; x_wconf 90' lang='lat' dir='ltr'>simulans</span> <span class='ocrx_word' id='word_1_171' title='bbox 1107 2721 1244 2783; x_wconf 90' lang='lat' dir='ltr'>hostica</span> <span class='ocrx_word' id='word_1_172' title='bbox 1269 2731 1396 2783; x_wconf 89' lang='lat' dir='ltr'>cuncta</span> <span class='ocrx_word' id='word_1_173' title='bbox 1412 2731 1526 2801; x_wconf 90' lang='lat' dir='ltr'>parat,</span> <span class='ocrx_word' id='word_1_174' title='bbox 1549 2718 1585 2781; x_wconf 90' lang='lat' dir='ltr'>in</span> 
     </span>
    </p>
   </div>
   <div class='ocr_carea' id='block_1_3' title="bbox 304 2826 1586 3018">
    <p class='ocr_par' dir='ltr' id='par_1_3' title="bbox 304 2826 1586 3018">
     <span class='ocr_line' id='line_1_22' title="bbox 306 2826 1585 2911; baseline -0.003 -20"><span class='ocrx_word' id='word_1_175' title='bbox 306 2829 403 2892; x_wconf 86' lang='lat' dir='ltr'>cuius</span> <span class='ocrx_word' id='word_1_176' title='bbox 434 2829 551 2911; x_wconf 88' lang='lat' dir='ltr'>capite</span> <span class='ocrx_word' id='word_1_177' title='bbox 583 2830 653 2891; x_wconf 92' lang='lat' dir='ltr'>duo</span> <span class='ocrx_word' id='word_1_178' title='bbox 685 2829 812 2891; x_wconf 91' lang='lat' dir='ltr'>desunt</span> <span class='ocrx_word' id='word_1_179' title='bbox 845 2838 1017 2910; x_wconf 91' lang='lat' dir='ltr'>tempora.</span> <span class='ocrx_word' id='word_1_180' title='bbox 1065 2828 1110 2890; x_wconf 89' lang='lat' dir='ltr'>Et</span> <span class='ocrx_word' id='word_1_181' title='bbox 1134 2829 1284 2891; x_wconf 87' lang='lat' dir='ltr'>alterurn</span> <span class='ocrx_word' id='word_1_182' title='bbox 1316 2826 1434 2890; x_wconf 84' lang='lat' dir='ltr'>exurit</span> <span class='ocrx_word' id='word_1_183' title='bbox 1464 2826 1585 2906; x_wconf 84' lang='lat' dir='ltr'>libros,</span> 
     </span>
     <span class='ocr_line' id='line_1_23' title="bbox 304 2932 1586 3018; baseline -0.002 -20"><span class='ocrx_word' id='word_1_184' title='bbox 304 2937 419 3018; x_wconf 89' lang='lat' dir='ltr'>magis</span> <span class='ocrx_word' id='word_1_185' title='bbox 443 2937 647 2999; x_wconf 86' lang='lat' dir='ltr'>exurendus</span> <span class='ocrx_word' id='word_1_186' title='bbox 670 2945 707 2999; x_wconf 92' lang='lat' dir='ltr'>at</span> <span class='ocrx_word' id='word_1_187' title='bbox 730 2935 817 3017; x_wconf 90' lang='lat' dir='ltr'>ipse.</span> <span class='ocrx_word' id='word_1_188' title='bbox 850 2936 901 2998; x_wconf 87' lang='lat' dir='ltr'>At</span> <span class='ocrx_word' id='word_1_189' title='bbox 924 2936 1099 3018; x_wconf 88' lang='lat' dir='ltr'>particula</span> <span class='ocrx_word' id='word_1_190' title='bbox 1123 2937 1247 3017; x_wconf 85' lang='lat' dir='ltr'>pulcre</span> <span class='ocrx_word' id='word_1_191' title='bbox 1273 2932 1415 2998; x_wconf 89' lang='lat' dir='ltr'>refersit</span> <span class='ocrx_word' id='word_1_192' title='bbox 1431 2933 1586 2997; x_wconf 91' lang='lat' dir='ltr'>hiulcum</span> 
     </span>
    </p>
   </div>
   <div class='ocr_carea' id='block_1_4' title="bbox 304 3063 1588 4945">
    <p class='ocr_par' dir='ltr' id='par_1_4' title="bbox 305 3063 457 3106">
     <span class='ocr_line' id='line_1_24' title="bbox 305 3063 457 3106; baseline 0 0"><span class='ocrx_word' id='word_1_193' title='bbox 305 3063 457 3106; x_wconf 87' lang='lat' dir='ltr'>carmen.</span> 
     </span>
    </p>

    <p class='ocr_par' dir='ltr' id='par_1_5' title="bbox 304 3142 1588 4945">
     <span class='ocr_line' id='line_1_25' title="bbox 411 3142 1586 3229; baseline -0.003 -18"><span class='ocrx_word' id='word_1_194' title='bbox 411 3149 464 3211; x_wconf 89' lang='lat' dir='ltr'>En</span> <span class='ocrx_word' id='word_1_195' title='bbox 489 3149 563 3229; x_wconf 90' lang='lat' dir='ltr'>tibi,</span> <span class='ocrx_word' id='word_1_196' title='bbox 584 3149 668 3212; x_wconf 89' lang='lat' dir='ltr'>Ecci</span> <span class='ocrx_word' id='word_1_197' title='bbox 691 3149 910 3229; x_wconf 86' lang='lat' dir='ltr'>suavissime,</span> <span class='ocrx_word' id='word_1_198' title='bbox 935 3149 1002 3212; x_wconf 90' lang='lat' dir='ltr'>mei</span> <span class='ocrx_word' id='word_1_199' title='bbox 1029 3153 1303 3222; x_wconf 88' lang='lat' dir='ltr'>obtrectatores;</span> <span class='ocrx_word' id='word_1_200' title='bbox 1329 3170 1373 3211; x_wconf 92' lang='lat' dir='ltr'>en</span> <span class='ocrx_word' id='word_1_201' title='bbox 1398 3147 1449 3211; x_wconf 92' lang='lat' dir='ltr'>tui</span> <span class='ocrx_word' id='word_1_202' title='bbox 1473 3142 1586 3210; x_wconf 73' lang='lat' dir='ltr'>diror-</span> 
     </span>
     <span class='ocr_line' id='line_1_26' title="bbox 305 3254 1587 3344; baseline 0.002 -29"><span class='ocrx_word' id='word_1_203' title='bbox 305 3254 515 3337; x_wconf 67' lang='lat' dir='ltr'>rl&#39;pqmiorq‘ag</span> <span class='ocrx_word' id='word_1_204' title='bbox 548 3268 672 3319; x_wconf 88' lang='lat' dir='ltr'>contra</span> <span class='ocrx_word' id='word_1_205' title='bbox 703 3276 791 3338; x_wconf 91' lang='lat' dir='ltr'>quos</span> <span class='ocrx_word' id='word_1_206' title='bbox 825 3256 906 3344; x_wconf 85' lang='lat' dir='ltr'>(nisi</span> <span class='ocrx_word' id='word_1_207' title='bbox 937 3256 1104 3320; x_wconf 89' lang='lat' dir='ltr'>fortiores</span> <span class='ocrx_word' id='word_1_208' title='bbox 1134 3255 1291 3337; x_wconf 89' lang='lat' dir='ltr'>veniant)</span> <span class='ocrx_word' id='word_1_209' title='bbox 1325 3255 1391 3318; x_wconf 89' lang='lat' dir='ltr'>etsi</span> <span class='ocrx_word' id='word_1_210' title='bbox 1415 3275 1485 3318; x_wconf 93' lang='lat' dir='ltr'>non</span> <span class='ocrx_word' id='word_1_211' title='bbox 1510 3274 1587 3317; x_wconf 89' lang='lat' dir='ltr'>sum</span> 
     </span>
     <span class='ocr_line' id='line_1_27' title="bbox 305 3360 1587 3445; baseline -0.003 -19"><span class='ocrx_word' id='word_1_212' title='bbox 305 3384 402 3426; x_wconf 89' lang='lat' dir='ltr'>arma</span> <span class='ocrx_word' id='word_1_213' title='bbox 432 3374 635 3445; x_wconf 89' lang='lat' dir='ltr'>sumpturus</span> <span class='ocrx_word' id='word_1_214' title='bbox 662 3384 767 3445; x_wconf 88' lang='lat' dir='ltr'>quarn</span> <span class='ocrx_word' id='word_1_215' title='bbox 791 3363 827 3425; x_wconf 89' lang='lat' dir='ltr'>in</span> <span class='ocrx_word' id='word_1_216' title='bbox 852 3364 1053 3426; x_wconf 88' lang='lat' dir='ltr'>anniculum</span> <span class='ocrx_word' id='word_1_217' title='bbox 1077 3362 1248 3425; x_wconf 89' lang='lat' dir='ltr'>infantem</span> <span class='ocrx_word' id='word_1_218' title='bbox 1273 3362 1375 3425; x_wconf 88' lang='lat' dir='ltr'>fortis</span> <span class='ocrx_word' id='word_1_219' title='bbox 1399 3360 1526 3443; x_wconf 90' lang='lat' dir='ltr'>aliquis</span> <span class='ocrx_word' id='word_1_220' title='bbox 1551 3370 1587 3422; x_wconf 89' lang='lat' dir='ltr'>et</span> 
     </span>
     <span class='ocr_line' id='line_1_28' title="bbox 305 3470 1586 3552; baseline -0.002 -19"><span class='ocrx_word' id='word_1_221' title='bbox 305 3481 460 3533; x_wconf 89' lang='lat' dir='ltr'>armatus</span> <span class='ocrx_word' id='word_1_222' title='bbox 491 3470 609 3547; x_wconf 86' lang='lat' dir='ltr'>miles,</span> <span class='ocrx_word' id='word_1_223' title='bbox 642 3491 712 3534; x_wconf 87' lang='lat' dir='ltr'>non</span> <span class='ocrx_word' id='word_1_224' title='bbox 745 3474 862 3534; x_wconf 84' lang='lat' dir='ltr'>tamen</span> <span class='ocrx_word' id='word_1_225' title='bbox 895 3492 1033 3552; x_wconf 91' lang='lat' dir='ltr'>sperem</span> <span class='ocrx_word' id='word_1_226' title='bbox 1068 3492 1122 3533; x_wconf 91' lang='lat' dir='ltr'>me</span> <span class='ocrx_word' id='word_1_227' title='bbox 1154 3470 1322 3533; x_wconf 88' lang='lat' dir='ltr'>cohibere</span> <span class='ocrx_word' id='word_1_228' title='bbox 1354 3489 1461 3551; x_wconf 89' lang='lat' dir='ltr'>posse</span> <span class='ocrx_word' id='word_1_229' title='bbox 1488 3488 1586 3531; x_wconf 91' lang='lat' dir='ltr'>meos</span> 
     </span>
     <span class='ocr_line' id='line_1_29' title="bbox 305 3574 1586 3660; baseline -0.001 -22"><span class='ocrx_word' id='word_1_230' title='bbox 305 3596 435 3641; x_wconf 87' lang='lat' dir='ltr'>vernas</span> <span class='ocrx_word' id='word_1_231' title='bbox 459 3577 542 3658; x_wconf 91' lang='lat' dir='ltr'>quin</span> <span class='ocrx_word' id='word_1_232' title='bbox 568 3579 787 3660; x_wconf 88' lang='lat' dir='ltr'>respondant</span> <span class='ocrx_word' id='word_1_233' title='bbox 807 3588 843 3640; x_wconf 90' lang='lat' dir='ltr'>et</span> <span class='ocrx_word' id='word_1_234' title='bbox 859 3579 1101 3660; x_wconf 88' lang='lat' dir='ltr'>hujuscemodi</span> <span class='ocrx_word' id='word_1_235' title='bbox 1120 3578 1306 3658; x_wconf 86' lang='lat' dir='ltr'>mancipia,</span> <span class='ocrx_word' id='word_1_236' title='bbox 1333 3576 1460 3657; x_wconf 91' lang='lat' dir='ltr'>quibus</span> <span class='ocrx_word' id='word_1_237' title='bbox 1476 3574 1586 3657; x_wconf 86' lang='lat' dir='ltr'>digna</span> 
     </span>
     <span class='ocr_line' id='line_1_30' title="bbox 306 3682 1586 3766; baseline -0.002 -20"><span class='ocrx_word' id='word_1_238' title='bbox 306 3697 385 3746; x_wconf 88' lang='lat' dir='ltr'>sunt</span> <span class='ocrx_word' id='word_1_239' title='bbox 418 3683 540 3766; x_wconf 87' lang='lat' dir='ltr'>flagris</span> <span class='ocrx_word' id='word_1_240' title='bbox 572 3683 779 3749; x_wconf 89' lang='lat' dir='ltr'>inscribant.</span> <span class='ocrx_word' id='word_1_241' title='bbox 827 3683 901 3747; x_wconf 89' lang='lat' dir='ltr'>Sed</span> <span class='ocrx_word' id='word_1_242' title='bbox 934 3686 978 3747; x_wconf 89' lang='lat' dir='ltr'>de</span> <span class='ocrx_word' id='word_1_243' title='bbox 1009 3685 1064 3747; x_wconf 91' lang='lat' dir='ltr'>his</span> <span class='ocrx_word' id='word_1_244' title='bbox 1096 3684 1200 3766; x_wconf 85' lang='lat' dir='ltr'>nugis</span> <span class='ocrx_word' id='word_1_245' title='bbox 1225 3687 1306 3765; x_wconf 91' lang='lat' dir='ltr'>plus</span> <span class='ocrx_word' id='word_1_246' title='bbox 1330 3684 1423 3747; x_wconf 87' lang='lat' dir='ltr'>satis.</span> <span class='ocrx_word' id='word_1_247' title='bbox 1472 3682 1586 3762; x_wconf 74' lang='lat' dir='ltr'>Nunc,</span> 
     </span>
     <span class='ocr_line' id='line_1_31' title="bbox 306 3790 1585 3874; baseline -0.002 -20"><span class='ocrx_word' id='word_1_248' title='bbox 306 3791 351 3854; x_wconf 91' lang='lat' dir='ltr'>mi</span> <span class='ocrx_word' id='word_1_249' title='bbox 374 3791 468 3871; x_wconf 86' lang='lat' dir='ltr'>Ecci,</span> <span class='ocrx_word' id='word_1_250' title='bbox 493 3791 575 3873; x_wconf 92' lang='lat' dir='ltr'>quia</span> <span class='ocrx_word' id='word_1_251' title='bbox 600 3791 690 3855; x_wconf 89' lang='lat' dir='ltr'>scire</span> <span class='ocrx_word' id='word_1_252' title='bbox 714 3791 824 3874; x_wconf 71' lang='lat' dir='ltr'>cupis,</span> <span class='ocrx_word' id='word_1_253' title='bbox 850 3792 935 3874; x_wconf 91' lang='lat' dir='ltr'>quid</span> <span class='ocrx_word' id='word_1_254' title='bbox 959 3791 1016 3854; x_wconf 84' lang='lat' dir='ltr'>liic</span> <span class='ocrx_word' id='word_1_255' title='bbox 1040 3802 1177 3872; x_wconf 83' lang='lat' dir='ltr'>agatur,</span> <span class='ocrx_word' id='word_1_256' title='bbox 1206 3792 1297 3854; x_wconf 91' lang='lat' dir='ltr'>scias</span> <span class='ocrx_word' id='word_1_257' title='bbox 1322 3790 1426 3853; x_wconf 89' lang='lat' dir='ltr'>velim</span> <span class='ocrx_word' id='word_1_258' title='bbox 1451 3799 1585 3852; x_wconf 88' lang='lat' dir='ltr'>tantam</span> 
     </span>
     <span class='ocr_line' id='line_1_32' title="bbox 304 3898 1587 3981; baseline -0.002 -20"><span class='ocrx_word' id='word_1_259' title='bbox 304 3899 361 3961; x_wconf 88' lang='lat' dir='ltr'>hic</span> <span class='ocrx_word' id='word_1_260' title='bbox 392 3920 471 3962; x_wconf 90' lang='lat' dir='ltr'>esse</span> <span class='ocrx_word' id='word_1_261' title='bbox 503 3900 643 3981; x_wconf 91' lang='lat' dir='ltr'>copiam</span> <span class='ocrx_word' id='word_1_262' title='bbox 667 3900 949 3963; x_wconf 86' lang='lat' dir='ltr'>Lutheranorum</span> <span class='ocrx_word' id='word_1_263' title='bbox 982 3908 1020 3960; x_wconf 94' lang='lat' dir='ltr'>ut</span> <span class='ocrx_word' id='word_1_264' title='bbox 1051 3917 1120 3960; x_wconf 89' lang='lat' dir='ltr'>non</span> <span class='ocrx_word' id='word_1_265' title='bbox 1143 3898 1305 3961; x_wconf 89' lang='lat' dir='ltr'>homines</span> <span class='ocrx_word' id='word_1_266' title='bbox 1330 3899 1435 3960; x_wconf 91' lang='lat' dir='ltr'>modo</span> <span class='ocrx_word' id='word_1_267' title='bbox 1464 3917 1587 3959; x_wconf 86' lang='lat' dir='ltr'>omnes</span> 
     </span>
     <span class='ocr_line' id='line_1_33' title="bbox 305 4004 1586 4089; baseline -0.001 -22"><span class='ocrx_word' id='word_1_268' title='bbox 305 4006 368 4068; x_wconf 90' lang='lat' dir='ltr'>sed</span> <span class='ocrx_word' id='word_1_269' title='bbox 400 4017 435 4068; x_wconf 90' lang='lat' dir='ltr'>et</span> <span class='ocrx_word' id='word_1_270' title='bbox 465 4005 603 4088; x_wconf 92' lang='lat' dir='ltr'>lapides</span> <span class='ocrx_word' id='word_1_271' title='bbox 635 4015 671 4069; x_wconf 89' lang='lat' dir='ltr'>et</span> <span class='ocrx_word' id='word_1_272' title='bbox 700 4005 799 4089; x_wconf 90' lang='lat' dir='ltr'>ligna</span> <span class='ocrx_word' id='word_1_273' title='bbox 832 4007 1024 4069; x_wconf 89' lang='lat' dir='ltr'>Lutherum</span> <span class='ocrx_word' id='word_1_274' title='bbox 1056 4006 1219 4068; x_wconf 88' lang='lat' dir='ltr'>clament.</span> <span class='ocrx_word' id='word_1_275' title='bbox 1274 4004 1399 4086; x_wconf 82' lang='lat' dir='ltr'>Neque</span> <span class='ocrx_word' id='word_1_276' title='bbox 1431 4005 1475 4066; x_wconf 91' lang='lat' dir='ltr'>de</span> <span class='ocrx_word' id='word_1_277' title='bbox 1507 4025 1586 4086; x_wconf 91' lang='lat' dir='ltr'>pro·</span> 
     </span>
     <span class='ocr_line' id='line_1_34' title="bbox 306 4110 1586 4196; baseline -0.004 -20"><span class='ocrx_word' id='word_1_278' title='bbox 306 4114 433 4195; x_wconf 92' lang='lat' dir='ltr'>phanis</span> <span class='ocrx_word' id='word_1_279' title='bbox 457 4114 599 4195; x_wconf 88' lang='lat' dir='ltr'>mirum,</span> <span class='ocrx_word' id='word_1_280' title='bbox 633 4135 738 4196; x_wconf 91' lang='lat' dir='ltr'>quum</span> <span class='ocrx_word' id='word_1_281' title='bbox 764 4114 970 4176; x_wconf 87' lang='lat' dir='ltr'>sacerdotes</span> <span class='ocrx_word' id='word_1_282' title='bbox 995 4112 1061 4194; x_wconf 91' lang='lat' dir='ltr'>ipsi</span> <span class='ocrx_word' id='word_1_283' title='bbox 1087 4111 1213 4175; x_wconf 91' lang='lat' dir='ltr'>sintin</span> <span class='ocrx_word' id='word_1_284' title='bbox 1239 4114 1306 4174; x_wconf 87' lang='lat' dir='ltr'>hac</span> <span class='ocrx_word' id='word_1_285' title='bbox 1332 4111 1408 4174; x_wconf 90' lang='lat' dir='ltr'>acie</span> <span class='ocrx_word' id='word_1_286' title='bbox 1433 4110 1586 4194; x_wconf 91' lang='lat' dir='ltr'>primipi-</span> 
     </span>
     <span class='ocr_line' id='line_1_35' title="bbox 305 4217 1587 4302; baseline -0.003 -19"><span class='ocrx_word' id='word_1_287' title='bbox 305 4224 413 4301; x_wconf 92' lang='lat' dir='ltr'>lares,</span> <span class='ocrx_word' id='word_1_288' title='bbox 437 4241 507 4284; x_wconf 89' lang='lat' dir='ltr'>non</span> <span class='ocrx_word' id='word_1_289' title='bbox 532 4232 619 4302; x_wconf 92' lang='lat' dir='ltr'>tam,</span> <span class='ocrx_word' id='word_1_290' title='bbox 644 4232 681 4283; x_wconf 93' lang='lat' dir='ltr'>ut</span> <span class='ocrx_word' id='word_1_291' title='bbox 706 4221 862 4284; x_wconf 90' lang='lat' dir='ltr'>Luthero</span> <span class='ocrx_word' id='word_1_292' title='bbox 895 4220 1042 4284; x_wconf 86' lang='lat' dir='ltr'>foveant</span> <span class='ocrx_word' id='word_1_293' title='bbox 1068 4218 1314 4299; x_wconf 84' lang='lat' dir='ltr'>(perniciosum</span> <span class='ocrx_word' id='word_1_294' title='bbox 1344 4219 1411 4280; x_wconf 90' lang='lat' dir='ltr'>hoc</span> <span class='ocrx_word' id='word_1_295' title='bbox 1436 4217 1587 4280; x_wconf 91' lang='lat' dir='ltr'>hominis</span> 
     </span>
     <span class='ocr_line' id='line_1_36' title="bbox 306 4325 1585 4413; baseline -0.004 -22"><span class='ocrx_word' id='word_1_296' title='bbox 306 4327 513 4413; x_wconf 88' lang='lat' dir='ltr'>monstrum)</span> <span class='ocrx_word' id='word_1_297' title='bbox 537 4349 642 4410; x_wconf 92' lang='lat' dir='ltr'>quarn</span> <span class='ocrx_word' id='word_1_298' title='bbox 668 4339 705 4390; x_wconf 91' lang='lat' dir='ltr'>ut</span> <span class='ocrx_word' id='word_1_299' title='bbox 730 4348 795 4410; x_wconf 90' lang='lat' dir='ltr'>per</span> <span class='ocrx_word' id='word_1_300' title='bbox 811 4327 1004 4389; x_wconf 88' lang='lat' dir='ltr'>Lutherum</span> <span class='ocrx_word' id='word_1_301' title='bbox 1029 4326 1200 4409; x_wconf 91' lang='lat' dir='ltr'>quidquid</span> <span class='ocrx_word' id='word_1_302' title='bbox 1224 4326 1353 4388; x_wconf 87' lang='lat' dir='ltr'>veneni</span> <span class='ocrx_word' id='word_1_303' title='bbox 1379 4325 1438 4387; x_wconf 92' lang='lat' dir='ltr'>diu</span> <span class='ocrx_word' id='word_1_304' title='bbox 1463 4345 1585 4387; x_wconf 86' lang='lat' dir='ltr'>conce·</span> 
     </span>
     <span class='ocr_line' id='line_1_37' title="bbox 305 4431 1588 4517; baseline -0.005 -18"><span class='ocrx_word' id='word_1_305' title='bbox 305 4450 434 4517; x_wconf 90' lang='lat' dir='ltr'>perunt</span> <span class='ocrx_word' id='word_1_306' title='bbox 466 4436 501 4499; x_wconf 92' lang='lat' dir='ltr'>in</span> <span class='ocrx_word' id='word_1_307' title='bbox 533 4435 669 4498; x_wconf 89' lang='lat' dir='ltr'>Urbem</span> <span class='ocrx_word' id='word_1_308' title='bbox 696 4435 849 4497; x_wconf 89' lang='lat' dir='ltr'>Romam</span> <span class='ocrx_word' id='word_1_309' title='bbox 884 4445 920 4496; x_wconf 92' lang='lat' dir='ltr'>et</span> <span class='ocrx_word' id='word_1_310' title='bbox 953 4434 1176 4512; x_wconf 84' lang='lat' dir='ltr'>sacerdotes,</span> <span class='ocrx_word' id='word_1_311' title='bbox 1210 4432 1246 4493; x_wconf 91' lang='lat' dir='ltr'>id</span> <span class='ocrx_word' id='word_1_312' title='bbox 1277 4453 1368 4494; x_wconf 91' lang='lat' dir='ltr'>nunc</span> <span class='ocrx_word' id='word_1_313' title='bbox 1402 4431 1588 4495; x_wconf 84' lang='lat' dir='ltr'>effundant</span> 
     </span>
     <span class='ocr_line' id='line_1_38' title="bbox 305 4537 1587 4622; baseline -0.003 -18"><span class='ocrx_word' id='word_1_314' title='bbox 305 4553 403 4606; x_wconf 89' lang='lat' dir='ltr'>tanta</span> <span class='ocrx_word' id='word_1_315' title='bbox 427 4542 590 4622; x_wconf 85' lang='lat' dir='ltr'>vesania,</span> <span class='ocrx_word' id='word_1_316' title='bbox 625 4551 663 4604; x_wconf 92' lang='lat' dir='ltr'>ut</span> <span class='ocrx_word' id='word_1_317' title='bbox 692 4540 759 4605; x_wconf 91' lang='lat' dir='ltr'>nisi</span> <span class='ocrx_word' id='word_1_318' title='bbox 784 4541 917 4605; x_wconf 87' lang='lat' dir='ltr'>Caesar</span> <span class='ocrx_word' id='word_1_319' title='bbox 948 4542 1100 4603; x_wconf 90' lang='lat' dir='ltr'>omnium</span> <span class='ocrx_word' id='word_1_320' title='bbox 1132 4539 1331 4602; x_wconf 89' lang='lat' dir='ltr'>mortalium</span> <span class='ocrx_word' id='word_1_321' title='bbox 1364 4537 1518 4621; x_wconf 89' lang='lat' dir='ltr'>optimus</span> <span class='ocrx_word' id='word_1_322' title='bbox 1552 4552 1587 4600; x_wconf 89' lang='lat' dir='ltr'>et</span> 
     </span>
     <span class='ocr_line' id='line_1_39' title="bbox 305 4645 1587 4733; baseline -0.003 -21"><span class='ocrx_word' id='word_1_323' title='bbox 305 4648 591 4733; x_wconf 88' lang='lat' dir='ltr'>religiosissimus</span> <span class='ocrx_word' id='word_1_324' title='bbox 615 4653 744 4729; x_wconf 91' lang='lat' dir='ltr'>obstet,</span> <span class='ocrx_word' id='word_1_325' title='bbox 768 4648 1003 4712; x_wconf 88' lang='lat' dir='ltr'>miserandam</span> <span class='ocrx_word' id='word_1_326' title='bbox 1028 4645 1137 4710; x_wconf 90' lang='lat' dir='ltr'>visuri</span> <span class='ocrx_word' id='word_1_327' title='bbox 1153 4667 1272 4709; x_wconf 88' lang='lat' dir='ltr'>sumus</span> <span class='ocrx_word' id='word_1_328' title='bbox 1288 4645 1322 4708; x_wconf 93' lang='lat' dir='ltr'>in</span> <span class='ocrx_word' id='word_1_329' title='bbox 1341 4645 1502 4709; x_wconf 86' lang='lat' dir='ltr'>Ecclesia</span> <span class='ocrx_word' id='word_1_330' title='bbox 1518 4646 1587 4708; x_wconf 87' lang='lat' dir='ltr'>Dei</span> 
     </span>
     <span class='ocr_line' id='line_1_40' title="bbox 306 4753 1586 4836; baseline -0.003 -17"><span class='ocrx_word' id='word_1_331' title='bbox 306 4758 560 4836; x_wconf 87' lang='lat' dir='ltr'>calamitatem,</span> <span class='ocrx_word' id='word_1_332' title='bbox 596 4758 658 4820; x_wconf 90' lang='lat' dir='ltr'>sed</span> <span class='ocrx_word' id='word_1_333' title='bbox 694 4775 773 4820; x_wconf 92' lang='lat' dir='ltr'>cum</span> <span class='ocrx_word' id='word_1_334' title='bbox 809 4774 940 4835; x_wconf 88' lang='lat' dir='ltr'>magno</span> <span class='ocrx_word' id='word_1_335' title='bbox 975 4764 1010 4817; x_wconf 88' lang='lat' dir='ltr'>et</span> <span class='ocrx_word' id='word_1_336' title='bbox 1042 4753 1156 4836; x_wconf 91' lang='lat' dir='ltr'>primo</span> <span class='ocrx_word' id='word_1_337' title='bbox 1190 4754 1449 4816; x_wconf 88' lang='lat' dir='ltr'>Germanorum</span> <span class='ocrx_word' id='word_1_338' title='bbox 1483 4755 1586 4815; x_wconf 92' lang='lat' dir='ltr'>malo.</span> 
     </span>
     <span class='ocr_line' id='line_1_41' title="bbox 307 4860 1588 4945; baseline -0.002 -20"><span class='ocrx_word' id='word_1_339' title='bbox 307 4864 527 4927; x_wconf 85' lang='lat' dir='ltr'>Decreverat</span> <span class='ocrx_word' id='word_1_340' title='bbox 549 4884 664 4945; x_wconf 89' lang='lat' dir='ltr'>nuper</span> <span class='ocrx_word' id='word_1_341' title='bbox 679 4864 811 4927; x_wconf 91' lang='lat' dir='ltr'>Caesar</span> <span class='ocrx_word' id='word_1_342' title='bbox 835 4861 1038 4943; x_wconf 87' lang='lat' dir='ltr'>imperiales</span> <span class='ocrx_word' id='word_1_343' title='bbox 1062 4861 1158 4923; x_wconf 90' lang='lat' dir='ltr'>diras</span> <span class='ocrx_word' id='word_1_344' title='bbox 1182 4860 1218 4922; x_wconf 92' lang='lat' dir='ltr'>in</span> <span class='ocrx_word' id='word_1_345' title='bbox 1234 4860 1427 4922; x_wconf 82' lang='lat' dir='ltr'>Lutherum</span> <span class='ocrx_word' id='word_1_346' title='bbox 1452 4868 1487 4922; x_wconf 92' lang='lat' dir='ltr'>et</span> <span class='ocrx_word' id='word_1_347' title='bbox 1512 4860 1588 4922; x_wconf 91' lang='lat' dir='ltr'>eius</span> 
     </span>
    </p>
   </div>
   <div class='ocr_carea' id='block_1_5' title="bbox 0 0 1784 5734">
    <p class='ocr_par' dir='ltr' id='par_1_6' title="bbox 0 0 1784 5734">
     <span class='ocr_line' id='line_1_42' title="bbox 0 0 1784 5734; baseline 0 0"><span class='ocrx_word' id='word_1_348' title='bbox 0 0 1784 5734; x_wconf 95' lang='lat' dir='ltr'> </span> 
     </span>
    </p>
   </div>
  </div>
 </body>
</html>
