3559 5734
758 552 1005 608 eii-5098*

243 738 320 795 243;
347 738 392 779 ex
417 716 546 780 nostris
571 737 698 779 novem
723 716 841 795 occisi,
867 723 902 777 et
926 736 1015 778 unus
1037 714 1252 795 Capitaneus
1282 705 1524 787 Treverensis,

241 826 322 887 dum
347 826 487 888 incaute
512 824 650 905 quaerit
674 824 824 886 rusticos
849 823 884 884 in
910 841 1054 885 nemore
1079 833 1203 883 contra
1227 822 1358 882 iussum
1384 816 1523 898 Capita·

242 952 408 1011 neorum,
442 934 489 993 ab
517 951 588 993 uno
625 951 670 993 ex
704 929 832 992 nostris
868 950 934 1010 pro
959 935 1089 991 rustico
1115 928 1294 1010 impetitur
1317 926 1524 1001 bombarda,

243 1049 278 1101 et
302 1038 460 1101 moritur.
495 1036 693 1101 Stationem
718 1037 842 1099 habuit
866 1036 926 1099 illo
951 1037 1008 1099 die
1034 1037 1221 1114 exercitus,
1248 1044 1282 1098 et
1298 1043 1469 1115 sequente
1492 1029 1527 1090 in

243 1145 512 1227 Kungshoffen:
538 1146 703 1208 noctibus
727 1155 844 1206 tamen
869 1147 1041 1206 ambabus
1066 1144 1202 1224 equites
1219 1144 1263 1205 ad
1288 1162 1404 1204 arcem
1429 1138 1524 1201 missi

243 1263 332 1332 sunt,
358 1263 395 1314 ut
420 1255 465 1314 ab
491 1252 647 1315 obsessis
672 1252 873 1332 intelligant
898 1271 968 1332 quo
984 1250 1017 1312 in
1037 1259 1131 1312 statu
1156 1261 1237 1312 sunt
1261 1248 1388 1311 omnia.
1421 1246 1525 1308 Unde

244 1360 348 1422 tertia
371 1359 466 1439 Junii
490 1359 524 1421 in
551 1370 655 1421 nocte
680 1358 926 1439 significarunt
952 1361 1038 1419 8000
1056 1358 1264 1420 rusticorum
1290 1357 1420 1418 exiisse
1437 1354 1524 1417 Her·

245 1467 388 1549 bipolim
415 1487 539 1528 versus
563 1467 781 1528 Tauberum:
812 1476 938 1547 quarta
969 1464 1064 1543 Junii
1087 1465 1291 1545 intelligens
1315 1464 1389 1545 liga
1412 1482 1525 1543 prope

244 1596 321 1637 esse
345 1573 414 1635 illis
439 1574 606 1653 occurrit,
632 1573 690 1654 qui
716 1572 915 1635 nescientes
940 1592 1042 1634 cesos
1067 1592 1154 1634 esse·
1177 1571 1285 1635 Otten
1311 1570 1526 1631 Waldenses

246 1682 372 1763 quibus
397 1681 580 1763 suppetias
603 1680 697 1743 ferre
722 1681 908 1757 volebant,
941 1680 1055 1761 primo
1088 1678 1207 1760 itaque
1232 1697 1427 1759 congressu
1452 1677 1525 1738 fun·

245 1790 375 1851 duntur
389 1787 521 1868 rustici,
539 1797 574 1850 et
590 1787 744 1866 fugiunt:
761 1788 912 1849 trecenti
929 1788 963 1848 in
980 1787 1178 1867 proximam
1203 1805 1320 1848 arcem
1346 1805 1457 1866 nuper
1482 1787 1527 1845 ab

248 1896 297 1959 eis
322 1900 540 1958 combustam
565 1894 776 1975 confugiunt
800 1905 835 1956 et
859 1905 930 1955 tam
956 1893 1180 1975 pertinaciter
1215 1914 1253 1955 se
1278 1892 1526 1965 defenderunt,

246 2016 283 2065 ut
308 2024 350 2064 eo
376 2002 434 2064 die
459 2022 529 2065 non
555 2012 866 2082 expugnarentur;
892 2020 1027 2063 summo
1059 2021 1161 2062 mane
1186 2000 1370 2062 tormentis
1391 2018 1526 2061 murum

245 2101 452 2193 freg'erunt,
489 2119 523 2170 et
554 2109 588 2170 vi
614 2108 849 2189 irrumpentes
875 2108 1002 2169 milites
1027 2108 1180 2170 rusticos
1206 2128 1327 2170 omnes
1351 2107 1396 2169 ad
1423 2126 1526 2167 unum

246 2216 476 2279 trucidarunt.
518 2216 557 2277 ln
582 2225 656 2278 toto
685 2217 779 2278 bello
812 2236 990 2297 nunquam
1014 2216 1096 2295 plus
1121 2214 1238 2276 damni
1263 2214 1419 2295 suscepit
1443 2213 1526 2294 liga,

248 2345 326 2386 nam
360 2322 617 2404 quinquaginta
653 2342 699 2385 ex
731 2322 860 2384 nostris
886 2335 968 2384 onte
994 2320 1115 2383 turrim
1154 2324 1371 2399 occubuere,
1407 2323 1528 2401 plures

248 2432 329 2502 laci;
367 2431 511 2511 cognito
549 2441 665 2492 autem
701 2450 746 2491 ex
783 2430 927 2510 captivo
962 2428 1112 2491 rusticos
1147 2430 1266 2509 plures
1298 2428 1332 2489 in
1364 2428 1528 2509 proxima

247 2539 349 2620 sylva
374 2538 527 2616 latitare,
552 2537 731 2618 equitatus
755 2539 891 2619 sylvam
909 2536 1102 2612 circundat,
1120 2535 1248 2598 milites
1263 2536 1527 2617 ingrediuntur:

248 2646 453 2708 ceciderunt
487 2645 520 2705 in
556 2664 714 2722 nemore,
751 2644 785 2706 in
824 2645 911 2705 turri
945 2654 980 2705 et
1013 2662 1208 2724 congressu
1244 2646 1337 2706 ultra
1373 2643 1527 2725 quinque

249 2750 355 2814 millia
380 2750 611 2812 rusticorum:
643 2771 686 2812 eo
711 2752 767 2812 die
793 2749 970 2813 exercitus
1001 2751 1225 2830 Herbipolim
1249 2751 1399 2812 obsedit.
1446 2749 1526 2811 Tre·

250 2879 367 2921 veren.
393 2857 590 2937 Palatinus,
622 2866 658 2919 et
690 2857 923 2938 Herbipolen.
949 2857 1056 2919 fidam
1080 2877 1196 2918 arcem
1222 2858 1460 2935 intraverunt,
1494 2866 1529 2918 et

249 2978 320 3028 tam
344 2966 550 3047 frequentes
574 2966 687 3028 iactus
712 2976 967 3027 tormentorum
998 2986 1042 3027 ex
1069 2966 1192 3027 castris
1217 2975 1322 3027 etex
1350 2984 1431 3027 arce
1456 2963 1527 3024 lue·

250 3084 343 3154 runt,
374 3087 411 3135 ut
442 3072 553 3135 maior
576 3092 660 3154 pars
684 3072 892 3134 rusticorum
918 3083 1022 3134 nocte
1047 3073 1282 3134 dilaberetur:
1313 3082 1414 3134 erant
1438 3071 1528 3133 enim

251 3183 363 3243 adhuc
393 3201 519 3242 norem
546 3179 654 3241 millia
678 3178 887 3241 rusticorum
912 3178 947 3240 in
973 3176 1170 3241 obsidione
1217 3179 1285 3241 Die
1309 3199 1397 3260 ergo
1429 3190 1531 3239 sexta

250 3288 341 3366 Junii
359 3288 456 3349 Urbs
472 3307 537 3367 per
563 3286 776 3348 deditionem
801 3286 899 3347 venit
924 3286 958 3347 in
984 3296 1196 3367 potestatem
1220 3288 1324 3366 ligae,
1349 3287 1442 3347 unde
1468 3287 1529 3346 Ca-

250 3395 412 3476 pitaneus
447 3398 625 3475 generalis
654 3393 749 3475 ligae
773 3393 817 3456 D.
856 3391 1035 3472 Georgius
1071 3393 1219 3474 Dapifer
1258 3394 1301 3454 de
1339 3392 1531 3472 Waltpurg

253 3503 384 3564 Urbem
409 3502 600 3584 ingressus
622 3509 656 3561 et
669 3499 852 3580 Principes
879 3521 924 3561 ex
949 3519 1031 3562 arce
1055 3501 1314 3561 descendentes
1338 3500 1452 3580 primo
1478 3521 1526 3561 se-

251 3618 446 3691 gregarunt
471 3627 592 3670 omnes
617 3607 776 3668 subditos
805 3606 1010 3669 Marchinos
1041 3606 1221 3686 Casimiri,
1251 3627 1340 3688 quos
1373 3607 1418 3669 ad
1451 3627 1530 3668 eum

251 3716 418 3778 miserunt
435 3714 633 3795 puniendos
656 3717 734 3791 1483
751 3714 918 3794 rusticos,
945 3713 1025 3776 dein
1052 3714 1199 3795 aliquot,
1225 3726 1259 3776 et
1284 3724 1422 3776 centum
1448 3735 1528 3776 mox

253 3822 422 3886 decollari
446 3821 627 3898 fecerunt,
661 3820 846 3883 lictoribus
874 3822 1064 3883 mactando
1096 3821 1210 3900 fessis,
1244 3821 1421 3884 adservati
1450 3833 1531 3883 sunt

256 3937 317 4009 700
342 3927 491 4010 captivi,
515 3926 641 4006 reliqui
671 3929 715 3989 ad
747 3928 893 4009 propria
921 3928 1020 3990 abire
1053 3929 1153 4008 iussi,
1178 3949 1331 4011 poenam
1355 3930 1471 4009 ligae,
1497 3940 1532 3992 et

254 4037 482 4099 Dominorum
508 4044 753 4115 expectantes,
777 4055 857 4097 nam
882 4035 932 4097 ita
958 4037 1049 4097 solet
1073 4036 1146 4116 liga
1171 4038 1324 4098 rebelles
1345 4036 1377 4098 in
1395 4035 1533 4099 comuni

254 4143 395 4227 punire,
420 4151 455 4202 et
480 4161 586 4222 super
611 4141 752 4203 residuo
777 4152 938 4204 reservat
962 4161 1113 4222 poenam
1139 4155 1209 4206 tam
1234 4144 1403 4224 corporis,
1428 4163 1531 4223 quam

255 4255 426 4313 bonorum
460 4248 602 4309 domino
636 4246 804 4328 cuiusque
837 4248 915 4311 loci.
972 4249 1015 4310 Et
1051 4250 1133 4328 quia
1164 4271 1296 4313 cuneus
1327 4250 1392 4312 iste
1420 4249 1533 4328 magis

255 4357 487 4421 formidabilis
510 4355 575 4417 fuit
600 4354 765 4434 coeteris,
790 4364 826 4417 et
850 4354 1003 4418 exitialis
1027 4355 1130 4418 Clero
1164 4367 1200 4418 et
1223 4356 1417 4437 nobilitati,
1451 4357 1534 4419 licet

255 4485 366 4547 parvo
394 4464 545 4544 negocio
570 4462 676 4525 fuerit
691 4461 790 4523 fusus
829 4472 864 4523 et
890 4462 1095 4544 dissipatus,
1120 4463 1387 4526 subnotabimus
1412 4464 1533 4526 Mona-

254 4572 362 4635 steria
386 4571 501 4633 diruta
524 4582 559 4631 et
583 4589 684 4631 arces
708 4577 852 4631 exustas
876 4589 918 4631 ac
943 4571 1123 4650 spoliatas,

467 4677 689 4739 Ebracenses
1107 4679 1219 4742 Tores

475 4783 727 4847 Schwartzach
1113 4785 1328 4848 Bildhausen

470 4892 688 4955 Heidenfeld
1113 4892 1244 4955 Vesser
