3559 5734
727 518 972 574 eemluro

203 664 312 728 tensis
325 665 542 729 Clementiae
555 674 592 728 et
605 663 810 728 Sanctitatis
823 666 975 728 Vestrae
993 685 1097 727 aures
1117 667 1270 747 pulsare.
1304 666 1395 730 Nam
1408 687 1487 731 cum

204 775 233 836 is
246 774 408 856 pluribus
418 774 487 835 iam
503 772 604 836 annis
617 772 757 835 fortiter
767 784 892 852 egeret
907 784 1031 836 contra
1043 773 1164 835 hostes
1179 773 1263 837 fidei
1274 774 1488 848 catholicae;

206 882 310 943 nullis
327 900 468 961 quoque
480 878 683 961 pepercerit
694 879 886 959 laboribus,
905 888 958 943 tot
979 900 1017 943 se
1041 881 1249 962 exposuerit
1271 902 1337 963 pro
1350 883 1488 947 honore

205 987 310 1052 Sedis
334 987 566 1068 Apostolicae
591 987 739 1048 tutando
764 1007 881 1049 rerum
906 998 941 1048 et
955 986 1051 1049 vitae
1068 1006 1153 1049 suae
1169 987 1347 1070 periculis,
1372 1010 1487 1072 neque

205 1096 241 1159 in
264 1097 358 1157 hunc
383 1093 477 1156 diem
501 1103 616 1156 cesset
640 1113 706 1174 pro
731 1102 855 1155 sancta
880 1093 1041 1155 Ecclesia
1058 1093 1124 1155 Dei
1142 1094 1304 1176 militare,
1319 1095 1488 1179 indignis·

207 1203 332 1265 simum
359 1212 412 1264 est
430 1199 532 1264 Sedis
556 1200 789 1281 Apostolicae
813 1209 852 1262 ut
875 1221 897 1261 a
921 1220 1096 1282 quoquam
1121 1200 1307 1265 immodice
1336 1202 1371 1265 in
1396 1213 1488 1267 tran·

207 1310 383 1391 quillitate
408 1307 605 1370 studiorum
629 1327 771 1370 suorum
796 1309 1040 1388 perturbetur,
1072 1306 1102 1369 si
1133 1310 1237 1371 modo
1268 1311 1341 1372 ulla
1368 1322 1488 1391 potest

208 1438 286 1480 esse
309 1415 563 1496 tranquillitas,
594 1414 655 1476 ubi
689 1424 864 1496 perpetua
895 1434 1018 1495 pugna
1049 1434 1128 1477 cum
1152 1417 1321 1479 hereticis
1346 1429 1381 1480 et
1404 1416 1489 1482 fidei

207 1534 350 1587 nostrae
385 1522 547 1585 hostibus
584 1520 857 1584 conflictandum
894 1533 957 1584 est.
1019 1520 1241 1604 Conquestus
1279 1536 1396 1588 autem
1435 1535 1489 1589 est

207 1631 321 1711 nobiS,
346 1631 523 1712 quomodo
559 1640 641 1710 post
674 1629 901 1710 impetratum
935 1628 1086 1692 iudicem
1118 1650 1139 1692 a
1171 1630 1206 1692 S.
1242 1631 1285 1694 V.
1317 1632 1352 1695 in
1383 1654 1489 1696 causa

209 1736 391 1820 pensionis
428 1735 610 1799 Ecclesiae
648 1736 881 1817 parrochialis
919 1735 1224 1819 Guntpurgensis,
1261 1740 1488 1803 adversarius

209 1866 291 1908 suus
316 1864 396 1907 eum
421 1846 603 1905 absentem
628 1845 709 1924 (quo
735 1844 766 1905 ei
792 1844 933 1905 sublata
964 1853 1059 1905 esset
1082 1842 1243 1906 defensio
1276 1856 1311 1907 et
1346 1845 1396 1909 sic
1429 1849 1488 1910 do·

209 1955 284 2015 lose
319 1949 530 2014 sententiam
554 1950 708 2030 aliquam
731 1949 766 2011 in
791 1948 910 2011 fictam
946 1950 1202 2013 contumaciam
1236 1956 1488 2035 extorqueret)

209 2060 310 2123 citari
334 2057 486 2120 iudicem
510 2058 630 2119 datum
654 2056 731 2118 sine
755 2076 863 2118 causa
886 2057 1057 2136 revocari,
1083 2068 1118 2120 et
1142 2078 1283 2121 causam
1304 2062 1351 2122 ad
1374 2071 1487 2124 rotam

210 2167 290 2231 Cur.
316 2167 421 2228 Rom.
447 2163 615 2226 committi
648 2165 835 2226 curaverit.
888 2163 967 2225 Non
1002 2165 1203 2227 dubitamus
1233 2177 1350 2230 autem
1382 2166 1418 2233 S.
1444 2170 1487 2232 V.

209 2273 429 2337 intellexisse
454 2281 623 2352 quantum
648 2271 766 2333 damni
790 2271 957 2333 universa
981 2271 1148 2335 nobilitas
1179 2283 1214 2335 et
1246 2285 1341 2336 totus
1365 2275 1489 2340 Clerus

210 2403 255 2444 ex
279 2380 397 2445 heresi
419 2379 623 2442 Lutherana
647 2399 668 2439 a
692 2378 884 2440 rebellibus
910 2390 945 2440 et
968 2378 1151 2441 sediciosis
1176 2382 1368 2462 acceperit:
1393 2386 1489 2464 quod

209 2489 316 2551 iudex
343 2497 476 2569 quanto
501 2485 670 2564 vicinior,
695 2504 738 2548 eo
763 2486 895 2547 certius
919 2506 1115 2568 agnoscere
1138 2487 1279 2568 poterit,
1306 2499 1342 2550 et
1365 2489 1489 2553 iustius

210 2596 426 2677 expendere,
474 2592 579 2668 Unde
604 2591 640 2655 S.
665 2592 710 2654 V.
734 2612 800 2673 pro
825 2595 949 2654 eodem
975 2604 1096 2655 nostro
1130 2591 1225 2656 fideli
1250 2596 1489 2678 supplicamus

209 2714 384 2783 quatenus
408 2700 576 2782 dignetur
606 2698 824 2762 committere
853 2709 892 2760 ut
923 2699 1030 2761 iudex
1060 2700 1157 2780 prius
1192 2693 1223 2762 a'
1248 2699 1284 2766 S.
1313 2703 1352 2765 V.
1386 2707 1489 2766 datus

210 2813 328 2894 (quem
353 2808 430 2870 sine
455 2807 549 2870 omni
564 2805 762 2868 renovabili
778 2825 885 2868 causa
906 2807 1131 2868 adversarius
1153 2808 1297 2891 repulit)
1319 2810 1353 2872 in
1370 2814 1486 2892 cogni-

211 2917 306 2978 tione
323 2935 451 2977 causae
468 2915 651 2995 procedat,
667 2924 727 2975 aut
742 2911 778 2974 S.
796 2912 839 2974 V.
865 2912 970 2975 alicui
995 2914 1133 2994 prelato
1152 2915 1390 2996 Augustensis
1415 2920 1485 2980 dio-

211 3023 301 3086 cesis
337 3042 478 3084 causam
511 3022 556 3084 de
587 3039 680 3083 novo
712 3021 925 3098 committat,
951 3040 1021 3101 quo
1054 3020 1214 3084 iusticiae
1239 3034 1275 3084 et
1298 3025 1487 3105 aequitatis

212 3142 361 3211 utraque
376 3149 461 3212 pars
485 3127 655 3208 suscipiat
671 3130 979 3209 complementum.
1006 3128 1236 3191 Clementiam
1254 3139 1371 3192 tamen
1388 3133 1424 3196 S.
1444 3134 1486 3195 V.

211 3240 354 3300 deceret
387 3246 422 3298 et
454 3238 624 3298 honorem
648 3232 754 3295 Sedis
778 3234 1011 3314 Apostolicae
1035 3247 1202 3315 augeret,
1236 3236 1263 3298 si
1300 3239 1397 3301 litem
1427 3261 1486 3302 ex·

210 3344 405 3426 tinguendo
430 3341 630 3425 praefatum
655 3340 803 3403 Eckium
840 3341 875 3403 S.
903 3341 946 3404 V.
982 3352 1018 3403 et
1051 3341 1133 3406 Sed.
1172 3344 1240 3424 Ap.
1278 3345 1486 3409 servitorem

209 3450 502 3514 officiosissimum
520 3452 566 3510 ab
580 3447 779 3510 huiusmodi
795 3449 965 3511 molestiis
981 3448 1161 3512 liberaret.
1194 3449 1487 3516 Commendamus

209 3579 274 3622 nos
298 3567 333 3620 et
358 3556 514 3619 dominia
544 3564 664 3617 nostra
697 3549 733 3616 S.
758 3554 802 3616 V.
832 3575 936 3635 quam
970 3556 1067 3617 Deus
1096 3576 1223 3638 regere
1254 3578 1295 3620 ac
1331 3559 1487 3641 dirigere

209 3666 376 3746 dignetur
400 3665 445 3726 ad
471 3661 625 3725 Sanctae
649 3661 832 3723 Ecclesiae
857 3661 952 3723 Suae
976 3663 1260 3742 prosperitatem.

298 3773 379 3833 Dat.
410 3769 445 3831 in
480 3768 612 3848 oppido
648 3779 770 3830 nostro
806 3766 997 3829 Monachio
1029 3767 1324 3850 vicesimaquarta
1356 3773 1487 3834 mensis

209 3876 430 3959 Septembris
455 3876 561 3937 Anno
587 3873 719 3936 Salutis
744 3872 966 3936 Christianae
990 3873 1178 3937 Millesimo
1203 3877 1486 3958 quingentesimo

209 3986 376 4048 vicesimo
400 3983 534 4064 quinto.

297 4093 335 4158 E.
361 4090 568 4153 Sanctitatis
592 4090 743 4152 Vestrae
768 4101 803 4151 et
827 4087 930 4151 Sedis
955 4089 1185 4169 Apostolicae

916 4206 1108 4254 Devotissimus
1126 4196 1314 4266 vuilhelmus,

755 4295 849 4342 Comes
868 4296 1000 4357 palatinus
1023 4295 1112 4344 Rheni
1132 4298 1278 4360 Superioris
1297 4307 1321 4345 et
1345 4300 1486 4358 Inferioris,

977 4384 1103 4433 Bavariae
1122 4388 1180 4433 Dux
1200 4395 1251 4438 etc.
