3559 5734
813 534 871 594 [so
910 523 963 597 248
1001 532 1058 594 de

297 682 507 747 executione
532 686 576 748 de
601 687 708 767 quelli
725 686 994 749 venenosissimi
1020 697 1053 748 et
1073 682 1350 768 pestilentissimi
1374 682 1465 747 libri.
1504 680 1574 744 Dio

296 791 421 869 guardi
452 792 477 854 li
509 794 608 876 corpi
633 794 743 857 nostri
776 796 822 857 da
845 815 950 857 mano
976 796 1020 856 de
1043 792 1174 855 inimici
1207 793 1272 853 che
1297 812 1335 853 se
1359 790 1574 853 sforzaremo

296 916 366 959 non
390 898 445 961 far
469 902 560 963 male
585 904 702 981 quello
740 903 804 963 che
829 914 939 981 resta,
976 901 1035 982 poi
1060 901 1126 962 che
1150 920 1217 962 con
1240 899 1361 960 adiuto
1391 898 1435 959 de
1460 896 1529 959 Dio
1553 898 1574 959 ἐ

295 1002 385 1065 fatto
416 1004 444 1067 si
468 1008 561 1070 bene
587 1010 705 1089 quello
738 1010 803 1070 che
827 1010 943 1070 havea
971 1008 1006 1069 in
1031 1028 1069 1069 se
1094 1026 1228 1068 summa
1252 1004 1433 1068 difficult‘a.
1480 1002 1573 1066 Seri·

295 1111 381 1173 verd
406 1114 464 1176 del
489 1122 584 1177 resto
609 1116 654 1176 de
671 1135 765 1178 novo
790 1136 855 1198 per
874 1116 897 1177 il
920 1115 1033 1196 primo
1057 1134 1078 1176 o
1094 1134 1159 1195 per
1175 1124 1309 1194 quest0,
1335 1133 1373 1174 se
1389 1114 1422 1174 el
1439 1111 1574 1174 corrier

294 1239 363 1281 non
388 1231 491 1300 parte
516 1231 641 1301 questa
666 1231 774 1285 notte.
822 1222 864 1284 Li
879 1221 1032 1304 principi
1056 1223 1218 1283 haveano
1243 1219 1441 1282 deliberato
1460 1218 1574 1299 partir

293 1324 429 1388 Lunedi
462 1328 624 1409 proximo
633 1377 642 1408 ,
678 1338 793 1391 tamen
821 1328 952 1391 Caesar
985 1328 1010 1391 ii
1033 1330 1080 1390 ha
1109 1327 1251 1409 pregati
1275 1325 1406 1389 restino
1440 1344 1574 1387 ancora

293 1443 434 1513 quattro
458 1435 575 1516 giorni
601 1456 664 1517 per
691 1457 884 1518 componet
913 1437 1039 1499 alcune
1063 1443 1198 1497 cosette
1223 1435 1288 1495 che
1311 1442 1455 1495 restano
1479 1431 1574 1493 intra

292 1542 378 1605 lor0.
427 1541 465 1602 L’
480 1542 633 1622 Imperio
664 1546 793 1605 manda
816 1543 837 1606 l’
850 1542 982 1605 official
1013 1544 1058 1604 de
1087 1541 1225 1603 Treviri
1256 1540 1403 1602 insieme
1435 1540 1480 1600 ad
1511 1538 1572 1599 doi

291 1647 470 1710 consilieri
505 1651 539 1711 al
567 1649 626 1711 Re
662 1650 952 1713 christianissimo
989 1671 1009 1711 a
1044 1659 1192 1712 trattare
1228 1657 1264 1710 et
1298 1647 1501 1709 confortare
1537 1647 1573 1708 la

290 1774 379 1835 pace
419 1764 473 1817 tra
504 1757 619 1836 questi
659 1757 718 1819 doi
750 1756 984 1838 potentissimi
1018 1756 1168 1838 principi
1200 1754 1309 1817 Cesar
1347 1764 1383 1816 et
1416 1753 1474 1815 lui.
1522 1751 1571 1813 Se

290 1871 415 1942 questo
454 1883 523 1924 non
566 1885 603 1926 se
639 1863 732 1944 fara,
776 1865 797 1926 l'
811 1864 965 1945 Imperio
1007 1866 1054 1926 ha
1091 1862 1326 1925 determinato
1363 1880 1435 1922 non
1471 1861 1572 1921 voler

289 1970 401 2031 lassar
432 1968 509 2031 fare
542 1971 751 2052 despiacere
784 1974 817 2034 al
842 1992 906 2033 suo
931 1972 1162 2053 imperatore,
1199 1990 1268 2032 non
1301 1970 1413 2030 solum
1446 1976 1571 2028 contra

288 2075 395 2137 alium
420 2096 620 2157 quenquam
645 2098 701 2140 ma
725 2098 857 2140 ancora
882 2090 1005 2140 contro
1030 2077 1054 2140 li
1070 2075 1216 2142 Svizari.
1263 2075 1302 2137 lo
1326 2074 1387 2156 piu
1403 2076 1500 2136 volte
1521 2075 1569 2135 ho

288 2181 409 2244 scritto
425 2182 556 2245 Cesare
581 2203 678 2246 esser
693 2184 835 2266 miglior
851 2188 957 2248 homo
983 2187 1047 2246 che
1073 2184 1154 2245 viva
1178 2181 1346 2269 (excepto
1365 2179 1568 2256 Pontifice);

287 2290 414 2352 adesso
448 2290 639 2353 hebbiamo
672 2293 903 2354 connosciuto
938 2302 974 2354 et
996 2293 1142 2372 palpato
1176 2310 1240 2371 per
1265 2289 1363 2352 molti
1394 2288 1496 2371 segni
1530 2286 1569 2368 (li

287 2396 382 2477 quali
413 2417 518 2478 spero
551 2398 701 2461 narrarli
734 2400 867 2481 coram)
905 2401 970 2461 che
1007 2419 1139 2461 senon
1165 2399 1183 2460 ὲ
1215 2400 1248 2460 el
1284 2397 1342 2478 pid
1368 2396 1485 2473 savio,
1521 2396 1570 2456 ha

286 2504 413 2584 pocchi
437 2504 496 2585 piri
523 2505 690 2587 prudenti
714 2517 749 2569 et
773 2507 906 2570 accorti
931 2508 996 2568 che
1021 2506 1069 2568 lui
1094 2506 1129 2568 in
1154 2516 1280 2586 questa
1300 2502 1390 2567 cossi
1407 2501 1568 2585 giovanil

286 2610 353 2689 etit,
379 2613 444 2673 che
462 2612 530 2673 Dio
555 2615 589 2675 el
613 2614 820 2694 mantenghi
844 2635 864 2676 a
889 2616 923 2676 la
948 2612 1148 2695 prosperita
1173 2613 1217 2674 de
1242 2614 1276 2674 la
1294 2609 1568 2673 catholicafede

284 2717 431 2780 insieme
465 2738 531 2780 con
556 2721 590 2782 el
615 2718 680 2782 8¹³⁰
714 2733 749 2783 et
774 2722 817 2784 V.
843 2719 879 2786 S.
905 2721 1026 2783 Reuma
1059 2739 1207 2801 quorum
1235 2720 1347 2801 pedes
1381 2726 1416 2779 et
1441 2737 1567 2778 manus

285 2824 482 2887 deosculor.
528 2824 751 2890 Wormatiae
776 2827 892 2889 XXV
915 2827 1002 2890 Maii
1027 2826 1209 2888 MDXXI.

896 3271 949 3335 97.

615 3396 824 3476 Aleander
855 3395 1228 3476 vicecancellario.

678 3534 850 3604 (Nuntiat
870 3534 1024 3593 German.
1042 3534 1074 3592 L.
1093 3534 1171 3606 156.)

796 3642 850 3714 (26.
869 3646 936 3695 Maii
958 3644 1046 3713 1521.)

370 3780 408 3842 Io
442 3782 548 3842 volea
578 3779 678 3861 quasi
703 3779 895 3842 cominciar
919 3801 940 3842 a
965 3791 1087 3843 cantar
1112 3781 1137 3842 li
1161 3780 1254 3843 versi
1280 3780 1315 3842 di
1340 3778 1470 3842 Ovidio
1495 3782 1563 3842 che

281 3887 430 3969 imparai
457 3890 502 3950 da
521 3897 637 3969 putto.
685 3887 801 3951 Dicite
825 3886 860 3949 io
884 3908 999 3969 paean
1034 3897 1069 3950 et
1093 3887 1127 3950 io
1152 3888 1206 3950 bis
1222 3888 1327 3950 dicite
1343 3907 1476 3968 poean;
1502 3888 1561 3949 de-

280 3995 367 4057 cidit
398 3994 432 4056 in
468 4016 587 4058 casses
618 3996 754 4076 praeda
784 3995 898 4076 petita
930 4016 1045 4069 meos;
1080 4017 1137 4058 ma
1170 3995 1460 4074 recordandomi,
1493 3996 1562 4058 che

280 4101 302 4163 l’
327 4122 438 4183 opera
470 4103 536 4164 che
560 4102 590 4163 si
618 4110 726 4164 tratta
757 4101 970 4182 &religiosa
1006 4112 1041 4165 et
1065 4104 1124 4184 pia
1148 4103 1309 4184 besogna
1338 4122 1492 4165 evacuat
1516 4123 1561 4165 ea

280 4229 372 4290 quae
396 4219 477 4271 sunt
500 4209 649 4290 parvuli,
675 4218 710 4271 et
735 4208 789 4271 dir
813 4229 891 4271 cum
916 4210 950 4270 la
974 4208 1143 4271 celebrita
1159 4208 1194 4270 di
1209 4208 1335 4289 hoggi:
1360 4208 1560 4271 Benedicta

230 4362 234 4370 r
279 4315 325 4378 sit
349 4326 471 4378 sancta
496 4314 661 4392 Trinitas,
685 4325 792 4396 atque
816 4315 969 4378 indivisa
984 4315 1111 4396 unitas,
1137 4315 1383 4378 confitebimur
1407 4315 1450 4396 ei,
1475 4316 1561 4397 quia

279 4419 365 4484 fecit
389 4421 573 4483 nobiscum
598 4421 874 4484 misericordiam
900 4443 1007 4485 suam.
1055 4422 1142 4485 Heri
1158 4442 1205 4503 po
1222 4422 1339 4504 megio
1355 4423 1390 4485 di
1407 4424 1453 4486 ad
1469 4424 1559 4486 hore

280 4536 334 4589 tre
359 4548 420 4590 era
444 4528 529 4589 dato
555 4529 700 4608 ordene,
725 4530 790 4590 che
815 4549 852 4591 se
868 4530 1100 4592 concludesse
1118 4532 1152 4592 la
1167 4529 1272 4609 dieta,
1297 4531 1409 4612 perhd
1426 4534 1560 4595 abona

278 4635 368 4696 hora
403 4635 436 4696 el
460 4631 593 4714 Signor
617 4635 893 4698 Prothonotario
929 4644 965 4698 et
1000 4635 1033 4698 io
1057 4656 1103 4699 ne
1127 4644 1325 4699 attrovamo
1350 4658 1371 4699 a
1395 4638 1558 4720 Palazzo,

279 4748 315 4802 et
338 4740 525 4802 facessimo
549 4740 716 4803 instantia
739 4762 817 4804 cum
842 4742 969 4821 Cesar,
1001 4744 1066 4805 che
1098 4744 1256 4807 horamai
1287 4755 1454 4809 mettesse
1484 4745 1558 4810 fine

279 4848 350 4908 alla
374 4867 457 4909 cosa
481 4856 615 4928 nostra,
646 4849 777 4929 perche
810 4848 933 4929 partiti
965 4851 1009 4916 de
1034 4855 1068 4914 la
1093 4852 1189 4915 dieta
1213 4856 1364 4916 sarebbe
1389 4855 1424 4917 la
1448 4873 1557 4936 expe·
