3559 5734
711 542 770 598 0«Β
810 542 860 599 101
901 542 958 598 &0

193 697 316 752 contra
339 691 374 752 la
397 689 491 769 fede,
516 689 581 752 che
605 709 627 750 a
650 709 707 751 me
730 690 796 752 che
820 689 867 753 mi
891 689 928 752 fo
958 700 1121 772 squartar
1144 710 1209 771 per
1232 693 1282 753 tal
1297 712 1395 755 cosa:
1421 714 1478 756 ma

192 797 282 879 sapii
299 798 432 859 Vostra
448 794 616 879 Signoria
631 797 949 860 Reverendissima
963 799 1030 861 che
1047 797 1193 861 Erasmo
1211 798 1324 880 piglia
1341 799 1361 862 l'
1372 819 1476 862 avan-

191 905 290 986 tagio
315 923 417 967 come
440 905 476 965 ia
499 903 631 985 mogiie
655 905 818 967 adultera
839 907 905 967 che
922 915 1003 967 ante
1020 914 1129 968 tratto
1144 906 1318 968 comincia
1333 927 1476 989 repren-

193 1013 256 1076 der
284 1013 319 1075 el
348 1011 486 1073 marito
532 1009 572 1072 Io
601 1030 741 1092 sempre
769 1011 816 1073 ho
841 1022 968 1094 saputo
993 1014 1059 1076 che
1082 1012 1230 1076 Erasmo
1255 1022 1333 1077 erat
1364 1013 1478 1078 fomes

192 1119 346 1182 omnium
379 1119 551 1180 maiorum
580 1128 615 1179 et
640 1119 706 1180 che
731 1118 779 1180 lui
807 1121 1000 1182 subvertea
1022 1122 1058 1182 la
1081 1119 1237 1183 Fiandra
1261 1130 1297 1183 et
1320 1121 1344 1184 il
1368 1130 1477 1185 tratto

192 1227 251 1287 del
266 1225 416 1298 Rheno;
440 1225 630 1286 tuttavolta
654 1244 794 1306 sempre
819 1224 1013 1288 dissimulai
1038 1234 1074 1288 et
1088 1227 1172 1289 holo
1187 1228 1331 1290 laudato
1348 1229 1391 1291 ne
1407 1228 1477 1291 mai

191 1333 238 1394 ho
266 1335 401 1394 havuto
430 1330 676 1393 controversia
704 1350 802 1412 seco,
837 1333 880 1394 ne
911 1332 1152 1413 disputatione
1182 1354 1282 1397 come
1314 1356 1380 1416 par
1411 1336 1477 1398 che

191 1432 454 1521 vogli‘innuere
472 1438 496 1500 il
514 1435 553 1500 Sr
574 1437 876 1519 Archiepiscopo;
902 1439 981 1501 anci
998 1459 1068 1502 una
1086 1441 1185 1503 volta
1201 1443 1408 1522 albergamo
1429 1442 1476 1505 in·

191 1548 301 1610 sieme
316 1563 338 1608 a·
349 1544 514 1624 Venetia,
527 1543 675 1607 Erasmo
688 1544 733 1607 ed
747 1544 781 1606 io
795 1544 831 1608 in
845 1547 972 1608 eodem
985 1546 1150 1609 cubiculo
1164 1557 1200 1609 et
1215 1547 1323 1611 cubili
1339 1551 1409 1612 ben
1425 1550 1477 1613 sei

190 1655 289 1733 mesi,
315 1653 458 1734 quando
483 1651 517 1713 io
541 1651 674 1732 leggea
698 1651 723 1713 li
746 1652 872 1715 morali
898 1651 934 1714 di
950 1652 1143 1716 Plutarcho
1160 1672 1270 1735 greco
1288 1666 1323 1717 et
1339 1654 1387 1717 lui
1406 1676 1476 1718 non

189 1782 228 1824 se
257 1760 464 1842 dedignava
492 1758 665 1821 interesse
692 1758 905 1821 lectionibus
930 1760 1017 1823 meis
1041 1760 1274 1841 quotidianis,
1308 1771 1344 1824 et
1368 1763 1476 1843 dopoi

189 1888 331 1950 sempre
365 1866 476 1928 siamo
504 1864 659 1946 reputati
690 1865 793 1928 amici
817 1866 837 1928 l'
856 1886 926 1930 uno
953 1877 989 1929 et
1011 1867 1033 1929 l’
1050 1869 1160 1947 altr0,
1192 1889 1257 1950 per
1281 1869 1305 1932 ii
1330 1872 1396 1932 che
1420 1891 1476 1933 me

188 1973 387 2038 meraviliai
416 1972 508 2036 assai
539 1973 606 2035 che
638 1973 790 2035 essendo
822 1975 868 2036 mi
893 1974 927 2037 in
954 1975 1148 2054 Antversa,
1181 1977 1250 2038 mai
1274 1976 1421 2040 Erasmo
1446 1977 1475 2039 si

188 2083 285 2146 lasso
310 2091 432 2143 trovar
455 2081 499 2143 ne
523 2100 650 2143 manco
667 2100 722 2143 me
740 2100 856 2144 venne
872 2101 893 2143 a
908 2083 1036 2153 veder;
1063 2083 1086 2146 ii
1103 2082 1195 2145 simil
1209 2083 1270 2165 poi
1286 2105 1307 2146 a
1323 2083 1475 2159 Loanio;
1522 2122 1527 2131 .

189 2193 260 2254 ben
285 2189 454 2252 intendea
472 2188 518 2249 de
534 2187 615 2250 tutti
632 2188 699 2251 che
713 2187 762 2250 lui
777 2188 910 2269 passim
927 2191 1081 2253 seducea
1106 2191 1137 2252 el
1155 2191 1297 2271 mundo,
1322 2190 1475 2254 dicendo

189 2298 258 2360 che
282 2300 317 2359 la
332 2296 437 2381 Bulla
461 2306 586 2357 contra
601 2295 734 2357 Luther
759 2315 821 2357 era
844 2294 937 2358 falsa
960 2304 996 2359 et
1020 2316 1091 2359 non
1116 2298 1174 2359 del
1191 2298 1293 2379 Papa
1316 2307 1352 2361 et
1374 2297 1408 2360 io
1430 2299 1475 2361 ad

187 2415 316 2487 questo
345 2424 416 2467 non
446 2403 549 2465 dicea
577 2404 668 2465 altro
697 2423 735 2465 se
764 2422 834 2465 non
863 2404 929 2466 che
952 2412 1133 2467 mostrava
1157 2405 1179 2466 1'
1196 2403 1349 2486 original
1374 2427 1395 2467 a
1418 2406 1482 2468 chi·

186 2534 244 2576 me
268 2514 418 2594 parlava
443 2509 478 2572 di
501 2511 552 2572 tal
576 2529 671 2589 cosa,
696 2530 717 2572 0
742 2511 886 2591 quando
911 2511 1067 2573 accadea
1091 2511 1152 2573 alli
1169 2512 1232 2574 atti
1249 2512 1404 2585 solenni;
1429 2513 1475 2575 ad

187 2620 238 2681 tal
268 2618 334 2681 che
363 2638 385 2679 a
408 2617 544 2680 Loanio
573 2616 597 2678 li
627 2616 759 2679 dottori
787 2638 843 2680 me
868 2616 1005 2680 dissero
1032 2638 1130 2680 esser
1153 2626 1208 2680 sta
1230 2617 1403 2700 impressa
1426 2620 1476 2681 tal

187 2725 358 2807 opinione
391 2743 457 2805 per
480 2723 627 2786 Erasmo
657 2743 678 2785 a
711 2723 796 2786 tutti
830 2724 896 2785 che
921 2732 1047 2803 questa
1070 2725 1168 2787 bulla
1192 2744 1254 2786 era
1277 2724 1384 2805 falsa,
1409 2726 1475 2787 che

186 2833 333 2915 quando
361 2833 396 2893 la
423 2829 568 2893 mostrai
596 2830 674 2893 loro
702 2839 852 2893 stavano
881 2830 1022 2893 attoniti
1055 2842 1091 2895 et
1113 2832 1149 2893 ia
1172 2832 1350 2913 volgeano
1375 2851 1415 2894 su
1440 2842 1476 2894 et

185 2942 249 3023 giu
275 2959 376 3003 come
401 2958 486 3001 cosa
509 2958 619 3000 ancor
643 2938 786 3002 dubbia.
834 2937 900 2999 Poi
925 2959 946 3001 a
970 2936 1130 3018 Colonia,
1155 2938 1249 3001 dove
1272 2937 1310 3001 fu
1334 2948 1474 3001 trovato

186 3048 337 3111 Erasmo
361 3048 396 3108 la
420 3054 519 3109 notte
544 3045 656 3107 andar
680 3045 727 3107 ad
750 3053 937 3126 pervertet
960 3044 984 3106 ii
1009 3045 1150 3108 elettori
1168 3053 1203 3107 et
1217 3044 1273 3107 far
1290 3047 1322 3107 el
1339 3046 1474 3128 peggio

186 3157 254 3218 che
279 3154 329 3217 lui
353 3161 477 3235 potea,
503 3162 538 3213 et
561 3172 628 3233 pur
653 3152 818 3215 vedendo
843 3152 909 3214 che
934 3153 968 3214 le
992 3171 1077 3215 cose
1101 3161 1222 3214 nostre
1251 3154 1475 3216 succedeano

185 3265 259 3323 ben
285 3270 410 3322 contra
434 3259 578 3338 Luther,
609 3278 665 3322 me
690 3279 806 3321 venne
831 3280 852 3320 a
874 3259 1016 3340 parler,
1051 3269 1087 3322 et
1120 3259 1155 3322 io
1189 3260 1212 3321 ii
1244 3259 1323 3321 fece
1351 3261 1385 3322 ie
1413 3260 1474 3341 piir

186 3368 316 3450 grandi
349 3386 491 3429 carezze
521 3375 557 3428 et
584 3366 685 3428 onori
710 3368 775 3457 che
800 3366 834 3427 io
858 3365 956 3446 potei
981 3367 1252 3429 rememorando
1277 3365 1424 3429 insieme
1449 3367 1474 3430 ii

184 3473 297 3556 tempi
323 3474 468 3554 passati,
495 3482 530 3535 et
553 3473 697 3535 tandem
722 3474 913 3535 deventum
937 3472 1005 3534 fuit
1028 3494 1050 3562 a
1075 3483 1200 3554 questo
1224 3474 1290 3535 che
1306 3473 1354 3534 lui
1372 3473 1476 3537 dicea

185 3584 298 3644 havet
321 3581 437 3643 inteso
462 3581 527 3642 che
551 3580 585 3642 io
610 3580 759 3661 parlava
783 3580 852 3641 mal
876 3579 913 3640 di
937 3580 985 3642 lui
1009 3581 1104 3662 apud
1128 3590 1318 3644 summates
1343 3590 1379 3643 et
1406 3583 1472 3644 che

185 3690 357 3751 intendea
381 3688 557 3768 procedet
572 3698 697 3749 contro
713 3687 750 3748 di
767 3686 815 3748 lui
832 3697 867 3748 et
882 3686 1061 3749 Reuchlin
1080 3687 1126 3749 ad
1142 3687 1474 3751 condemnationem

185 3796 357 3858 librorum
390 3813 528 3864 eorum:
553 3794 692 3875 resposi
717 3814 787 3856 non
812 3795 925 3856 haver
949 3796 998 3856 tal
1023 3794 1279 3874 commissione,
1304 3795 1382 3857 anci
1408 3797 1474 3858 che

185 3903 222 3964 io
250 3922 313 3965 era
341 3921 406 3982 per
434 3900 540 3982 piliar
568 3902 602 3963 la
626 3902 773 3982 querela
797 3909 922 3962 contra
945 3901 1002 3962 chi
1026 3902 1187 3981 pariasse
1211 3902 1280 3963 mal
1305 3901 1341 3963 di
1365 3901 1414 3965 lui
1439 3912 1475 3965 et

186 4011 254 4072 che
278 4029 350 4071 non
374 4028 485 4089 sapea
509 4028 547 4070 se
569 4007 646 4069 suoi
662 4006 745 4069 libri
760 4004 899 4069 iussero
915 4007 1022 4068 buoni
1039 4027 1060 4069 o
1080 4008 1174 4086 mali,
1199 4009 1329 4089 perche
1355 4010 1473 4090 quello

186 4117 253 4178 che
278 4115 327 4177 lui
351 4117 398 4177 ha
422 4115 545 4177 scritto
569 4114 605 4177 in
630 4113 739 4176 sacris
764 4114 893 4176 litteris
917 4133 986 4175 non
1012 4115 1047 4176 lo
1073 4116 1188 4177 havea
1204 4115 1304 4194 letto,
1327 4116 1371 4178 ne
1389 4136 1471 4197 pen·

186 4245 275 4286 sava
302 4224 352 4286 lui
381 4223 493 4285 haver
522 4222 645 4284 scritto
673 4224 741 4284 mal
767 4222 895 4283 alcuno
920 4230 1046 4283 contra
1069 4220 1174 4284 ritum
1198 4220 1389 4286 Ecclesiae.
1429 4222 1474 4284 Et

187 4330 285 4412 quivi
311 4350 452 4411 sempre
476 4327 672 4392 dissimulai
698 4330 946 4391 dextramente
971 4337 1006 4389 et
1031 4327 1145 4390 trovai
1167 4329 1293 4390 alcune
1311 4328 1473 4410 bugiette

187 4436 348 4500 officiose
376 4434 508 4517 perche
538 4455 607 4497 non
635 4434 763 4497 faceva
787 4456 807 4497 a
835 4433 1020 4516 proposito
1050 4435 1145 4496 della
1173 4433 1271 4513 fede,
1305 4434 1349 4497 ne
1379 4436 1474 4498 della

187 4545 259 4607 mia
282 4543 529 4607 commissione
553 4541 609 4605 far
633 4543 858 4613 altramente;
884 4544 954 4605 ben
978 4541 1002 4604 li
1028 4542 1114 4604 dissi
1131 4543 1197 4603 che
1219 4542 1265 4603 mi
1283 4541 1473 4624 despiacea

187 4672 253 4733 per
281 4670 380 4713 amor
409 4661 445 4712 et
472 4652 588 4712 honor
616 4670 679 4712 suo
708 4650 874 4711 intender
903 4649 969 4711 che
998 4647 1047 4709 lui
1075 4650 1191 4710 havea
1223 4647 1407 4729 divulgato
1438 4650 1473 4711 la

187 4761 285 4822 bulla
310 4779 407 4821 esser
432 4758 523 4821 falsa
547 4778 568 4821 o
593 4756 808 4840 surreptitia,
834 4764 869 4819 et
892 4756 918 4818 li
943 4754 1064 4837 ailigai
1088 4754 1280 4818 testimonii
1304 4754 1398 4836 quali
1423 4755 1472 4818 lui

189 4887 260 4929 non
287 4877 393 4948 potea
425 4884 547 4948 negat.
594 4865 761 4946 Respose
791 4883 891 4927 essor
914 4882 1000 4924 vero
1026 4872 1061 4924 et
1084 4882 1150 4943 per
1173 4882 1237 4924 suo
1262 4870 1472 4944 argumento
