3559 5734
844 508 902 565 oen
941 511 976 567 94
1015 470 1073 566 esso

318 678 356 723 se
382 659 499 721 tradat
523 657 558 721 in
583 657 786 740 opinionem
809 659 913 722 unius
936 657 1180 722 homuncionis
1204 670 1329 723 contra
1352 670 1462 723 totam
1480 658 1599 723 Eccle-

317 766 405 829 siam
430 786 521 848 quae
545 774 598 828 tot
621 785 794 827 annorum
817 766 1001 829 curriculis
1024 767 1090 829 hos
1114 767 1202 829 ritus
1226 779 1348 830 secuta
1369 760 1437 830 est:
1469 767 1554 847 imo,
1578 788 1600 829 a

318 894 387 955 qua
411 872 494 955 quia
510 871 641 936 Graeci
665 884 700 935 et
716 871 865 935 Asiatici
889 872 1014 955 populi
1038 873 1137 954 prius
1154 872 1344 937 Christiani
1363 885 1599 953 recesserunt,

317 980 502 1062 imperium
535 979 637 1043 simul
670 989 706 1042 et
736 979 967 1062 religionem,
1000 978 1177 1062 fidemque
1208 992 1364 1044 nostram
1396 981 1599 1046 amiserunt.

318 1089 368 1152 At
391 1089 689 1170 septentrionales
713 1097 748 1150 et
772 1086 1012 1149 occidentales
1034 1087 1169 1169 populi,
1193 1098 1327 1170 quanto
1342 1089 1504 1171 proxime
1520 1109 1599 1152 eum

317 1197 479 1259 Ecclesia
503 1197 670 1259 Romana
693 1204 891 1272 senserunt,
916 1202 1015 1256 tanto
1039 1194 1242 1259 felicissime
1266 1194 1470 1259 floruerunt.

401 1303 556 1366 inducat
581 1300 840 1365 illustrissimus
863 1300 947 1363 Dux
977 1304 1035 1364 vel
1066 1302 1172 1365 etiam
1200 1315 1308 1384 cogat
1336 1304 1481 1366 fratrem
1506 1303 1599 1366 Mar·

318 1411 429 1474 tinum
445 1429 616 1472 revocare
634 1430 727 1472 nova
744 1409 934 1489 Dogmata,
960 1409 1102 1490 quaein
1128 1410 1200 1473 suis
1224 1411 1323 1473 libris
1347 1412 1486 1494 sparsit.
1520 1411 1599 1473 Hoc

317 1521 466 1581 honeste
489 1516 609 1579 facere
633 1515 777 1598 poterit,
801 1515 884 1596 quia
908 1516 944 1577 in
968 1515 1145 1598 principio
1170 1538 1313 1580 suorum
1337 1518 1506 1582 librorum
1528 1539 1599 1581 non

318 1628 427 1689 semel
450 1635 670 1707 protestatus
695 1634 748 1686 est
772 1644 810 1685 se
835 1634 1008 1686 staturum
1028 1624 1162 1706 judicio
1188 1622 1293 1688 Sedis
1308 1626 1560 1707 ‘Apostolicae

407 1732 547 1795 Deinde
579 1731 733 1794 imitetur
766 1729 819 1793 sui
852 1730 986 1793 ordinis
1017 1741 1156 1812 patrem
1186 1731 1316 1795 Divum
1349 1732 1600 1815 Augustinum,

282 1848 288 1857 “
319 1839 377 1921 qui
401 1839 606 1901 innumeros
629 1857 779 1917 errores,
804 1857 835 1916 e,
860 1836 932 1900 suis
956 1836 1056 1900 libris
1080 1838 1296 1901 retractavit.

406 1946 598 2008 Multorum
622 1944 727 2006 etiam
752 1955 955 2007 sanctorum
979 1957 1119 2026 patrum
1144 1946 1285 2027 aliquae
1309 1956 1391 2008 sunt
1409 1948 1600 2009 damnatae

317 2053 520 2135 opiniones,
551 2073 700 2134 quorum
724 2051 861 2133 reliqua
885 2055 1019 2133 scripta
1048 2052 1084 2115 in
1111 2073 1174 2115 usu
1200 2053 1383 2116 Ecclesiae
1407 2055 1600 2125 habentur;

317 2160 374 2223 hic
399 2170 453 2223 est
476 2159 745 2222 honestissimus
770 2160 964 2222 revocandi
988 2162 1122 2223 modus

357 2244 362 2253 ⁴
408 2267 512 2348 Quod
546 2267 574 2329 si
607 2268 682 2329 vult
714 2286 796 2328 suas
826 2266 1091 2330 lucubrationes
1122 2269 1167 2329 ad
1198 2277 1362 2348 posteros
1392 2270 1599 2349 perdurare,

318 2376 436 2437 deleat
460 2395 506 2436 ex
531 2373 599 2436 illis
624 2394 667 2436 ea
691 2394 783 2454 quae
807 2374 976 2436 damnata
999 2384 1092 2453 sunt,
1117 2385 1152 2437 et
1175 2376 1221 2436 ab
1246 2374 1392 2456 antiquo
1417 2375 1600 2438 Ecclesiae

319 2492 461 2545 nostrae
485 2481 554 2543 ritu
578 2483 766 2562 recedunt,
791 2491 826 2543 et
849 2492 933 2543 tunc
958 2480 1130 2562 reliquum
1155 2484 1250 2562 quod
1275 2481 1342 2544 erit
1366 2485 1412 2545 ab
1437 2484 1600 2545 omnibus

317 2592 457 2672 legetur
482 2589 588 2652 etiam
612 2588 824 2652 auctoritate
849 2587 1032 2651 Pontificis
1057 2591 1336 2670 comprobatum.

407 2697 446 2758 Id
472 2696 501 2758 si
524 2695 645 2759 faciet:
686 2695 854 2758 Pontifex
878 2695 929 2758 illi
953 2695 1207 2776 benignissime
1231 2697 1405 2778 ignoscet,
1429 2715 1592 2777 repurga·

317 2804 439 2886 bitque
471 2824 548 2866 eam
572 2801 755 2884 regionem
780 2824 801 2865 a
826 2803 1002 2882 censuris,
1027 2802 1216 2867 Martinum
1242 2804 1277 2865 in
1301 2802 1409 2866 filium
1435 2804 1599 2886 recipiet;

317 2924 352 2974 et
368 2922 443 2973 tota
459 2909 620 2973 Ecclesia
636 2911 809 2992 gaudebit
825 2922 897 2974 tam
920 2911 956 2973 in
982 2912 1091 2974 coelis
1115 2932 1220 2992 quam
1244 2911 1279 2973 in
1295 2921 1391 2974 terra
1406 2931 1514 2992 super
1530 2933 1599 2973 ove

316 3021 490 3082 redeunte
514 3038 605 3099 quae
629 3016 785 3098 perierat
809 3016 961 3080 filiorum
985 3018 1106 3081 israel.

408 3125 552 3207 Alioqui
576 3136 659 3187 tunc
682 3124 943 3187 illustrissimus
960 3125 1042 3188 Dux
1067 3130 1113 3187 ob
1137 3127 1308 3189 honorem
1332 3125 1410 3205 Dei,
1435 3147 1598 3189 reveren·

318 3236 400 3298 tiam
426 3233 568 3296 Domini
594 3232 811 3313 Apostolici,
846 3243 880 3294 et
906 3232 1107 3312 Ecclesiae,
1140 3232 1233 3295 etin
1259 3233 1410 3314 gratiam
1435 3233 1600 3296 Caesaris

318 3342 541 3425 prohibendo
573 3342 662 3403 haec
694 3341 805 3418 mala,
837 3361 882 3402 ne
914 3339 1062 3403 ulterius
1089 3351 1253 3422 serpant,
1285 3340 1320 3402 in
1345 3340 1511 3403 universa
1535 3362 1599 3403 sua

317 3450 450 3512 ditione
474 3449 585 3511 libros
608 3447 753 3510 Martini
777 3457 813 3509 et
842 3446 931 3509 alios
962 3446 1118 3510 famoscs
1149 3447 1307 3527 libellos,
1332 3469 1353 3509 a
1380 3448 1457 3529 jure
1481 3447 1598 3528 prohi-

317 3557 411 3619 bitos
434 3565 506 3618 tam
530 3577 593 3619 eos
617 3575 766 3636 quorum
799 3575 939 3617 errores
969 3555 1003 3617 in
1037 3556 1133 3616 bulla
1164 3564 1245 3616 sunt
1278 3555 1458 3636 expressi,
1493 3575 1599 3637 quarn

315 3664 403 3727 alios
426 3684 514 3745 quos
538 3672 664 3744 postea
688 3663 810 3742 edidit,
834 3664 945 3724 multo
968 3661 1083 3744 magis
1108 3681 1281 3741 enormes,
1307 3673 1342 3724 et
1364 3662 1596 3743 perniciosos,

315 3770 474 3834 comburi
492 3771 635 3833 mandet
659 3779 694 3831 et
718 3790 757 3831 re
781 3769 860 3850 ipsa
882 3768 1001 3847 faciat,
1022 3770 1124 3849 juxta
1148 3768 1411 3832 conclusionem
1434 3767 1599 3831 Caesaris

316 3878 350 3939 in
376 3878 541 3958 consili0,
567 3877 721 3939 omnium
745 3897 886 3938 suarum
912 3876 1092 3939 nationum
1116 3876 1264 3939 factam:
1299 3877 1345 3937 ob
1370 3876 1465 3957 quod
1490 3876 1598 3957 potis·

315 3987 438 4048 simum
472 3984 540 4066 ipsi
572 3984 743 4048 Oratores
775 3984 969 4047 mittuntur.
1023 3983 1184 4046 Fratrem
1217 4003 1302 4045 vero
1336 3980 1526 4045 Martinam
1561 3982 1598 4045 in

315 4092 434 4174 aliqua
457 4112 539 4155 arce
565 4092 734 4171 detineat,
758 4112 825 4154 nec
848 4092 1005 4173 patiatur
1022 4091 1134 4172 ipsum
1152 4090 1237 4153 talia
1252 4091 1419 4169 scribere,
1445 4111 1510 4152 nec
1527 4091 1599 4153 alio

315 4198 441 4281 fugere
466 4198 512 4260 ad
536 4197 806 4262 diffundendum
831 4220 930 4262 suum
955 4199 988 4262 in
1015 4199 1093 4261 aliis
1117 4197 1285 4278 gentibus
1310 4217 1501 4277 venenum,
1534 4200 1598 4259 sed

314 4305 385 4367 iilic
410 4305 621 4384 detineatur,
646 4307 759 4369 donec
785 4305 917 4369 Caesar
940 4306 974 4369 in
992 4305 1121 4368 Diaeta
1146 4325 1225 4367 cum
1249 4305 1352 4367 bonis
1376 4305 1599 4387 principibus

315 4424 351 4475 et
374 4412 610 4494 prudentibus
640 4413 727 4475 viris
758 4413 1012 4476 consultaverit
1036 4412 1120 4493 quid
1145 4414 1190 4474 de
1215 4432 1258 4474 eo
1283 4412 1328 4474 sit
1352 4410 1598 4474 ordinandum.

316 4520 537 4601 Quamquam
568 4520 598 4582 si
629 4520 704 4582 iure
737 4523 831 4583 bono
859 4522 1055 4603 procedere
1081 4520 1207 4598 vellet,
1240 4521 1389 4582 deberet
1412 4519 1525 4600 ipsum
1550 4519 1597 4579 ad

315 4628 481 4691 Cesaram
512 4620 672 4707 mittere,
702 4627 762 4709 qui
793 4648 965 4691 unacum
991 4625 1163 4691 Pontifice
1189 4629 1233 4688 de
1259 4626 1426 4688 ulteriore
1446 4625 1599 4706 juridica

315 4734 563 4815 prosecutione
588 4745 768 4800 tractaret.

405 4841 530 4926 Neque
561 4841 658 4905 dicat
689 4841 947 4905 illustrissimus
979 4846 1061 4908 Dux
1096 4867 1134 4907 se
1166 4840 1290 4903 timere
1316 4842 1503 4925 populum,
1535 4839 1598 4922 qui
