3559 5734
809 570 1048 628 eone*

287 740 382 802 quae
418 719 535 782 omnia
569 719 754 783 mendacia
795 741 873 783 esse
905 724 1102 802 probantur
1134 741 1179 781 ex
1214 717 1386 782 Aleandri
1421 718 1572 799 epistola

286 828 335 889 ad
347 826 507 907 Eckium,
533 828 593 889 ubi
617 829 662 890 de
686 827 816 890 libellis
839 827 984 890 famosis
1009 828 1043 889 in
1069 848 1107 890 se
1126 826 1336 908 conscriptis
1361 824 1492 905 dicens
1505 825 1570 887 ait:

289 936 418 1017 „Adeo
430 945 511 997 sunt
528 936 643 997 omnia
662 937 768 1017 plena
783 935 1046 998 mendaciorum
1064 945 1099 997 et
1109 934 1361 1016 frigidissimae
1377 934 1573 996 calumniae

287 1063 359 1122 qua
377 1064 431 1104 me
450 1042 617 1105 Iudaeum
634 1063 675 1104 ac
692 1063 817 1105 recens
835 1042 945 1105 lotum
970 1056 1110 1121 vocant,
1126 1043 1225 1123 quasi
1249 1042 1434 1123 ignoretur
1457 1042 1573 1122 patria

288 1160 325 1209 et
349 1157 516 1229 parentes
543 1150 619 1228 mei,
646 1149 705 1230 qui
730 1170 775 1211 ex
791 1150 1055 1211 marchionibus
1072 1148 1214 1211 Pilosae
1232 1150 1361 1211 Petrae
1385 1148 1419 1210 in
1438 1147 1573 1209 Histria

288 1265 326 1317 et
351 1256 538 1317 comitibus
564 1256 716 1318 Leandri
741 1256 930 1334 oriundus,
955 1266 1016 1317 aut
1040 1256 1184 1318 fuissem
1209 1276 1278 1337 ego
1303 1257 1337 1317 in
1363 1256 1571 1321 canonicum

287 1362 523 1425 Leodiensem
559 1352 724 1445 receptus
759 1365 911 1444 probata
943 1363 1047 1425 etiam
1083 1362 1392 1425 examinatissimis
1424 1373 1459 1425 et
1480 1364 1570 1444 jura·

289 1469 433 1532 tissimis
457 1470 607 1532 testibus
632 1492 651 1531 e
676 1482 828 1552 quatuor
851 1470 1027 1551 capitibus
1061 1471 1258 1547 nobilitate,
1288 1471 1317 1533 si
1348 1472 1570 1552 neophaetus

289 1598 415 1640 essem.
470 1577 562 1639 Vide
591 1579 771 1640 hominum
813 1577 1195 1661 impudentissimorum
1228 1577 1449 1659 ineptissima
1481 1597 1571 1640 corn·

286 1686 469 1765 menta“¹).
516 1683 587 1747 Sed
614 1705 683 1746 non
708 1687 819 1747 solum
845 1685 899 1747 his
924 1684 1131 1746 commentis
1156 1670 1376 1747 Alcandrum
1411 1685 1571 1766 inseque-

287 1796 418 1854 bantur
433 1792 700 1864 reformatores;
726 1791 760 1853 in
777 1792 892 1873 ipsum
918 1791 1186 1854 vehementibus
1210 1792 1344 1854 iniuriis
1369 1802 1404 1854 et
1427 1790 1571 1853 inhone-

288 1899 450 1962 stissimis
484 1899 682 1962 nominibus
716 1899 971 1979 saeviebantl),
1017 1898 1319 1961 coniurationibus
1352 1899 1572 1961 insectaban-

288 2017 357 2085 tur,
398 2006 565 2069 molestiis
610 2006 820 2069 omnimodis
859 2006 1139 2068 circumdabant.
1203 2005 1410 2087 „Reliquias
1449 2005 1572 2068 salutis

288 2134 389 2177 meae
430 2113 506 2175 fere
550 2113 668 2189 amisi,
721 2113 902 2175 scribebat
938 2112 998 2174 ille
1041 2113 1097 2175 die
1146 2117 1193 2174 18.
1242 2113 1427 2176 Februarii
1478 2134 1570 2193 1521,

287 2232 465 2302 perpetuo
490 2231 637 2283 mortem
662 2220 746 2282 mihi
770 2220 940 2299 minatur,
972 2219 1165 2300 mortisque
1197 2220 1392 2301 periculum
1427 2239 1569 2301 semper

293 2338 454 2391 estante
479 2330 611 2408 oculos,
637 2336 672 2389 et
697 2336 864 2407 quantum
899 2327 1026 2388 attinet
1050 2329 1095 2388 ad
1120 2328 1272 2406 gratiam
1295 2326 1332 2388 'et
1357 2328 1487 2389 famam
1511 2327 1569 2388 ali-

288 2436 446 2516 quidque
470 2434 620 2497 nominis
645 2436 740 2515 quod
765 2434 863 2516 prius
887 2435 1064 2497 habebam
1089 2433 1124 2495 in
1149 2432 1360 2511 Germania,
1389 2433 1571 2516 perierunt

288 2542 417 2620 omnia,
452 2541 643 2604 innumeris
675 2540 843 2603 conviciis
871 2551 907 2602 et
930 2540 1149 2603 irrisionibus
1174 2538 1429 2624 insectatus“³).
1463 2541 1569 2603 Fran-

290 2649 405 2711 ciscus
431 2647 605 2730 Sikingen
632 2659 667 2710 et
693 2647 858 2710 Hulricus
883 2649 1019 2710 Hutten
1045 2647 1173 2710 acriter
1197 2649 1405 2710 invehentes
1429 2648 1463 2709 in
1481 2668 1571 2727 eum,

288 2757 405 2837 plebis
429 2756 540 2818 furori
563 2756 678 2836 ipsum
693 2767 731 2817 ut
746 2755 999 2836 iniquissimum
1014 2758 1153 2818 hostem
1166 2756 1388 2828 indicabant;
1405 2756 1439 2817 in
1455 2755 1570 2837 ipsum

288 2865 393 2944 plebs
417 2862 637 2943 coniurabat,
662 2864 871 2943 sanguinem
896 2862 1006 2944 ipsius
1027 2863 1159 2943 sitiens,
1184 2875 1219 2926 et
1235 2866 1460 2925 conclamans
1476 2864 1571 2944 quod

288 2991 355 3032 nec
379 2970 551 3050 gremium
576 2970 739 3033 Caesaris
765 2978 859 3032 esset
882 2970 932 3032 illi
958 2980 1071 3032 tutum
1096 2970 1314 3050 refugium).

379 3076 429 3138 Ut
459 3078 504 3139 de
534 3077 707 3140 Aleandri
740 3077 919 3139 natalibus
950 3076 999 3138 ita
1030 3088 1065 3139 et
1098 3080 1142 3139 de
1175 3077 1351 3140 natalibus
1380 3076 1571 3140 Clementis

291 3184 414 3264 Papae
439 3183 622 3246 Ecclesiae
646 3185 767 3245 hostes
791 3203 863 3245 non
886 3203 1002 3265 pauca
1026 3183 1195 3247 indecora
1219 3187 1449 3267 evulgarunt;
1479 3204 1570 3264 quae

290 3303 390 3355 tanto
415 3293 642 3355 credibiliora
673 3291 796 3353 habita
830 3299 911 3353 sunt
940 3301 1072 3372 quanto
1104 3292 1208 3355 etiam
1242 3293 1334 3355 inter
1363 3291 1570 3354 florentinos

288 3398 483 3481 scriptores
515 3421 535 3461 a
566 3399 743 3461 nonnullis
768 3408 930 3475 narrata,
960 3409 1032 3460 tum
1064 3401 1110 3461 ab
1135 3399 1280 3461 aemulis
1303 3397 1570 3480 potentissimae

290 3508 417 3569 domus
441 3506 626 3569 Mediceae
651 3518 723 3568 tum
748 3527 769 3568 a
788 3506 971 3586 popularis
987 3505 1168 3586 regiminis
1186 3506 1401 3569 amatoribus
1417 3507 1570 3568 libenter

288 3613 566 3695 accipiebantur.
621 3612 791 3694 Vulgaris
822 3612 928 3674 etiam
960 3611 1055 3674 fama
1092 3611 1273 3675 referebat
1296 3613 1426 3692 Julium
1451 3612 1569 3675 Cardi-

288 3724 406 3783 nalem
438 3741 509 3782 non
537 3728 656 3782 natum
689 3741 734 3782 ex
766 3720 924 3800 legitimo
949 3720 1188 3800 matrimoniO,
1213 3732 1348 3782 tantum
1373 3720 1570 3782 naturalem

289 3850 370 3891 csse
394 3828 524 3906 Juliani
550 3827 699 3889 Medicis
724 3837 760 3889 et
784 3826 965 3889 cuiusdam
990 3828 1156 3890 Floretae
1186 3826 1326 3889 humilis
1358 3826 1571 3888 conditionis

289 3934 466 3998 foeminae
498 3934 620 4006 filium;
652 3936 720 3997 hoc
744 3933 920 3996 florentini
946 3934 1056 4013 cives,
1089 3936 1156 3997 hoc
1185 3934 1278 3995 idern
1303 3934 1377 3996 Leo
1403 3932 1568 3995 Pontifex

288 4042 494 4124 aliquandiu
527 4042 770 4113 crediderunt;
804 4049 850 4120 at,
876 4060 983 4121 quum
1016 4062 1109 4104 anno
1149 4062 1228 4119 1513
1265 4043 1310 4103 de
1342 4040 1453 4121 ipsius
1486 4039 1569 4118 Julii

289 4148 487 4233 episcopali
517 4148 690 4210 electione
713 4146 903 4210 florentina
930 4158 1107 4229 ageretur,
1138 4148 1173 4209 in
1199 4149 1419 4229 quorundam
1443 4166 1568 4207 memo-

287 4259 379 4320 riam
402 4255 597 4338 legitimum
621 4254 752 4334 Juliani
768 4265 803 4316 et
818 4254 984 4316 Floretae
1001 4255 1259 4318 matrimonium
1275 4254 1388 4333 rediit,
1414 4252 1570 4334 factique

289 4375 401 4427 testes
433 4362 565 4444 passim
590 4364 875 4424 numerabantur.
925 4360 1049 4423 Ortum
1075 4361 1218 4424 dubium
1245 4361 1411 4423 Pontifex
1435 4362 1509 4422 Leo
1533 4360 1569 4423 in
1653 4382 1656 4387 ·

288 4470 538 4535 certitudinem
561 4466 896 4547 vertere,'veritate
920 4476 1121 4549 perspecta,
1146 4469 1295 4539 curavit;
1321 4467 1450 4530 auditis
1474 4466 1568 4529 testi-

288 4582 374 4657 bus,
406 4575 677 4638 auctoritatibus
711 4576 884 4655 excussis,
925 4575 1144 4656 argumentis
1184 4577 1386 4657 perpensis,
1423 4575 1568 4636 tandem

289 4689 352 4748 lux
376 4684 473 4746 facta
498 4694 552 4745 est
576 4692 612 4744 et
635 4682 718 4761 Julii
741 4682 911 4745 natalium
936 4682 1197 4764 legitimitatem
1221 4687 1423 4765 probatam,
1455 4681 1568 4744 firma-

365 4846 382 4905 ι)
403 4847 517 4894 Docum.
536 4855 578 4903 23.
600 4844 645 4891 fol.
666 4843 707 4904 58.
960 4841 981 4905 ⁹)
1002 4846 1114 4893 Ducum.
1138 4856 1175 4893 12.
1197 4844 1242 4894 fol.
1263 4856 1305 4901 31.

363 4923 385 4995 ³)
406 4922 517 4977 Ducum.
538 4936 580 4988 24.
601 4923 647 4976 fol.
668 4924 710 4972 62.
962 4922 985 4990 ⁴)
1005 4927 1118 4977 Docum,
1138 4934 1180 4986 95.
1200 4925 1246 4973 fol.
1267 4936 1327 4988 245.
