3559 5734
732 537 980 598 *masto-0

215 687 328 749 haver
358 687 591 767 resolutione,
621 689 658 751 la
688 689 771 770 qual
802 687 966 752 scriveva
994 689 1060 751 che
1088 685 1357 760 solicitarebbe;
1388 685 1496 750 credo

216 795 283 856 che
309 792 460 858 iacendo
485 803 617 877 quanto
642 794 757 858 scrive
782 795 826 858 V.
840 792 876 859 S.
902 794 1050 875 giovera
1074 795 1179 875 assai,
1203 804 1238 858 et
1253 795 1312 858 del
1327 796 1497 858 mandare

215 902 287 963 alla
311 901 407 964 dieta
430 901 476 964 de
499 899 606 983 Spira
636 904 731 964 nella
753 900 869 964 forma
894 903 960 964 che
991 901 1120 965 dicono
1152 901 1270 965 iudico
1304 902 1337 963 el
1362 902 1496 964 medes-

217 1007 305 1071 simo
331 1017 367 1071 et
391 1010 456 1072 che
481 1009 560 1071 sara
585 1010 620 1073 in
645 1008 840 1092 proposito.

307 1115 377 1177 Del
392 1114 461 1177 mio
476 1115 623 1194 ritorno,
641 1116 869 1197 quantunche
885 1115 920 1177 io
939 1115 961 1179 'l
982 1114 1137 1178 desideri
1152 1135 1218 1197 per
1234 1116 1334 1178 molti
1348 1114 1498 1197 rispetti,

218 1242 287 1304 pur
310 1221 345 1283 io
369 1242 440 1284 non
465 1241 509 1285 ne
533 1225 646 1306 parlo‚
671 1234 706 1284 et
723 1242 822 1286 come
837 1223 884 1284 ho
900 1222 1022 1285 scritto
1037 1221 1071 1284 io
1093 1221 1140 1284 mi
1161 1222 1303 1285 rimetto
1327 1223 1362 1283 al
1377 1224 1499 1286 volere

218 1329 255 1390 di
278 1325 315 1393 S.
341 1326 394 1392 δ’*
418 1349 518 1391 come
542 1329 577 1392 io
601 1330 720 1392 debbo
744 1328 779 1392 in
805 1338 931 1411 questo
956 1340 991 1392 et
1015 1328 1050 1394 in
1075 1329 1161 1410 ogni
1185 1330 1276 1391 altra
1300 1349 1394 1392 cosa

308 1436 350 1498 Li
373 1436 488 1499 advisi
512 1438 578 1499 che
603 1436 650 1498 mi
667 1437 761 1498 dona
777 1436 820 1498 V.
837 1436 874 1499 S.
887 1436 934 1498 mi
950 1456 1038 1499 sono
1056 1435 1249 1517 gratissimi
1271 1444 1307 1498 et
1335 1436 1498 1499 devendo

219 1543 315 1625 dopo
340 1545 374 1605 la
398 1542 523 1626 giunta
546 1545 591 1607 de
616 1564 725 1608 mons.
751 1545 796 1607 de
821 1545 855 1605 la
878 1543 1018 1606 Roccia
1041 1543 1163 1624 partir,
1188 1563 1300 1625 penso
1325 1544 1391 1605 che
1415 1546 1498 1605 hab·

219 1648 269 1711 bii
292 1650 339 1712 ad
363 1671 483 1714 essere
498 1671 564 1733 per
588 1652 653 1712 dar
676 1651 803 1713 alcuna
826 1653 922 1713 bona
938 1651 1165 1713 conclusione
1182 1671 1226 1713 ne
1243 1651 1268 1713 li
1282 1650 1500 1714 trattamenti

220 1758 265 1819 de
290 1758 325 1819 la
348 1778 437 1840 pace
461 1779 482 1821 o
507 1768 644 1841 tregua,
669 1758 705 1821 di
729 1760 795 1821 che
819 1759 889 1821 Dio
913 1760 948 1821 le
971 1779 1016 1822 ne
1040 1758 1099 1820 dia
1122 1757 1249 1840 gratia.

310 1864 446 1928 Perche
471 1865 518 1928 mi
541 1887 627 1947 pare
652 1867 909 1948 comprendere
933 1868 999 1928 che
1024 1864 1066 1929 V.
1093 1863 1129 1926 S.
1154 1863 1359 1926 intendesse
1383 1867 1501 1928 chela

220 1972 479 2055 protestatione
501 1975 649 2042 ‚verbale
672 1973 763 2036 satta
786 1973 821 2035 in
846 1972 1060 2053 Ratispona,
1085 1970 1151 2033 nisi
1175 1973 1210 2033 in
1227 1971 1324 2034 dieta
1339 1970 1501 2055 Spirensi

220 2080 316 2143 aliud
346 2080 587 2160 ordinaretur,
625 2101 663 2144 se
696 2079 880 2143 refferisca
912 2080 983 2142 alla
1007 2077 1211 2142 conclusion
1235 2077 1357 2141 fecero
1382 2080 1501 2160 quoad

220 2186 405 2250 materiam
428 2187 511 2249 fidei
532 2198 568 2250 et
584 2187 832 2269 extirpationis
848 2186 1018 2264 haeresis,
1042 2186 1185 2267 quando
1202 2186 1237 2248 in
1253 2196 1379 2267 questo
1396 2205 1501 2248 senso

221 2293 275 2357 sia
297 2294 412 2356 intesa
437 2296 482 2356 da
507 2294 546 2357 N.
574 2292 609 2358 S.
636 2304 671 2356 et
694 2294 738 2357 V.
765 2293 803 2358 S.
828 2294 955 2375 sappia
979 2294 1045 2355 che
1069 2313 1108 2355 se
1131 2293 1228 2356 forse
1252 2295 1285 2356 le
1309 2295 1432 2376 parole
1457 2296 1502 2356 de

221 2403 257 2464 la
269 2400 339 2463 mia
350 2402 478 2463 lettera
490 2400 514 2463 il
525 2421 694 2480 suonano,
712 2402 776 2464 che
794 2421 864 2464 non
881 2401 919 2463 fu
936 2421 975 2462 se
989 2420 1061 2462 non
1086 2420 1206 2463 errore
1221 2401 1351 2483 perche
1370 2420 1439 2482 quo
1456 2401 1502 2462 ad

222 2508 405 2571 materiam
418 2507 502 2571 fidei
515 2511 549 2571 la
562 2508 787 2572 conclusione
811 2507 849 2572 fu
865 2508 1030 2569 absoluta
1045 2505 1159 2570 libera
1176 2518 1211 2569 et
1230 2526 1382 2589 syncera
1396 2528 1504 2570 sanza

222 2617 351 2678 alcuna
375 2614 584 2678 condicione
609 2636 630 2677 o
654 2613 930 2697 protestatione,
961 2615 996 2676 la
1031 2616 1135 2695 quale
1166 2634 1237 2678 non
1261 2614 1298 2676 fu
1323 2614 1413 2676 satta
1437 2614 1503 2677 nisi

223 2743 295 2803 quo
320 2724 366 2785 ad
391 2722 572 2785 materiam
597 2721 872 2800 reformationis,
897 2722 1027 2803 perche
1044 2724 1171 2783 alcuno
1188 2741 1250 2783 era
1264 2723 1330 2784 che
1354 2721 1505 2784 stimava

223 2833 290 2892 che
314 2830 348 2892 le
373 2850 435 2893 sue
459 2829 637 2892 ordinarie
661 2828 879 2892 iurisdicioni
911 2829 945 2891 in
971 2830 1121 2910 qualche
1153 2848 1237 2890 cosa
1260 2827 1399 2890 iussero
1423 2847 1502 2909 gra·

223 2952 307 2999 vate
332 2947 367 2999 et
395 2940 461 2999 che
492 2938 607 3001 anche
643 2936 768 2999 ardiva
798 2945 892 3000 sotto
924 2937 1082 2998 colorate
1114 2933 1253 3016 ragioni
1289 2934 1324 2996 di
1358 2934 1504 3016 opporsi

224 3046 361 3107 anchor
385 3045 451 3107 che
475 3044 561 3106 nihil
586 3053 799 3107 tractaretur
833 3053 958 3106 contra
993 3042 1287 3121 concubinarios,
1323 3063 1344 3104 a
1379 3041 1434 3105 cui
1470 3042 1504 3104 io

223 3151 354 3234 risposi
378 3172 478 3215 come
502 3172 546 3214 ne
571 3152 592 3213 l’
609 3155 699 3215 altre
724 3152 792 3214 mie
817 3160 852 3213 et
876 3163 1009 3233 quanto
1033 3151 1063 3213 si
1087 3149 1294 3213 conveniva.

316 3258 418 3321 Circa
443 3261 475 3321 le
501 3279 583 3322 cose
607 3259 768 3321 boemice
794 3257 957 3322 existimo
982 3258 1061 3320 chel
1095 3260 1231 3320 barone
1263 3275 1330 3319 con
1366 3258 1399 3319 le
1433 3255 1504 3318 alli·

224 3374 310 3447 gate
334 3365 450 3428 scriva
473 3385 494 3427 a
517 3366 643 3448 pieno;
678 3371 735 3447 qul
767 3365 942 3428 evenuto
968 3385 989 3426 a
1013 3374 1138 3446 questo
1163 3362 1387 3426 serenissimo
1412 3362 1504 3444 prin·

225 3472 306 3556 cipe
331 3481 367 3535 et
391 3473 437 3535 ad
461 3493 516 3535 me
540 3493 642 3537 mess.
669 3470 854 3554 Stephano
871 3471 1067 3535 Broderico
1091 3472 1157 3534 che
1182 3470 1421 3533 ultimamente
1446 3489 1507 3532 era

224 3585 314 3644 costi
339 3588 481 3644 oratore
498 3581 554 3642 del
573 3578 678 3643 Sermo
703 3581 747 3642 de
772 3580 961 3662 Hungaria
984 3589 1021 3643 et
1048 3578 1095 3641 mi
1119 3581 1166 3641 ha
1188 3588 1329 3659 portate
1353 3586 1443 3639 tutte
1473 3578 1506 3640 le

225 3689 354 3750 lettere
379 3687 500 3748 scritte
525 3688 571 3749 da
594 3687 617 3749 li
643 3687 764 3767 agenti
790 3688 846 3749 del
872 3707 911 3748 re
947 3696 983 3748 et
1018 3687 1076 3747 del
1099 3685 1146 3748 R.
1172 3684 1437 3768 Strigoniense,
1469 3685 1505 3748 in

225 3796 262 3857 la
286 3795 381 3856 dieta
406 3793 441 3856 di
467 3792 503 3857 S.
529 3793 778 3873 Margheritta;
811 3795 846 3856 la
877 3814 962 3856 cosa
993 3814 1054 3856 era
1081 3792 1211 3855 ridotta
1245 3792 1311 3853 che
1335 3812 1400 3873 per
1425 3791 1506 3853 tutti

223 3900 251 3964 li
274 3901 387 3964 ordini
414 3900 443 3963 si
468 3902 687 3963 concludeva
723 3901 768 3962 de
804 3900 1017 3982 extirpanda
1048 3909 1146 3962 secta
1174 3898 1439 3962 Picardicorum
1472 3909 1508 3962 et

224 4010 291 4072 che
316 4007 340 4070 li
365 4007 524 4071 Calistini
549 4017 585 4070 et
608 4008 694 4071 boni
718 4007 903 4071 christiani
933 4006 1120 4071 unirentur
1151 4017 1186 4070 et
1216 4007 1277 4089 poi
1311 4006 1507 4068 dimandas·

224 4135 305 4179 sero
329 4116 459 4178 unione
484 4135 563 4177 cum
587 4114 755 4178 Romana
778 4114 941 4177 Ecclesia
965 4125 1001 4176 et
1025 4135 1046 4176 a
1072 4124 1196 4196 questo
1222 4115 1361 4176 dovevo
1390 4133 1509 4175 essere

225 4222 422 4301 chiamat0,
457 4221 481 4284 il
518 4223 583 4284 che
616 4223 821 4303 procedeva
854 4223 964 4284 molto
1000 4223 1114 4293 bene;
1151 4241 1208 4283 ma
1233 4221 1344 4283 credo
1368 4220 1509 4283 inimico

225 4329 350 4412 spiritu
374 4338 589 4411 procurante
619 4328 817 4391 havendosi
841 4349 862 4390 a
884 4327 962 4391 fare
995 4338 1121 4409 questa
1154 4328 1251 4391 dieta
1288 4346 1309 4388 a
1340 4326 1444 4388 Buda
1475 4326 1510 4387 in

224 4436 317 4500 festo
341 4435 527 4519 proximae
551 4435 745 4500 nativitatis
760 4436 897 4499 Beatae
910 4435 1081 4518 Virginis,
1105 4456 1192 4517 pare
1217 4436 1283 4498 che
1301 4434 1322 4495 'l
1345 4455 1384 4496 re
1409 4433 1505 4495 dubi-

224 4544 335 4607 tando
353 4545 419 4607 che
436 4563 506 4606 non
523 4544 658 4606 vellent
675 4543 809 4624 eligere
826 4546 1086 4623 gubernatores
1100 4541 1215 4622 regni,
1236 4560 1337 4603 come
1360 4540 1508 4603 intendo

227 4652 294 4714 che
317 4650 373 4714 fra
396 4650 559 4731 Hungari
584 4670 622 4712 se
647 4659 769 4726 tratta,
808 4669 914 4712 sanza
948 4658 1076 4730 saputa
1106 4649 1164 4712 del
1196 4648 1344 4711 consilio
1376 4648 1419 4711 nd
1450 4648 1510 4711 del

227 4778 319 4842 gran
344 4757 556 4821 cancelliere
579 4757 707 4820 scrisse
731 4778 752 4821 a
776 4755 910 4819 XXIV
941 4775 1094 4837 persone
1125 4756 1170 4817 de
1195 4754 1344 4817 Boemia
1374 4765 1410 4817 et
1433 4755 1511 4819 Mo.

227 4866 328 4932 ravia
341 4868 407 4929 che
423 4866 605 4929 venissero
629 4865 700 4927 alla
724 4863 820 4928 dieta
842 4862 974 4948 meglio
998 4862 1272 4948 accompagnati
1297 4871 1334 4926 et
1357 4879 1424 4925 con
1447 4862 1510 4947 piu
