3559 5734
716 562 946 622 ΗΒ99Ε>0

183 710 330 776 fessarsi
356 724 391 776 et
416 715 677 776 novellamente
693 715 729 775 in
746 724 872 794 questa
887 722 983 778 terra
999 724 1081 795 post
1098 715 1289 776 adventum
1305 711 1470 776 Caesaris

183 820 328 900 quidam
360 820 552 883 canonicus
581 831 616 883 et
647 828 765 883 custos
790 820 974 884 Ecclesiae
999 821 1113 883 sancti
1138 819 1283 883 Martini
1308 819 1469 882 Worma-

183 927 327 1008 tiensis,
361 928 468 991 horno
499 929 675 1009 prudente
700 935 735 990 et
758 927 1025 1008 honestissimo,
1056 928 1150 990 hami
1180 929 1278 990 detto
1303 929 1347 989 de
1372 936 1470 989 certo

184 1034 250 1096 che
274 1055 322 1096 un
347 1036 484 1116 grande
509 1055 547 1097 se
572 1035 590 1097 ἐ
615 1035 665 1097 ito
690 1056 711 1097 a
735 1034 920 1097 confessar
944 1034 980 1096 di
1004 1045 1154 1117 peccato
1180 1035 1214 1097 di
1240 1034 1381 1097 luxuria
1403 1055 1469 1096 con

183 1161 254 1204 una
278 1143 398 1204 donna
421 1142 465 1205 ne
489 1141 559 1204 mai
583 1143 629 1204 ha
652 1143 774 1204 voluto
799 1140 988 1222 specificat
1011 1162 1050 1205 se
1068 1143 1227 1223 vergine,
1253 1162 1291 1204 se
1307 1151 1470 1221 uxorata,

182 1269 221 1309 se
246 1259 408 1331 parente,
433 1258 469 1312 et
493 1268 563 1312 non
588 1250 779 1312 volendolo
803 1249 1008 1328 absolvere,
1033 1249 1128 1311 disse
1153 1251 1219 1312 che
1244 1270 1305 1311 era
1329 1250 1469 1312 absolto

182 1355 230 1417 da
254 1355 325 1418 Dio
357 1365 393 1419 et
424 1358 490 1419 che
523 1356 868 1419 sanctissimamente
900 1355 973 1419 cosi
1000 1356 1199 1439 insegnava
1224 1356 1368 1419 Luther.
1414 1357 1470 1419 De

182 1463 301 1543 questi
316 1463 466 1525 monstri
483 1484 527 1525 ne
543 1464 663 1546 saprei
679 1464 815 1526 scriver
830 1464 854 1525 li
870 1464 1029 1544 meliara,
1052 1485 1109 1526 ma
1125 1484 1196 1526 non
1212 1465 1334 1545 voglio
1350 1467 1471 1526 buttar

182 1569 246 1631 via
270 1570 314 1632 ne
340 1572 464 1633 charta
487 1571 531 1633 ne
556 1581 687 1652 temp0.

274 1677 316 1738 Li
342 1677 535 1741 Lutherani
568 1679 654 1760 ogni
687 1680 723 1741 di
755 1680 912 1760 pioveno
939 1679 1020 1741 libri
1045 1679 1154 1741 nuovi
1179 1683 1206 1742 sl
1231 1680 1266 1741 in
1292 1679 1469 1741 Alemano

181 1804 285 1846 come
309 1784 346 1847 in
370 1784 491 1865 latino,
516 1795 552 1847 et
576 1795 708 1848 tenono
726 1786 785 1867 qui
801 1806 872 1848 uno
890 1788 1123 1867 impressore,
1155 1787 1248 1849 dove
1264 1786 1334 1849 mai
1351 1785 1471 1847 avanti

179 1891 220 1953 fu
252 1892 314 1972 piu
347 1894 396 1953 tal
420 1892 592 1973 mestieri,
624 1892 669 1955 ne
694 1894 723 1955 si
748 1895 914 1956 vendono
939 1893 1019 1955 altri
1044 1893 1126 1955 libri
1150 1897 1220 1974 qul,
1245 1896 1311 1956 che
1336 1894 1381 1954 de
1405 1893 1470 1954 Lu·

179 2000 280 2079 ther,
316 1999 424 2061 etiam
457 2001 492 2061 in
520 2002 601 2062 aula
626 1999 785 2081 Cesaris,
816 2002 882 2064 che
906 2002 924 2063 ὲ
950 2022 1034 2063 cosa
1059 2002 1235 2081 stupenda
1259 2021 1359 2062 come
1383 2018 1471 2061 sono

179 2106 284 2185 uniti,
309 2116 346 2169 et
369 2116 532 2187 trovan0,
556 2107 591 2169 in
618 2111 756 2171 cumulo
781 2108 923 2181 danari;
949 2128 993 2171 ne
1011 2108 1040 2170 si
1059 2108 1082 2170 li
1098 2110 1181 2188 pole
1199 2109 1285 2170 dare
1300 2107 1471 2187 remedi0,

178 2212 256 2275 fino
281 2216 348 2276 che
372 2214 565 2277 habbiamo
590 2216 613 2277 li
638 2215 794 2278 mandati
819 2216 990 2297 expediti,
1016 2217 1050 2278 al
1073 2218 1138 2278 che
1155 2236 1265 2278 ancor
1280 2217 1345 2278 che
1361 2213 1472 2277 Cesar

178 2320 308 2382 habbii
333 2320 369 2381 in
393 2321 501 2401 pleno
517 2321 665 2383 consilio
683 2324 940 2402 commandat0,
965 2324 1155 2384 tuttavolta
1173 2343 1213 2385 ce
1228 2321 1422 2404 impedisce
1437 2322 1472 2383 la

179 2427 418 2510 expeditione
443 2427 467 2489 li
491 2427 619 2508 favori,
644 2430 709 2491 che
735 2438 828 2491 sotto
852 2450 934 2492 man
959 2430 1005 2491 da
1029 2429 1053 2490 il
1078 2430 1180 2491 Duca
1205 2430 1240 2491 di
1266 2426 1426 2491 Saxonia
1450 2449 1471 2490 a

179 2535 361 2614 Luthero,
386 2535 421 2597 la
444 2535 547 2597 rabia
572 2535 608 2597 di
631 2536 712 2599 tutti
737 2536 899 2617 Principi
923 2536 959 2597 di
984 2535 1191 2617 Germania,
1226 2538 1292 2599 che
1324 2536 1470 2598 eridano

179 2662 202 2703 a
225 2641 337 2704 Cesar
361 2651 487 2704 contra
511 2643 546 2703 di
572 2643 641 2723 noi,
666 2644 701 2705 le
724 2644 896 2724 consulte,
921 2643 957 2705 in
982 2644 1015 2705 le
1040 2644 1134 2724 quali
1159 2643 1281 2706 invitis
1305 2643 1471 2705 dentibus

178 2747 283 2828 meiS,
307 2768 364 2810 me
388 2749 507 2810 hanno
523 2749 668 2811 tandem
685 2758 833 2830 gettato,
859 2760 895 2812 et
915 2770 982 2831 pur
997 2771 1105 2813 ancor
1120 2752 1152 2813 el
1171 2751 1259 2832 diro,
1285 2753 1316 2813 el
1332 2750 1469 2813 defetto

179 2856 233 2917 dil
259 2857 396 2918 danaro
421 2858 467 2917 da
491 2876 607 2938 unger
631 2857 664 2919 le
687 2857 782 2919 mani
806 2857 921 2940 primo
951 2879 972 2921 a
1000 2860 1150 2939 qualche
1179 2858 1377 2939 secretarii,
1410 2858 1471 2939 poi

179 2964 246 3025 alli
270 2964 376 3025 sbirri
401 2962 437 3025 in
461 2964 649 3044 exequirli.
688 2964 760 3026 Pur
785 2965 870 3046 ogni
894 2966 983 3027 hora
1000 2985 1086 3027 sono
1104 2985 1287 3048 appresso,
1313 2973 1348 3026 et
1371 2963 1471 3026 accio

179 3091 256 3133 non
282 3091 320 3132 se
345 3070 517 3133 excusino
540 3090 606 3151 per
622 3073 656 3133 le
673 3073 762 3133 altre
779 3072 1006 3152 occupationi
1030 3073 1069 3135 Io
1092 3073 1286 3136 medesimo
1309 3073 1355 3133 bo
1381 3092 1469 3133 com·

179 3187 290 3260 posto
315 3179 348 3239 le
372 3174 506 3240 minute
530 3178 650 3259 latine,
674 3179 708 3241 le
732 3179 828 3260 quali
853 3177 914 3261 poi
937 3201 974 3241 se
990 3181 1109 3242 hanno
1125 3201 1146 3241 a
1162 3179 1218 3242 far
1233 3180 1268 3241 in
1285 3179 1471 3257 Alemano,

179 3285 248 3368 poi
273 3285 339 3348 che
364 3305 518 3348 saranno
544 3288 776 3368 comprobate
800 3306 866 3367 per
890 3286 914 3347 il
939 3287 1106 3371 conselio,
1132 3288 1167 3348 al
1192 3288 1257 3348 che
1281 3306 1338 3348 me
1353 3287 1471 3347 hanno

180 3394 271 3454 dato
295 3391 344 3455 fin
370 3392 429 3474 qui
455 3392 503 3454 X.
529 3394 699 3472 consulte,
725 3404 760 3455 et
784 3396 947 3475 besogna
967 3412 1169 3475 congregat
1185 3394 1333 3456 insieme
1351 3412 1472 3455 conse-

179 3499 264 3562 lieri
291 3499 326 3560 di
351 3508 442 3561 tutte
459 3499 605 3562 Nationi
631 3499 784 3562 subiette
808 3500 853 3561 ad
873 3498 992 3578 Cesar,
1018 3502 1083 3563 che
1108 3502 1126 3563 ἐ
1151 3522 1221 3564 una
1246 3500 1360 3581 fatiga
1384 3500 1471 3562 into·

180 3607 336 3669 lerabile
359 3609 405 3668 ad
430 3606 608 3679 adunarli;
635 3616 670 3669 et
686 3607 746 3689 poi
764 3607 908 3670 tandem
927 3609 1069 3688 quando
1087 3629 1175 3671 sono
1193 3607 1371 3670 daccordo
1388 3606 1472 3668 delli

181 3714 346 3777 mandati
375 3713 594 3777 referiscono
623 3716 656 3776 al
685 3713 857 3795 conselio,
892 3716 984 3776 dove
1014 3736 1052 3776 se
1081 3714 1167 3777 novi
1196 3714 1409 3795 conseglieri
1434 3735 1472 3775 se

181 3824 395 3899 abbatten0,
421 3823 487 3883 che
504 3841 575 3883 non
592 3820 683 3884 siino
700 3821 784 3883 stati
808 3822 843 3883 al
866 3822 981 3901 primo
1007 3820 1200 3904 conseglio,
1225 3824 1355 3884 voleno
1374 3821 1472 3902 ogni·

181 3948 257 3990 uno
281 3937 434 3990 mostrar
457 3930 490 3990 el
515 3928 631 4010 perito
657 3937 692 3990 et
715 3929 919 4010 aggiugner
943 3950 964 3990 0
990 3929 1170 4009 diminuir,
1196 3939 1231 3992 et
1255 3930 1300 3991 de
1325 3949 1419 3991 novo
1444 3928 1473 3990 si

182 4037 283 4097 dano
301 4034 545 4115 commissarii,
563 4038 591 4098 sl
609 4036 675 4098 che
690 4037 723 4097 le
740 4038 900 4098 consulte
913 4037 946 4097 le
962 4036 1058 4116 quali
1076 4056 1216 4117 sempre
1233 4036 1279 4098 da
1296 4035 1473 4117 principio

182 4146 235 4205 ho
259 4142 402 4224 fuggito
425 4143 474 4205 mi
498 4163 664 4225 vengano
689 4144 830 4224 adoss0,
853 4142 940 4206 volii
964 4162 984 4204 o
1010 4162 1080 4205 non
1106 4142 1203 4204 volii.
1248 4142 1404 4204 Adcedit
1428 4142 1473 4203 ad

183 4251 224 4311 id
249 4252 316 4313 che
341 4250 365 4311 li
389 4250 572 4313 secretarii
598 4252 664 4312 che
688 4251 807 4312 banno
832 4270 853 4310 a
876 4259 990 4312 mutar
1016 4250 1040 4311 il
1063 4250 1232 4311 mandato
1261 4249 1295 4311 in
1321 4250 1473 4313 Almano

184 4378 277 4420 sono
293 4357 596 4436 Lutheranissimi,
621 4367 681 4419 aut
698 4359 824 4420 saltem
848 4356 981 4418 inimici
1006 4354 1042 4417 di
1057 4356 1176 4419 Roma
1193 4376 1300 4437 sopra
1319 4357 1473 4433 modum,

184 4467 254 4528 che
278 4485 334 4527 me
359 4464 620 4546 stropiaranno,
646 4475 681 4527 et
698 4464 766 4526 Dio
792 4484 831 4526 sa
856 4484 965 4542 come,
993 4476 1028 4525 et
1054 4462 1114 4546 poi
1130 4463 1274 4525 tandem
1299 4464 1364 4524 che
1382 4471 1474 4523 tutto

184 4572 270 4635 sara
293 4571 384 4635 fatto
412 4592 482 4634 non
511 4573 558 4633 ho
587 4571 711 4633 danari
741 4573 786 4633 da
814 4571 905 4632 farlo
935 4569 1132 4653 imprimar,
1165 4579 1201 4632 et
1231 4570 1295 4631 dar
1323 4569 1474 4650 qualche

185 4700 274 4741 cosa
299 4699 365 4760 per
388 4678 475 4741 forsi
501 4690 605 4741 cento
629 4677 738 4761 sigilli
763 4679 830 4741 che
855 4675 929 4741 cosi
954 4676 1082 4739 dicono
1107 4678 1173 4739 che
1198 4697 1236 4739 se
1260 4676 1436 4738 recbiede.

278 4786 405 4867 Itaque
429 4805 499 4867 quo
523 4806 579 4849 me
603 4796 739 4849 vertam
762 4785 901 4865 nesci0,
926 4794 961 4848 et
985 4805 1073 4867 pure
1098 4786 1116 4847 ὲ
1142 4782 1226 4864 cosi,
1254 4785 1319 4848 che
1342 4784 1412 4846 mai
1435 4783 1474 4846 fu

186 4893 282 4961 vista
296 4897 346 4956 tal
368 4893 588 4976 confusione,
613 4914 657 4955 ne
682 4895 728 4955 ho
754 4912 935 4975 speranza,
960 4913 1005 4953 ne
1022 4912 1165 4954 recorso
1183 4894 1312 4954 alcuno
1329 4890 1350 4953 a
1367 4891 1474 4972 quelli

1284 4996 1315 5053 7*
