3559 5734
705 492 951 546 0-43439554

191 645 226 699 et
256 635 528 700 sollicitudinem
553 637 647 700 circa
677 635 745 700 ista
776 638 962 718 adhibeat,
1000 639 1055 702 cui
1078 649 1139 702 tua
1165 640 1341 703 Nobilitas
1373 641 1467 703 omni

192 763 258 824 ope
289 753 325 805 et
356 744 489 807 auxilio
520 756 559 806 ut
581 745 669 807 velit
700 743 889 826 suffragari
920 745 1016 809 illam
1040 746 1075 808 in
1100 747 1242 811 domino
1275 749 1467 810 hortamur.

278 868 418 931 Romae
443 871 537 951 apud
563 867 599 933 S.
625 870 769 933 Petrum
793 870 850 934 die
878 870 976 934 XXI
1001 871 1136 953 Aprilis
1158 871 1351 935 MDXXV
1374 892 1467 935 anno

191 977 356 1038 secundo.

729 1174 935 1185 mmmm-tw

791 1404 856 1468 202

479 1519 638 1601 Clemens
666 1520 745 1602 VII.
774 1454 895 1601 durnin
924 1521 1007 1601 duci
1035 1519 1181 1604 hehiee.

442 1668 535 1739 (olem.
552 1668 641 1741 Epist.
660 1668 698 1727 ed
715 1669 855 1742 Principes
873 1685 924 1742 per
942 1668 1064 1727 assolet.
1082 1668 1127 1728 iol.
1146 1670 1214 1739 tte.)

686 1789 739 1853 (23.
759 1788 862 1853 Aprilis
886 1787 971 1858 1525.)

278 1931 376 1993 Tuae
400 1930 540 1993 virtutis
570 1940 605 1993 et
629 1951 716 2014 erga
748 1951 918 1994 summum
949 1932 1064 1993 Deum
1096 1931 1280 2013 religionis
1310 1935 1466 2014 praecla-

190 2057 266 2100 rum
290 2036 527 2101 testimonium
560 2038 699 2101 litterae
724 2037 826 2101 nobis
856 2047 939 2101 tuae
973 2040 1231 2120 praebuerunt;
1269 2038 1305 2101 in
1341 2039 1468 2120 quibus

190 2164 267 2207 cum
291 2145 426 2207 dehac
451 2154 550 2207 tanta
575 2145 775 2208 calamitate
801 2143 1024 2224 Germaniae,
1059 2165 1150 2225 quae
1183 2145 1319 2208 artibus
1343 2166 1468 2228 perpe·

189 2249 255 2313 tuis
287 2250 399 2314 hostis
430 2251 499 2314 Dei
526 2271 591 2333 per
627 2251 701 2314 eius
736 2252 863 2333 impios
896 2251 1075 2315 ministros
1106 2253 1293 2315 lutherana
1327 2252 1467 2317 haeresi

188 2357 338 2422 infectos
362 2370 553 2440 procurata
584 2371 647 2435 est,
682 2358 926 2440 conquereris,
957 2358 1186 2440 ostendisque
1211 2360 1370 2423 dolorem
1403 2359 1466 2423 tibi

188 2465 330 2529 afficere
354 2468 422 2528 hoc
447 2466 603 2527 dedecus
636 2464 787 2528 nominis
811 2465 942 2528 Christi
968 2474 1004 2528 et
1035 2465 1249 2528 christianae
1282 2465 1466 2548 religionis

189 2574 360 2635 maculam
390 2584 497 2654 atque
522 2572 699 2650 iniuriam,
734 2582 807 2635 tum
832 2582 870 2634 ut
893 2592 978 2635 vere
1003 2591 1169 2654 magnum
1195 2582 1231 2635 et
1254 2572 1351 2653 pium
1374 2573 1467 2654 prin·

190 2680 304 2761 cipem
329 2679 434 2742 decet
462 2678 614 2742 animum
645 2679 848 2762 praesefers
879 2680 970 2742 hanc
1007 2691 1142 2741 tantam
1179 2677 1396 2761 impietatem
1432 2687 1467 2742 et

189 2788 303 2850 scelus
332 2785 507 2849 nefarium
531 2785 735 2848 vindicandi
759 2786 793 2847 in
824 2806 894 2868 quo
926 2785 1031 2848 etiam
1063 2807 1084 2848 a
1107 2786 1211 2849 nobis
1240 2789 1400 2868 postulas
1428 2796 1467 2850 ut

188 2894 251 2957 tibi
274 2894 493 2974 procedendi
517 2895 688 2956 adversus
716 2892 976 2956 ecclesiasticas
1008 2913 1191 2973 personaS,
1227 2913 1315 2975 quas
1338 2895 1466 2957 multas

189 3000 268 3063 labe
291 3002 360 3062 hac
384 2999 585 3081 inquinatas
609 3020 687 3062 esse
712 2999 832 3079 sentis,
857 2998 1064 3062 facultatem
1089 3010 1124 3061 et
1148 3009 1362 3082 potestatem
1386 3020 1464 3063 con-

190 3107 317 3170 cedere
348 3106 507 3169 velimus.
563 3105 676 3187 Quam
712 3127 777 3169 nos
809 3116 961 3169 mentem
997 3115 1033 3168 et
1065 3107 1160 3187 quod
1194 3095 1465 3188 prestantissimi

189 3213 359 3295 principis
383 3213 536 3275 studium
561 3213 707 3293 dignum
732 3213 801 3275 ista
833 3212 1019 3276 nobilitate
1048 3222 1084 3275 et
1118 3213 1186 3275 ista
1214 3212 1345 3274 virtute
1373 3234 1465 3294 quae

189 3321 289 3384 nobis
313 3339 454 3401 semper
477 3320 512 3382 in
536 3330 572 3382 te
597 3319 744 3402 egregia
768 3329 948 3402 etmagna
970 3332 1161 3401 perspecta
1184 3320 1259 3399 fuit,
1276 3322 1465 3383 vehemen-

190 3436 242 3490 ter
265 3427 301 3490 in
325 3426 478 3489 Domino
503 3427 788 3489 commendamus
812 3427 978 3507 omnique
1003 3439 1124 3489 nostra
1147 3426 1398 3489 benevolentia
1431 3436 1466 3489 et

191 3534 361 3597 charitate
391 3533 672 3614 complectimur,
706 3533 955 3614 dominumque
984 3534 1099 3596 Deum
1133 3533 1312 3615 supplices
1342 3554 1464 3596 exora·

191 3662 265 3704 mus
289 3650 328 3703 ut
351 3640 413 3703 tali
439 3650 567 3703 ettam
592 3640 767 3703 catholico
792 3640 945 3722 principi
969 3660 1124 3722 suaeque
1142 3640 1282 3703 divinae
1307 3641 1465 3716 maiesta-

190 3748 232 3812 tis
267 3747 393 3811 honori
418 3749 467 3810 ita
492 3747 613 3810 dedito
649 3748 806 3809 secunda
842 3746 960 3810 omnia
1000 3756 1036 3810 et
1068 3767 1242 3829 prospera
1266 3749 1465 3810 concedere

191 3855 366 3937 dignetur.
414 3854 518 3934 Quod
550 3874 636 3916 vero
674 3854 720 3915 ad
753 3853 936 3936 negotium
965 3853 1078 3935 ipsum
1111 3854 1253 3933 attinet,
1290 3852 1466 3925 credimus

190 3961 364 4026 nobilitati
389 3971 470 4023 tuae
495 3981 574 4024 esse
598 3971 719 4023 notum
743 3979 813 4041 quo
838 3981 903 4022 nos
927 3960 1054 4040 studio,
1078 3980 1150 4042 qua
1170 3959 1406 4023 sollicitudine
1431 3968 1467 4022 et

190 4090 272 4134 cura
297 4090 368 4132 non
393 4067 519 4131 litteris
543 4071 655 4131 solum
680 4079 714 4129 et
738 4068 945 4147 scribendo,
970 4068 1033 4130 sed
1059 4068 1188 4149 legatis
1213 4066 1348 4129 nunciis
1373 4087 1463 4130 com·

190 4159 428 4258 missariisque
451 4174 581 4237 nostris
605 4174 785 4237 mittendis
814 4173 972 4237 excitare
1004 4172 1154 4237 animum
1188 4175 1342 4236 omnium
1372 4173 1464 4255 prin·

191 4283 304 4365 cipum
330 4280 543 4345 Germaniae
568 4281 684 4343 conati
709 4280 878 4343 fuerimus
902 4289 942 4343 ut
965 4301 1043 4343 cum
1066 4280 1168 4342 ruina
1194 4289 1230 4343 et
1255 4280 1465 4342 detrimento

191 4389 402 4453 christianae
426 4408 534 4451 verae
558 4387 641 4451 fidei
666 4389 803 4450 cladem
828 4408 969 4470 quoque
994 4388 1047 4450 sui
1072 4396 1108 4450 et
1135 4383 1271 4449 ruinam
1302 4386 1463 4448 coniunc-

191 4508 260 4559 tam
296 4517 341 4558 ne
364 4495 617 4575 affirmaretur,
650 4495 712 4557 sed
746 4493 934 4557 obviarent
958 4494 1078 4576 pravis
1101 4492 1286 4575 principiis
1318 4512 1465 4575 quorum

190 4603 277 4667 fines
301 4614 338 4665 et
360 4601 477 4665 exitus
501 4611 539 4663 ut
563 4601 719 4682 ipsorum
744 4599 894 4683 primum
918 4600 1111 4681 perniciem
1135 4608 1255 4663 essent
1277 4598 1464 4680 irrupturi:

190 4710 224 4773 in
250 4730 319 4792 qua
342 4708 584 4772 admonitione
609 4719 644 4770 et
667 4707 913 4770 cohortatione
937 4728 959 4769 a
983 4708 1093 4770 nostri
1117 4705 1343 4789 pontificatus
1367 4706 1465 4769 initio

190 4818 368 4901 usquead
394 4817 487 4879 hunc
513 4814 604 4879 diem
629 4813 762 4878 assidui
785 4813 924 4896 fuimus,
949 4815 1111 4877 dolentes
1136 4824 1172 4877 et
1187 4820 1371 4897 gementes
1387 4834 1466 4878 eum
