3559 5734
718 549 927 606 ΚΒΜ-0

188 697 407 777 hortatorias
431 708 469 759 ut
494 697 603 759 velint
626 698 795 778 adjuvare
821 698 864 759 ad
891 697 1137 759 executionem
1154 696 1273 757 bullae
1291 704 1326 756 et
1346 691 1463 755 omnia

186 801 217 864 in
241 823 284 865 ea
307 811 555 865 contentorum
578 814 614 866 et
638 814 744 885 prout
766 804 945 866 videbitur
967 804 1090 866 melius
1107 802 1289 884 expedire,
1315 820 1462 882 quarum

186 908 293 970 forma
309 909 523 990 prudentiae
540 920 681 973 vestrae
697 911 918 993 relinquitur.
955 910 1072 973 Aliam
1092 931 1178 975 veto
1199 912 1332 972 bullam
1352 909 1461 990 plum-

186 1019 298 1078 batam
322 1016 487 1098 poteritis
512 1017 544 1079 ei
570 1017 728 1099 Principi
752 1020 810 1081 vel
830 1018 973 1081 domino
989 1028 1197 1100 presentare
1213 1016 1268 1079 cui
1286 1016 1399 1095 magis
1413 1015 1460 1074 vi·

185 1123 320 1185 debitur
343 1123 445 1186 vobis
465 1124 648 1204 expedire,
671 1126 789 1188 dando
808 1125 930 1208 copias
946 1127 1073 1188 multas
1087 1125 1248 1187 omnibus
1261 1123 1461 1185 volentibus

183 1229 1462 1314 illashabere,praesertimMetropolitanis,hortandoillosuteasmittant

184 1338 226 1399 ad
250 1357 333 1399 suos
358 1337 617 1419 suffraganeos
643 1350 678 1402 et
703 1342 747 1401 ad
765 1340 986 1403 Monasteria
1003 1350 1038 1402 et
1055 1338 1264 1420 collegiatas
1281 1335 1460 1413 ecclesias,

182 1446 412 1526 publicandas
446 1458 481 1507 et
514 1447 688 1527 legendas
724 1448 826 1527 juxta
859 1447 1007 1510 formam
1039 1447 1175 1523 bullae,
1210 1465 1346 1507 necnon
1374 1443 1461 1505 alias

180 1554 306 1615 multas
331 1552 472 1615 mittant
496 1556 541 1615 ad
566 1554 655 1616 alios
680 1555 973 1635 metropolitanos
997 1554 1174 1616 hortando
1199 1552 1278 1614 illos
1303 1560 1340 1614 ut
1370 1550 1460 1612 sirni-

180 1658 257 1720 liter
287 1659 429 1722 mittant
459 1662 504 1722 ad
538 1681 622 1723 suos
646 1661 894 1743 suffraganeos
919 1672 953 1724 et
977 1661 1056 1724 aliis
1080 1658 1362 1740 metropolitanis
1385 1677 1460 1719 suc·

178 1765 313 1829 cessive
345 1767 580 1848 publicandas
613 1781 649 1831 et
673 1771 864 1850 legendas,
898 1769 947 1831 ita
971 1778 1008 1831 ut
1032 1767 1244 1850 perveniant
1268 1766 1314 1827 ad
1338 1784 1460 1828 omnes

176 1874 360 1938 diocaeses
384 1885 419 1937 et
444 1876 614 1938 ecclesias
639 1875 862 1957 Germaniae.

265 1980 402 2061 Quarto
426 1982 593 2045 adhibitis
618 1993 689 2045 tam
714 1983 949 2045 Leodiensem
973 2003 1077 2063 quam
1102 1982 1191 2044 alios
1216 1982 1401 2043 Praelatos
1425 1991 1461 2041 et

179 2089 341 2150 dominos
359 2089 392 2150 in
410 2090 514 2152 Curia
533 2101 754 2171 exercentes,
779 2101 814 2152 et
838 2090 977 2152 facietis
1001 2090 1080 2152 illos
1104 2098 1273 2170 quantum
1299 2088 1365 2150 erit
1380 2108 1459 2168 pos-

176 2195 279 2259 sibile
303 2195 523 2259 favorabiles
546 2197 628 2259 huic
653 2207 776 2259 sancto
801 2197 911 2279 operi.

264 2302 434 2384 Quintus,
468 2304 496 2365 si
520 2303 696 2365 Martinus
726 2324 791 2385 per
821 2325 859 2366 se
892 2306 950 2366 vel
984 2304 1089 2367 alium
1121 2325 1167 2366 ex
1197 2303 1397 2366 fautoribus
1423 2314 1459 2363 ut

173 2410 452 2473 adhaerentibus
483 2411 555 2473 suis
584 2412 693 2474 vellet
724 2432 762 2474 se
789 2411 983 2493 justificare
1015 2423 1051 2474 et
1075 2421 1198 2494 petere
1223 2432 1262 2474 se
1286 2410 1399 2473 audiri
1424 2409 1457 2471 in

174 2517 280 2580 Curia
297 2518 474 2581 Caesaree
492 2518 690 2600 Maiestatis
714 2519 978 2601 respondebitis
998 2520 1070 2600 jam
1096 2518 1163 2580 sibi
1186 2519 1296 2580 luisse
1323 2537 1388 2598 per
1404 2516 1458 2575 8¹¹¹

172 2626 219 2686 D.
252 2624 293 2686 N.
329 2627 488 2689 oblatum
519 2628 656 2689 salvum
693 2627 906 2689 conductum
940 2638 978 2689 ut
1011 2627 1147 2689 veniret
1178 2627 1224 2688 ad
1256 2627 1458 2688 Romanam

173 2729 315 2793 Curiam
348 2741 383 2793 et
409 2730 541 2794 Sedem
579 2733 812 2813 apostolicam
846 2734 906 2796 ubi
941 2755 1069 2796 causae
1093 2735 1280 2796 haeresum
1306 2734 1349 2794 de
1380 2733 1457 2813 jure

170 2837 317 2899 tractari
348 2846 385 2900 et
410 2837 555 2901 diffiniri
585 2841 738 2918 debent,
769 2841 1051 2923 praesertimque
1083 2851 1271 2923 postquam
1303 2837 1456 2901 Sanctis·

171 2943 280 3006 simus
297 2944 375 3005 D¹¹¹¹⁵
392 2945 436 3009 N.
454 2946 621 3028 apposuit
646 2958 840 3011 manumet
864 2948 1117 3011 condemnavit
1140 2947 1338 3029 hujusmodi
1362 2966 1455 3008 erro·

170 3071 238 3131 res,
255 3072 347 3133 quae
360 3063 463 3134 gesta
476 3073 540 3135 per
554 3074 653 3116 suam
667 3055 890 3118 sanctitatem
906 3056 935 3118 si
953 3056 1038 3118 alibi
1057 3055 1344 3119 examinarentur
1360 3063 1455 3116 esset

170 3171 297 3223 contra
322 3181 461 3222 omnem
482 3160 653 3241 justitiam
679 3175 714 3225 et
739 3163 895 3225 divinam
911 3174 946 3225 et
960 3165 1160 3243 humanam,
1186 3174 1221 3225 et
1238 3162 1267 3223 si
1282 3160 1457 3224 Martinus

170 3268 280 3329 vellet
304 3267 410 3328 hodie
435 3269 480 3329 ad
505 3289 688 3331 romanam
712 3269 853 3332 Curiam
877 3270 1000 3333 venire
1026 3283 1060 3332 et
1084 3271 1133 3333 ibi
1158 3270 1283 3349 audiri,
1309 3279 1455 3350 paratus

170 3384 224 3435 est
249 3372 328 3435 ΒΜ
352 3374 396 3436 D.
414 3374 456 3436 N.
477 3375 579 3455 juxta
603 3374 752 3438 formam
776 3368 897 3440 bullae
921 3379 1007 3440 dare
1033 3378 1099 3440 sibi
1124 3376 1365 3458 plenissimum
1389 3375 1454 3437 sal·

169 3501 251 3542 vum
277 3482 501 3563 conductum,
527 3493 562 3545 et
586 3482 817 3547 libentissime
842 3505 921 3547 eum
946 3486 1079 3547 audire.

259 3588 372 3649 Sexto
405 3587 581 3652 scribatur
608 3588 673 3652 S¹¹¹⁰
698 3592 739 3653 l).
772 3590 813 3655 N.
850 3591 919 3653 cito
952 3605 987 3654 et
1018 3593 1197 3673 sigillatim
1233 3611 1454 3672 quecumque

168 3693 309 3755 facietis
342 3708 380 3756 ut
412 3716 478 3776 pro
511 3707 671 3778 ternpore
706 3698 819 3778 possit
853 3700 1046 3762 remedium
1071 3699 1213 3762 afferre:
1252 3708 1286 3761 et
1311 3698 1453 3761 domino

168 3799 298 3878 Joanni
323 3801 435 3864 Echio
469 3805 513 3865 de
546 3804 601 3865 his
634 3825 703 3885 que
735 3808 938 3869 necessaria
965 3807 1180 3870 videbuntur
1206 3827 1272 3888 pro
1297 3807 1452 3888 publiea-

170 3906 267 3968 tione
293 3918 329 3970 et
353 3909 564 3971 executione
589 3912 764 3973 bullarum
790 3912 822 3973 ei
848 3913 1126 3995 commissarum,
1155 3924 1194 3976 ut
1217 3915 1262 3976 sit
1286 3917 1382 3976 bono
1407 3916 1453 3976 ad

169 4013 433 4095 expediendum
465 4016 599 4096 omnia,
633 4027 669 4080 et
699 4018 729 4080 si
764 4001 990 4101 contingeret
1020 4042 1084 4083 vos
1118 4021 1272 4085 conferri
1303 4023 1348 4084 ad
1373 4023 1453 4083 loca

169 4140 248 4182 cum
268 4120 348 4203 ipso
363 4121 517 4185 Domino
536 4124 684 4205 Joanne,
709 4146 775 4206 pro
799 4126 998 4207 hujusmodi
1024 4129 1266 4210 publicatione
1291 4129 1376 4191 nihil
1400 4129 1448 4190 fa·

169 4227 269 4289 cietis
292 4240 414 4309 preter
438 4231 647 4294 sententiam
673 4243 708 4295 et
733 4254 944 4296 consensum
969 4237 1053 4317 ejus,
1079 4247 1114 4299 et
1138 4236 1298 4298 similiter
1321 4237 1350 4298 si
1371 4256 1449 4298 con·

168 4333 323 4415 tingeret
339 4335 417 4417 ipso
435 4337 585 4400 llomino
601 4339 740 4418 Joanne
758 4343 932 4404 accedere
949 4344 994 4404 ad
1015 4344 1155 4405 Curiam
1177 4344 1339 4406 Caesaris
1364 4343 1450 4406 nihil

168 4440 245 4522 ipse
270 4440 378 4504 faciet
401 4464 467 4506 nec
492 4448 720 4526 attemptabit
744 4448 820 4510 sine
844 4449 993 4511 consilio
1017 4462 1147 4514 vestro.

258 4548 391 4610 Ultimo
404 4551 631 4614 hortabimini
649 4564 720 4617 tam
735 4554 946 4618 Caesaream
962 4557 1185 4638 Majestatem
1206 4580 1311 4640 quam
1327 4579 1450 4621 omnes

171 4654 355 4736 Principes
381 4667 418 4717 ut
440 4669 522 4737 post
546 4660 824 4740 publicationem
849 4665 968 4727 bullae
986 4676 1020 4727 et
1038 4665 1174 4747 lapsum
1190 4666 1327 4729 termini
1352 4667 1386 4728 in
1407 4688 1451 4729 ea

168 4763 324 4824 contenti
349 4762 523 4827 Martinus
556 4767 730 4848 capiatur,
762 4780 797 4831 et
827 4781 865 4832 ut
896 4770 1034 4834 vinctus
1067 4775 1215 4836 ducatur
1239 4775 1284 4836 ad
1309 4773 1449 4836 Curiam

167 4867 367 4931 Romanam
384 4880 423 4931 ut
448 4873 627 4957 condigna
650 4896 767 4957 poena
790 4878 969 4960 puniatur,
993 4891 1053 4942 aut
1077 4883 1201 4943 saltem
1225 4881 1301 4964 ipse
1326 4902 1446 4962 sequa·
1495 4916 1497 4927 =
