3559 5734
839 510 1087 568 QUOS-*0

319 680 388 744 que
413 680 511 724 suam
539 677 738 743 agnoscere
770 660 897 740 vellet,
929 658 948 720 a
979 658 1084 722 nobis
1115 671 1265 741 paterna
1297 661 1476 725 charitate
1508 663 1603 725 obla·

319 774 392 833 tam
424 767 566 850 penitus
599 766 821 849 neglexerit,
855 776 891 829 et
924 767 969 830 ad
1003 787 1068 830 nos
1100 767 1206 831 etiam
1230 772 1296 831 sub
1320 770 1604 833 salvoconductu

320 876 475 958 benigne
490 885 649 955 vocatus,
674 883 710 936 et
733 873 904 937 invitatus
920 873 1043 937 venire
1068 873 1210 938 omnino
1236 882 1468 957 recusaverit,
1493 898 1604 940 suam-

320 1000 389 1064 que
421 983 458 1046 in
492 1002 557 1046 nos
589 980 876 1045 maledicentiam
909 1001 950 1042 ac
985 982 1149 1044 heresum
1184 981 1418 1064 pertinaciam
1448 983 1603 1047 auxerit:

321 1089 425 1170 Quod
453 1110 540 1154 vero
572 1087 755 1171 subiungit
784 1087 917 1151 frustra
939 1088 1039 1169 pacis
1064 1088 1286 1152 conditiones
1314 1110 1537 1173 proponere,
1568 1091 1604 1152 id

319 1217 390 1261 non
415 1195 622 1279 simpliciter
646 1195 779 1258 dictum
803 1198 867 1257 sed
898 1215 942 1257 ex
974 1194 1106 1258 intimis
1138 1196 1327 1278 superbiae
1358 1197 1522 1260 archanis
1545 1200 1604 1260 de·

319 1313 523 1385 promptum
547 1315 616 1382 est,
641 1302 743 1384 quasi
768 1301 883 1365 victor
907 1302 985 1385 ipse
1010 1301 1062 1383 (ut
1086 1323 1202 1365 serum
1227 1324 1313 1385 sepe
1337 1305 1491 1386 vigilans
1515 1324 1602 1375 som·

320 1411 407 1491 niat)
433 1409 674 1474 condictionis
698 1409 798 1490 pacis
823 1408 926 1472 nobis
951 1408 1098 1488 offerre,
1132 1430 1202 1472 non
1237 1422 1355 1473 autem
1387 1411 1482 1475 humi
1506 1433 1603 1503 pros-

320 1529 432 1581 tratus
456 1517 654 1580 facinorum
678 1538 719 1579 ac
745 1517 920 1580 scelerum
945 1537 1087 1579 suorum
1111 1518 1309 1598 supplicem
1325 1518 1467 1582 veniam
1492 1529 1526 1582 et
1551 1540 1603 1581 sa-

319 1628 470 1687 lutarem
493 1624 751 1707 poenitentiam
776 1645 797 1686 a
821 1624 924 1687 nobis
947 1633 1072 1705 petere
1096 1625 1270 1688 debuerit.
1319 1626 1414 1688 Dicit
1435 1627 1541 1690 etiam
1565 1636 1605 1689 ut

320 1732 529 1799 modestiam
553 1731 703 1811 simulet,
727 1752 765 1795 se
781 1731 915 1795 frustra
931 1731 1064 1795 erudiri
1080 1732 1226 1795 meliora
1241 1736 1435 1814 postulare,
1461 1755 1539 1797 cum
1565 1733 1601 1796 in

320 1839 487 1918 diversis,
522 1838 627 1902 etiam
652 1840 698 1902 ad
722 1859 786 1902 nos
812 1838 986 1920 epistolis,
1012 1848 1047 1901 et
1071 1839 1150 1902 aliis
1174 1839 1303 1902 libellis
1327 1840 1419 1921 suis,
1444 1841 1602 1904 dictante

320 1946 387 2009 sibi
411 1946 560 2009 lucifero
585 1946 735 2028 scriptis,
761 1946 879 2028 palam
904 1955 940 2008 et
963 1957 1087 2027 aperte
1112 1956 1262 2009 testatus
1285 1946 1410 2029 fuerit,
1442 1968 1486 2010 ea
1509 1968 1601 2030 quae

320 2054 410 2116 dixit
434 2075 472 2117 se
506 2075 576 2117 non
610 2053 790 2132 dubitare,
824 2053 888 2115 sed
922 2062 1085 2135 paratum
1119 2074 1198 2117 esse
1231 2053 1349 2135 ignem
1384 2064 1419 2118 et
1453 2066 1601 2119 mortem

319 2161 500 2243 suscipere
529 2182 596 2244 pro
628 2160 713 2241 illis,
746 2170 782 2223 et
814 2160 1009 2222 hereticum
1043 2181 1204 2223 asserere
1229 2181 1368 2224 omnem
1393 2162 1452 2243 qui
1476 2174 1602 2224 contra

319 2269 488 2350 sapuerit,
513 2289 577 2331 nec
603 2289 641 2331 se
658 2278 870 2331 mutaturum
885 2267 1108 2348 sententiam,
1133 2267 1216 2349 quia
1239 2268 1427 2331 veritatem
1444 2269 1603 2331 divinam

318 2377 502 2457 loquatur,
535 2384 571 2438 et
601 2377 704 2458 plura
735 2374 935 2437 huiusmodi
959 2374 1147 2455 stultitiae,
1172 2384 1208 2437 et
1231 2375 1460 2458 arrogantiae
1483 2378 1602 2459 plena,

319 2503 530 2565 omnemque
564 2503 686 2546 sanam
721 2483 919 2544 doctrinam
955 2481 1170 2563 respuentia.
1226 2482 1383 2563 Quorum
1419 2483 1502 2546 licet
1532 2484 1602 2546 sibi

320 2591 365 2653 sit
389 2590 561 2669 conscius,
588 2598 704 2651 tamen
729 2599 768 2652 ut
792 2588 984 2652 falsitatem
1008 2609 1106 2651 suam
1131 2588 1294 2652 omnibus
1318 2599 1439 2652 notam
1452 2589 1601 2671 faceret,

319 2696 496 2779 Majestati
520 2697 618 2758 ‘l'uae
641 2696 774 2758 frustra
798 2695 967 2777 illudere,
992 2716 1033 2758 ac
1057 2716 1096 2758 se
1120 2695 1346 2759 innocentem
1369 2697 1536 2760 humilem
1566 2708 1603 2759 et

318 2804 515 2867 modestum
550 2801 688 2884 fingere
723 2823 765 2865 ac
801 2802 966 2865 simulare
1006 2802 1148 2882 nititur,
1184 2824 1263 2868 oum
1304 2823 1484 2885 nunquam
1520 2805 1602 2867 talis

319 2911 427 2974 fuerit
450 2912 508 2974 vel
533 2931 612 2973 esse
637 2910 825 2991 curaverit,
850 2910 1006 2991 quinimo
1031 2911 1210 2974 contraria
1226 2910 1280 2973 his
1297 2911 1487 2974 virtutibus
1503 2910 1601 2992 vitia,

319 3018 408 3080 sicut
432 3018 507 3080 eius
532 3038 643 3100 opera
667 3028 703 3080 et
727 3017 863 3100 scripta
885 3021 1058 3099 probant,
1091 3038 1233 3099 semper
1265 3020 1452 3100 amplexus
1483 3019 1600 3083 fuerit.

321 3125 447 3188 Utrum
470 3145 557 3188 vero
582 3124 721 3186 stultius
745 3145 788 3186 an
814 3125 1003 3206 superbius
1028 3124 1115 3187 illud
1143 3135 1212 3207 est,
1244 3126 1339 3206 quod
1363 3126 1430 3207 ait,
1461 3126 1496 3189 in
1520 3147 1601 3190 eum

319 3232 448 3315 parari,
473 3242 511 3295 ut
535 3232 765 3314 extinguatur
790 3252 866 3294 cum
888 3232 1102 3315 evangelio?
1127 3232 1227 3312 quasi
1244 3234 1379 3314 absque
1403 3233 1482 3315 ipso
1504 3236 1601 3297 nullo

318 3349 424 3422 pacto
449 3352 543 3403 stare
568 3351 691 3421 queat,
722 3350 757 3403 et
782 3361 860 3402 cum
885 3340 964 3421 ipso
988 3340 1151 3421 protinus
1174 3340 1398 3403 interiturum
1421 3342 1466 3404 sit
1491 3362 1598 3404 evan·

319 3447 468 3530 gelium,
501 3446 561 3529 qui
590 3448 619 3509 si
643 3448 735 3510 adeo
759 3456 855 3510 totus
879 3447 1109 3529 evangelicus
1133 3457 1203 3528 est,
1238 3457 1276 3509 ut
1300 3468 1378 3512 esse
1403 3448 1600 3530 profitetur,

319 3575 359 3616 ac
384 3575 450 3636 pro
475 3575 517 3617 eo
542 3554 700 3638 martyrii
724 3555 875 3637 gloriam
901 3555 1001 3635 quasi
1026 3554 1188 3634 affectat,
1220 3575 1281 3617 cur
1312 3565 1501 3638 tantopere
1533 3555 1600 3618 sibi

318 3672 440 3744 cavet,
474 3671 513 3724 ut
545 3682 611 3726 nec
636 3664 736 3725 salvo
762 3662 941 3724 conductu
965 3662 1140 3742 munitus,
1165 3664 1210 3724 ad
1235 3682 1301 3725 nos
1324 3684 1477 3744 unquam
1501 3675 1599 3725 acce-

319 3770 422 3850 dere,
455 3768 564 3832 fuerit
597 3790 716 3850 ausus,
751 3779 787 3833 et
811 3790 855 3832 ne
881 3789 973 3832 nunc
998 3769 1141 3851 quidem
1166 3790 1286 3832 coram
1310 3771 1390 3834 ullis
1413 3770 1600 3851 iudicibus,

319 3875 385 3939 nisi
411 3896 480 3938 non
505 3877 679 3959 suspectis
703 3887 739 3939 et
773 3879 838 3940 sub
871 3875 942 3939 fide
977 3876 1122 3959 publica
1156 3876 1302 3957 idonea,
1339 3888 1376 3941 et
1410 3877 1602 3942 sufficienti

318 3986 495 4046 conductu
529 3984 642 4047 libero
677 3982 730 4070 (ut
760 3987 836 4068 ipse
860 3984 1027 4066 loquitur)
1052 4003 1091 4046 se
1119 3985 1394 4066 compariturum
1426 3987 1601 4048 testatur?

319 4088 412 4171 Quid
449 4101 503 4153 est
538 4092 632 4173 quod
669 4091 766 4154 illum
801 4091 893 4153 adeo
929 4090 1089 4153 timidum
1125 4100 1161 4152 et
1194 4090 1426 4172 suspiciosum
1460 4093 1600 4155 reddit?

318 4197 405 4260 nihil
429 4196 526 4260 aliud
550 4198 715 4280 profecto
739 4219 845 4280 quam
868 4199 962 4262 mala
985 4198 1097 4280 ipsius
1123 4199 1346 4262 conscientia
1371 4199 1601 4282 nefariaeque

318 4304 571 4387 cogitationes,
602 4327 694 4388 quae
726 4306 822 4369 illum
853 4305 930 4368 dies
961 4315 1156 4388 noctesque
1184 4306 1234 4369 ita
1257 4306 1461 4389 exagitant,
1492 4317 1601 4389 atque

318 4412 517 4493 deterrent,
547 4423 586 4475 ut
618 4433 663 4476 ea
685 4433 826 4496 quoque
857 4413 997 4492 timeat,
1030 4433 1122 4494 quae
1155 4414 1242 4476 nihil
1272 4414 1416 4477 omnino
1448 4426 1530 4477 sunt
1560 4414 1599 4476 ti·

319 4522 464 4598 menda,
502 4540 567 4582 nec
603 4540 757 4601 unquam
790 4519 876 4583 satis
907 4528 1003 4581 tutus
1036 4519 1103 4582 sibi
1133 4521 1201 4602 ipsi
1231 4521 1414 4601 videatur,
1449 4543 1490 4585 ac
1521 4542 1599 4603 pro-

317 4636 461 4707 pterea,
505 4647 543 4689 se
581 4627 616 4689 in
656 4627 868 4691 secularium
907 4625 1087 4708 Pricipum
1127 4628 1328 4692 clientelam
1370 4628 1525 4709 dederit,
1565 4639 1601 4691 et

319 4753 397 4795 cum
421 4732 565 4795 Huteno
596 4733 828 4815 pluribusque
860 4732 939 4796 aliis
970 4731 1198 4814 facinorosis,
1231 4748 1266 4799 et
1290 4736 1503 4799 seditionum
1526 4735 1599 4799 fau-

318 4840 455 4904 toribus
481 4840 760 4904 coniurationem
787 4852 822 4903 et
852 4841 979 4903 foedus
1012 4840 1145 4914 inierit;
1178 4842 1246 4925 Qui
1277 4844 1307 4906 si
1334 4853 1430 4906 esset
1456 4854 1494 4905 ut
1520 4864 1600 4908 eum
