3559 5734
786 539 1033 601 emme-0

269 693 397 758 dirizzo
435 695 502 758 alle
534 713 616 757 cose
651 691 755 775 gravi
791 702 826 753 et
861 689 998 752 difficili
1031 711 1052 751 a
1074 688 1176 752 farne
1201 686 1479 766 deliberatione,
1516 693 1552 748 et

268 801 454 865 iacendosi
477 802 512 863 la
537 800 633 863 dieta
657 801 810 862 sarebbe
835 800 881 860 da
905 816 1098 880 procurare
1121 817 1222 859 come
1247 795 1378 859 Cesare
1412 796 1477 857 che
1507 794 1552 855 de

268 911 302 972 le
327 930 410 972 cose
435 911 479 971 de
503 911 539 971 la
559 907 656 987 sede,
680 908 725 969 de
749 905 773 967 li
798 905 996 987 gravamini
1020 905 1078 966 del
1104 902 1265 966 Concilio
1288 912 1323 966 et
1347 903 1437 965 simil
1462 902 1552 963 altre

269 1017 417 1079 materie
442 1036 513 1078 non
538 1015 568 1077 si
591 1016 744 1077 havesse
768 1033 790 1074 a
813 1014 970 1093 parlare,
1004 1032 1059 1074 ma
1092 1013 1169 1074 solo
1200 1021 1236 1074 et
1267 1010 1551 1073 absolutamente

269 1145 308 1186 se
331 1143 534 1186 recercasse
559 1124 625 1184 che
658 1123 692 1183 le
724 1140 807 1182 cose
831 1119 860 1181 si
894 1119 1116 1181 'riducessino
1149 1120 1220 1181 alla
1250 1117 1399 1199 pristina
1432 1119 1551 1178 obser·

268 1222 388 1293 vantia
413 1241 448 1292 et
482 1228 759 1299 consuetudine;
799 1229 936 1290 bench&
974 1227 1008 1288 di
1043 1225 1125 1289 iarli
1160 1236 1280 1288 tacere
1312 1224 1406 1286 circa
1435 1221 1551 1304 questi

269 1338 371 1421 punti
395 1336 527 1400 iudichi
552 1356 671 1398 essere
696 1337 805 1397 molto
830 1333 987 1414 difficile,
1012 1333 1210 1396 ordinando
1235 1331 1270 1394 di
1295 1351 1412 1394 nuovo
1437 1331 1503 1392 che
1527 1329 1551 1390 li

270 1444 510 1526 oppugnatori
539 1454 574 1505 et
598 1443 772 1505 turbatori
796 1444 841 1504 de
866 1443 917 1523 gli
950 1441 1064 1504 ordini
1095 1440 1227 1503 antichi
1260 1440 1360 1501 iuxta
1393 1439 1425 1499 el
1458 1457 1550 1499 man-

205 1560 207 1564 ’
270 1554 354 1613 dato
384 1550 420 1612 di
448 1547 492 1613 S(
516 1550 580 1612 Ma
605 1549 751 1612 fusseno
786 1549 951 1631 castigati
985 1563 1021 1610 et
1049 1548 1206 1611 secondo
1237 1546 1261 1608 il
1295 1556 1419 1608 tenore
1448 1546 1551 1606 dele

269 1658 372 1720 Bolle
397 1659 441 1719 de
472 1659 507 1719 la
532 1654 626 1719 Sede
651 1658 880 1738 Apostolica3
913 1668 949 1717 et
978 1676 1043 1737 per
1067 1654 1196 1718 indurli
1220 1676 1241 1717 a
1265 1662 1390 1735 questo
1415 1652 1466 1735 gli
1489 1673 1549 1733 po·

267 1767 395 1826 trebbe
420 1765 505 1826 dare
529 1763 727 1826 intentione
752 1762 788 1828 S.
813 1764 877 1825 Mn
894 1783 994 1826 come
1019 1765 1064 1825 da
1088 1784 1127 1825 se
1152 1763 1188 1823 di
1204 1781 1395 1842 procurare
1413 1772 1449 1822 et
1462 1759 1550 1822 Con-

267 1870 348 1934 cilio
373 1881 409 1933 et
432 1869 553 1932 debita
576 1871 780 1951 provisione
805 1880 841 1932 et
864 1870 1117 1933 reformatione
1141 1871 1175 1932 al
1192 1878 1294 1948 tutto,
1310 1868 1550 1949 soggiugnen·

268 1979 431 2041 doliche
463 1998 529 2059 per
556 1979 589 2039 la
619 1978 756 2058 grande
787 1977 1015 2058 importantia
1044 1979 1088 2040 de
1117 1978 1150 2038 le
1184 1996 1268 2038 cose
1299 1976 1485 2037 tractande
1515 1973 1549 2035 in

267 2086 362 2148 dicta
386 2085 482 2148 dieta
505 2082 541 2148 S.
568 2085 614 2148 M.
640 2085 805 2147 desidera
820 2084 1041 2146 intervenirli
1056 2087 1345 2166 personalmente
1362 2094 1397 2144 et
1412 2081 1550 2143 intanto

267 2192 296 2255 si
319 2191 464 2253 trovarai
488 2192 592 2253 modo
618 2202 653 2254 et
684 2192 741 2254 via
773 2190 809 2253 di
840 2200 989 2254 trattare
1024 2210 1090 2253 con
1121 2188 1157 2254 S.
1183 2191 1228 2252 M.
1256 2209 1363 2271 super
1387 2188 1551 2250 omnibus

267 2309 304 2361 et
327 2297 476 2380 dirizare
501 2299 534 2361 le
558 2317 642 2360 cose
674 2320 695 2360 a
727 2298 864 2361 camino
896 2300 989 2361 dove
1022 2297 1074 2360 sia
1107 2297 1128 2360 l’
1153 2300 1289 2359 honore
1321 2306 1357 2359 et
1388 2306 1480 2358 stato
1514 2296 1550 2355 di

268 2404 324 2468 Sta
339 2404 467 2474 Chiesa
491 2414 527 2467 et
550 2405 571 2467 l'
588 2405 756 2467 auttorita
781 2416 816 2467 et
840 2405 978 2488 dignita
1002 2407 1038 2467 di
1063 2405 1104 2469 N.
1131 2401 1167 2469 S.

361 2513 407 2575 Et
429 2513 560 2593 perche
584 2513 620 2575 in
644 2514 678 2575 la
702 2514 830 2575 lettera
859 2514 917 2575 del
941 2512 1149 2576 Tridentino
1179 2511 1289 2574 fanno
1313 2509 1491 2573 mentione
1515 2508 1550 2569 di

267 2622 388 2683 volere
413 2618 575 2682 intimare
600 2620 635 2682 la
658 2619 754 2682 dieta
778 2640 800 2681 a
824 2617 860 2682 S.
876 2620 1063 2700 Michaele‚
1087 2619 1204 2683 iudico
1232 2622 1299 2681 che
1328 2617 1379 2680 sia
1404 2617 1549 2698 expedi·

268 2740 349 2790 ente
374 2729 439 2790 che
463 2726 579 2789 subito
604 2726 646 2789 N.
672 2724 708 2789 S.
734 2727 928 2807 expedisca
953 2729 985 2789 el
1003 2727 1135 2789 Nontio
1159 2729 1194 2788 al
1210 2725 1435 2788 serenissimo
1452 2724 1547 2786 Prin-

268 2835 347 2916 cipe
372 2834 551 2896 dieendoli
568 2834 633 2895 che
649 2833 900 2896 intendendosi
930 2836 995 2895 che
1024 2834 1053 2896 si
1078 2837 1183 2896 vuole
1207 2831 1369 2895 intimare
1394 2833 1429 2893 la
1453 2831 1549 2893 dieta

267 2952 303 3005 et
327 2945 393 3005 che
416 2941 539 3023 voglia
563 2960 660 3003 esser
689 2949 856 3002 contenta
888 2939 962 3002 Sua
990 2939 1155 3003 Serenita
1187 2940 1399 3021 prorogarla
1427 2938 1547 3000 sinchi-

267 3052 314 3113 ha
329 3069 447 3112 nuova
463 3047 708 3110 commissione
726 3049 772 3109 da
790 3047 931 3127 Cesare‚
948 3049 1019 3109 alla
1043 3049 1147 3129 quale
1171 3049 1251 3109 dica
1275 3049 1407 3110 havere
1424 3045 1548 3107 scritto

266 3176 331 3238 per
354 3158 459 3219 homo
485 3176 505 3216 a
529 3165 642 3235 posta,
660 3155 945 3235 persoadendola
970 3175 1035 3217 con
1062 3166 1151 3217 tutte
1177 3155 1294 3236 quelle
1318 3152 1457 3234 regioni
1482 3153 1548 3214 che

158 3343 162 3350 ἢ
266 3285 288 3326 a
312 3261 348 3327 S.
374 3261 425 3325 ge
451 3282 711 3325 occorreranno
735 3262 793 3342 pili
820 3273 1030 3343 opportune.

355 3368 403 3432 Se
426 3370 463 3431 la
487 3367 583 3430 dieta
608 3367 637 3429 si
661 3366 799 3431 facesse
825 3389 890 3431 con
922 3380 1046 3450 questa
1078 3369 1285 3432 limitatione
1321 3369 1387 3430 che
1417 3387 1485 3429 non
1519 3366 1546 3428 si

269 3478 429 3559 parlasse
463 3475 498 3537 di
530 3473 687 3537 Concilio
720 3474 765 3537 ne
798 3475 833 3538 di
858 3496 943 3538 cosa
966 3477 1166 3558 pertinente
1191 3478 1262 3539 alla
1284 3475 1367 3538 fede
1392 3494 1461 3536 non
1486 3494 1546 3555 po·

270 3586 396 3647 trebbe
420 3583 583 3645 risultare
608 3602 692 3643 cosa
716 3583 876 3645 dannosa
900 3585 943 3666 ne
968 3585 1119 3646 sarebbe
1144 3582 1345 3645 necessaria
1369 3582 1390 3644 l'
1416 3583 1548 3643 andata

271 3692 307 3754 di
332 3712 378 3782 un
403 3693 525 3771 legato
549 3697 586 3752 et
609 3692 875 3752 bastarebbono
907 3691 1023 3753 alcuni
1047 3690 1156 3753 buoni
1186 3689 1288 3752 brevi
1316 3688 1547 3751 exhortatorii

270 3822 291 3862 a
305 3799 404 3861 ridur
415 3800 449 3860 le
467 3818 549 3859 cose
566 3798 599 3858 al
612 3795 761 3877 pristino
779 3807 881 3878 stam,
903 3798 1085 3860 mettendo
1103 3797 1217 3859 ordini
1234 3796 1342 3858 buoni
1372 3807 1407 3857 et
1431 3795 1548 3857 stabili

271 3927 336 3988 per
358 3904 485 3987 punire
509 3903 534 3965 li
558 3902 706 3965 heretici
731 3914 766 3964 et
790 3912 915 3984 potere
948 3925 1011 3966 sua
1039 3901 1091 3964 ge
1108 3913 1241 3984 quanto
1273 3903 1297 3964 li
1330 3901 1459 3983 parere
1489 3922 1547 3963 ex·

270 4014 439 4094 pediente
464 4023 499 4073 et
523 4008 668 4072 offerirli
694 4021 730 4071 et
753 4011 949 4073 sumetterli
972 4013 1156 4092 seguendo
1181 4011 1299 4092 quello
1324 4009 1391 4072 che
1415 4010 1460 4070 da
1485 4008 1547 4071 Ce-

269 4140 349 4182 sare
373 4120 397 4181 li
421 4117 500 4179 sara
524 4116 625 4178 iuxta
648 4116 821 4198 premissa
845 4118 944 4180 detto
969 4128 1005 4179 et
1028 4138 1222 4199 promesso.

357 4225 402 4287 Et
427 4226 567 4307 quando
591 4243 659 4304 pur
682 4225 717 4286 la
740 4224 961 4287 intimatione
985 4225 1021 4285 di
1047 4234 1172 4306 questa
1197 4224 1292 4287 dieta
1328 4245 1397 4287 non
1428 4223 1456 4286 si
1486 4245 1547 4306 po-

269 4344 363 4396 tesse
388 4332 605 4414 prolongare
629 4331 672 4392 ne
697 4332 831 4395 havere
855 4333 889 4393 la
914 4333 1012 4394 detta
1036 4331 1240 4413 provisione
1265 4334 1312 4395 da
1336 4332 1481 4413 Cesare,
1513 4333 1547 4394 io

270 4461 336 4503 con
362 4438 482 4502 debita
513 4437 716 4500 reverentia
743 4439 835 4502 sarei
876 4442 921 4501 de
948 4438 1114 4520 opinione
1143 4440 1208 4501 che
1241 4441 1336 4501 nullo
1368 4449 1473 4521 pacto
1509 4461 1548 4501 se

271 4547 323 4630 gli
345 4545 534 4609 mandasse
559 4546 690 4627 legato,
715 4546 848 4627 perche
872 4546 995 4609 dubito
1011 4547 1077 4609 che
1102 4548 1254 4608 sarebbe
1286 4566 1385 4609 come
1411 4548 1428 4609 ὲ
1453 4556 1547 4610 stato

270 4665 306 4718 et
329 4675 399 4716 non
424 4656 582 4737 potendo
606 4654 641 4717 in
665 4663 756 4716 tutto
781 4653 954 4735 reprimor
986 4664 1112 4734 questa
1143 4663 1244 4735 peste
1274 4664 1309 4715 et
1336 4653 1474 4716 insania
1503 4653 1548 4716 ne

270 4772 430 4825 ottenere
454 4764 488 4824 le
513 4760 632 4823 debite
656 4760 851 4843 provisioni
874 4781 896 4823 a
924 4761 996 4840 cih,
1027 4762 1179 4823 sarehbe
1215 4761 1306 4823 assai
1336 4761 1548 4823 detrimento

270 4870 340 4931 alla
364 4867 499 4954 dignita
525 4879 559 4930 et
576 4870 712 4930 honore
737 4869 781 4929 de
806 4870 840 4930 la
864 4866 959 4930 Sede
985 4869 1208 4950 Apostolica;
1232 4871 1321 4950 perh
1344 4865 1389 4931 mi
1407 4868 1549 4958 pareria
