3559 5734
786 501 932 557 &3364
974 501 1031 557 {lt-0

359 643 433 708 Con
458 657 582 728 queste
605 648 653 711 ho
676 647 836 712 ricevuto
859 649 884 711 li
908 649 1017 713 Brevi
1042 651 1108 712 che
1131 651 1167 713 la
1189 649 1237 712 mi
1260 649 1377 712 scrive
1400 671 1422 711 a
1440 647 1549 730 quelli

270 754 335 815 che
360 774 468 817 erano
493 757 550 817 nel
575 766 752 820 convento
777 757 812 819 in
836 777 991 839 persona
1015 777 1036 819 0
1060 777 1126 839 per
1149 756 1203 819 soi
1226 756 1357 837 nuncii,
1382 766 1418 819 et
1440 756 1551 838 quelli

272 861 318 922 ad
341 859 509 942 Augusta
535 872 570 924 et
606 865 640 924 al
664 864 870 946 Paytegner
901 873 937 926 et
966 865 1002 927 al
1024 863 1208 944 Fuchero,
1239 864 1263 926 li
1294 863 1389 945 quali
1420 882 1485 944 per
1515 863 1551 924 le

270 967 411 1048 ragioni
435 970 501 1031 che
525 971 556 1032 la
583 970 769 1033 miserive
793 992 864 1034 non
888 972 936 1034 mi
960 972 980 1035 e
1003 992 1110 1053 parso
1142 991 1275 1034 ancora
1305 970 1342 1033 di
1368 971 1551 1048 mandare,

269 1074 423 1138 maxime
448 1078 600 1138 essendo
625 1078 734 1160 dopoi
758 1099 923 1142 successo
957 1076 981 1141 ll
1005 1080 1124 1160 quello
1157 1079 1223 1141 che
1254 1080 1289 1141 la
1319 1076 1453 1142 vedera
1484 1097 1552 1157 per

271 1203 317 1244 un
346 1182 446 1246 aviso
472 1183 531 1265 qui
555 1184 719 1266 alligato,
752 1186 785 1248 la
821 1187 904 1267 qual
944 1206 1045 1267 cosa,
1078 1186 1218 1249 benche
1249 1185 1284 1249 in
1309 1206 1347 1248 se
1372 1184 1424 1248 sia
1446 1185 1550 1262 mala,

271 1308 339 1370 pur
362 1292 540 1370 potrebbe
563 1301 708 1371 portare
731 1295 852 1356 buono
877 1292 1016 1373 effetto,
1040 1293 1173 1376 perche
1196 1292 1312 1374 questi
1336 1291 1491 1355 senatori
1516 1300 1554 1354 et

271 1395 295 1458 li
320 1406 355 1458 et
378 1396 413 1458 in
439 1399 471 1460 le
496 1399 585 1460 altre
610 1408 721 1479 terre,
747 1402 972 1464 conoscendo
1003 1411 1130 1482 questa
1153 1409 1252 1462 secta
1282 1409 1317 1461 et
1347 1409 1447 1481 peste
1478 1417 1552 1460 non

272 1513 420 1585 portare
444 1506 535 1567 altro
561 1507 626 1567 che
650 1507 894 1570 inobedientia
918 1507 1105 1570 rebellioni
1130 1516 1165 1570 et
1189 1506 1365 1585 scandali,
1396 1507 1462 1568 che
1485 1525 1553 1586 per

273 1611 473 1692 provedere
498 1633 518 1673 a
543 1613 616 1675 casi
641 1615 718 1677 loro
743 1635 781 1677 se
806 1595 1110 1677 accosterebbeno
1134 1615 1341 1677 totalmente
1366 1613 1425 1675 alli
1441 1611 1553 1675 buoni

272 1738 337 1799 per
362 1739 459 1782 esser
483 1718 599 1782 diffesi
624 1728 659 1783 et
683 1722 879 1784 mantenuti
898 1722 933 1783 in
951 1724 985 1784 la
1009 1724 1086 1785 loro
1111 1721 1273 1801 autorith,
1298 1731 1334 1785 et
1354 1719 1493 1784 benche
1515 1719 1553 1782 in

274 1827 357 1887 doto
382 1825 481 1889 aviso
506 1847 544 1888 se
569 1829 771 1907 contengha
795 1830 930 1891 anchor
954 1837 1087 1910 quanto
1103 1831 1137 1891 la
1150 1828 1284 1891 vedera
1301 1829 1359 1890 del
1375 1835 1552 1890 convento

273 1931 309 1993 di
334 1931 448 2014 Spira,
474 1934 592 1996 niente
617 1935 652 1996 di
670 1956 773 1998 meno
793 1935 828 1997 io
852 1937 912 1999 nol
937 1937 1055 2016 cred0,
1080 1936 1213 2017 perche
1230 1935 1323 1998 colui
1339 1937 1405 1998 che
1426 1933 1552 2015 scrive,

274 2041 407 2103 anchor
431 2040 485 2103 ch'
502 2041 537 2103 io
561 2044 621 2104 nol
647 2062 817 2123 conosca,
842 2042 871 2106 si
903 2044 1119 2126 comprende
1150 2063 1268 2106 essere
1299 2045 1486 2106 lutherano
1517 2051 1554 2104 et

274 2147 307 2209 d'
324 2148 415 2210 altro
439 2150 573 2230 luogho
598 2158 634 2211 et
656 2148 859 2212 facilmente
883 2161 1009 2232 potere
1033 2172 1104 2213 non
1129 2170 1257 2233 sapere
1287 2152 1359 2213 tale
1384 2148 1552 2212 conclusi·

275 2275 353 2318 one.
400 2255 445 2317 Di
478 2256 543 2317 che
576 2257 797 2338 parlandone
828 2256 919 2320 hieri
950 2259 1005 2320 col
1038 2257 1264 2320 serenissimo
1288 2256 1454 2338 Principe
1486 2259 1554 2319 che

275 2382 391 2425 venne
415 2384 436 2425 a
459 2363 641 2442 visitarmi,
666 2363 781 2426 trovai
797 2365 862 2427 che
878 2384 948 2427 non
965 2385 1009 2427 ne
1034 2384 1168 2446 sapeva
1192 2364 1293 2441 altro,
1319 2373 1355 2426 et
1378 2362 1554 2426 ordinossi

275 2470 342 2532 che
369 2469 466 2532 fusse
496 2470 618 2532 scritto
650 2471 685 2532 al
715 2470 940 2552 reggimento
972 2471 1008 2533 di
1038 2471 1167 2553 Eymse
1201 2482 1237 2532 et
1267 2472 1312 2533 de
1345 2468 1555 2552 Stutgardia

275 2578 341 2641 che
365 2598 453 2640 sono
477 2577 594 2654 vicini,
619 2579 685 2640 che
710 2588 869 2642 stesseno
894 2577 1062 2641 advertiti
1086 2580 1130 2641 de
1154 2577 1339 2641 intendere
1363 2589 1399 2641 et
1414 2577 1554 2640 avisare

274 2684 299 2746 il
322 2692 413 2747 tutto
438 2695 473 2746 et
497 2682 570 2747 cosi
587 2686 694 2748 credo
720 2686 784 2748 che
808 2685 977 2766 faranno,
1003 2697 1039 2748 et
1071 2686 1106 2747 di
1135 2686 1253 2767 quello
1278 2685 1342 2747 che
1367 2685 1396 2748 si
1420 2683 1553 2747 havera

275 2811 319 2853 ne
344 2791 431 2854 dard
456 2792 572 2854 subito
597 2792 707 2872 aviso,
731 2812 799 2873 pur
821 2813 893 2855 non
918 2804 1013 2856 resto
1038 2795 1082 2855 de
1107 2793 1281 2874 replicare
1306 2793 1371 2854 che
1397 2792 1433 2854 la
1462 2793 1552 2855 total

276 2899 493 2961 resolutione
517 2900 562 2961 de
587 2908 713 2981 questa
736 2899 882 2963 materia
907 2902 1024 2983 pende
1049 2901 1095 2962 da
1120 2899 1262 2979 Cesare,
1286 2900 1321 2961 la
1340 2901 1423 2980 qual
1448 2918 1554 2980 spero

278 3008 397 3068 debba
421 3026 540 3068 essere
563 3008 675 3085 bona,
708 3007 807 3069 salvo
832 3028 870 3069 se
895 3027 1067 3089 appresso
1093 3008 1129 3069 di
1153 3004 1189 3069 S.
1214 3004 1279 3068 Mu
1303 3026 1374 3068 non
1398 3005 1418 3068 ὲ
1441 3008 1555 3068 anche

278 3115 478 3196 qualchuno
495 3123 650 3176 corrotto
675 3114 720 3176 da
744 3123 869 3195 questa
893 3123 992 3176 secta
1015 3114 1081 3175 che
1104 3114 1138 3175 le
1153 3112 1331 3194 persuade
1347 3114 1412 3176 che
1429 3122 1555 3193 questa

281 3241 364 3284 cosa
387 3241 459 3283 non
484 3221 501 3283 ὲ
528 3222 573 3282 da
604 3220 747 3284 stimare
772 3229 807 3283 et
832 3222 876 3283 da
907 3222 1056 3282 lassarla
1080 3220 1331 3297 transandare,
1356 3218 1392 3280 di
1419 3220 1555 3280 chene

279 3330 325 3391 ho
350 3329 501 3410 qualche
526 3347 633 3407 orma,
658 3328 795 3391 bench&
820 3348 891 3391 non
916 3329 1025 3391 molto
1051 3327 1213 3400 londata;
1238 3345 1305 3407 pur
1329 3325 1401 3389 illic
1424 3325 1555 3389 instan-

281 3439 363 3500 dum
387 3446 422 3498 et
446 3436 644 3516 urgendum
670 3445 733 3498 est.

370 3543 411 3605 Li
441 3543 544 3605 brevi
576 3563 641 3626 per
675 3544 710 3605 la
745 3542 948 3606 differentia
983 3541 1155 3604 Polonica
1190 3549 1225 3603 et
1261 3539 1452 3603 Prutenica
1486 3559 1559 3602 non

281 3670 393 3714 erano
419 3670 484 3713 eon
510 3649 560 3732 gli
584 3650 674 3730 altri,
700 3650 742 3712 ne
768 3669 856 3711 sono
881 3648 1028 3730 capitati
1050 3648 1087 3711 in
1111 3668 1190 3710 man
1215 3646 1301 3721 mia;
1327 3646 1461 3725 dubito,
1485 3666 1557 3708 non

281 3780 319 3822 se
343 3757 494 3820 lacendo
526 3759 676 3840 qualche
707 3757 923 3840 provisione,
948 3756 1013 3819 che
1044 3755 1220 3837 partorira
1253 3774 1383 3817 novum
1414 3755 1557 3819 bellum.

282 3866 332 3929 Le
357 3885 440 3929 cose
465 3875 558 3928 sotto
582 3866 661 3946 que]
692 3884 782 3946 gran
806 3873 960 3926 maestro
991 3864 1026 3926 in
1060 3884 1100 3926 re
1132 3863 1338 3926 Lutherana
1371 3882 1490 3924 vanno
1521 3861 1560 3924 di

282 3975 373 4036 male
397 3972 431 4035 in
457 3973 601 4054 peggio,
626 3983 661 4035 et
685 3973 731 4035 da
754 3971 839 4054 ogni
863 3983 966 4055 parte
990 3970 1135 4035 intendo
1151 3971 1173 4033 il
1193 3990 1283 4052 capo
1301 3989 1399 4032 esser
1414 3968 1559 4046 infect0,

284 4090 319 4144 et
343 4101 414 4143 non
438 4081 588 4142 mancha
612 4079 669 4142 chi
693 4080 773 4142 dica
797 4082 863 4143 che
888 4080 924 4142 in
948 4088 1040 4141 tutto
1065 4078 1083 4140 e
1108 4079 1154 4141 de
1178 4077 1286 4158 quelli
1310 4097 1375 4160 per
1391 4076 1492 4138 voler
1508 4074 1560 4157 pi·

283 4187 374 4269 gliar
398 4188 528 4268 moglie
556 4198 590 4250 et
614 4187 794 4269 appriarle
819 4185 896 4272 (sic)
922 4187 1004 4267 quel
1029 4182 1142 4249 Stado
1166 4201 1231 4266 per
1255 4204 1294 4246 se
1326 4192 1362 4245 et
1385 4201 1450 4264 per
1482 4181 1559 4244 suoi

283 4295 495 4367 successori3
527 4314 598 4357 non
628 4294 663 4357 lo
688 4292 834 4357 affermo
858 4294 990 4375 perche
1014 4294 1191 4375 potrebbe
1216 4309 1314 4353 esser
1337 4309 1421 4353 cosa
1444 4308 1562 4352 messa

284 4426 305 4466 a
329 4421 455 4484 campo
480 4402 526 4463 da
549 4402 700 4476 Poloni;
725 4422 782 4464 ma
805 4402 850 4464 de
874 4401 1086 4464 lutherizare
1118 4399 1137 4461 e
1167 4417 1236 4479 pur
1266 4406 1395 4479 troppo
1429 4416 1514 4458 vero
1539 4416 1562 4458 a

284 4512 402 4592 quello
428 4530 472 4572 ne
496 4519 598 4572 sento

374 4617 426 4680 La
449 4616 665 4680 resolutione
690 4618 756 4679 che
780 4614 827 4676 mi
851 4614 966 4678 scrive
990 4614 1034 4679 V.
1066 4610 1102 4676 S.
1135 4613 1201 4676 che
1228 4611 1266 4674 fa
1289 4612 1373 4694 qual
1396 4608 1501 4675 Serv
1525 4621 1564 4671 et

285 4724 530 4806 potentissimo
554 4743 593 4786 re
618 4725 663 4787 de
688 4721 822 4804 Anglia
844 4724 954 4785 molto
978 4721 1025 4784 mi
1049 4721 1169 4804 piace,
1199 4719 1337 4783 benchd
1368 4738 1433 4800 per
1455 4719 1488 4780 le
1511 4718 1563 4779 ul·

285 4835 370 4897 time
394 4832 447 4894 ch'
464 4833 498 4896 io
521 4832 568 4894 ho
593 4833 652 4894 dal
687 4830 812 4913 Lango
846 4830 893 4893 mi
921 4850 1057 4913 pareva
1087 4828 1153 4891 che
1183 4826 1213 4890 si
1243 4827 1383 4890 dolesse
1415 4826 1460 4888 de
1489 4841 1563 4888 non
