3559 5734
686 531 934 589 *eatae*

170 680 236 741 bus
260 678 379 742 verbis
403 678 615 762 explicabit,
647 679 705 742 cui
728 699 836 764 super
863 679 919 743 his
943 679 1103 763 cupimus
1126 701 1148 742 a
1171 678 1367 744 Nobilitate
1391 690 1452 744 tua

170 784 277 849 fidem
301 785 474 849 adhiberi.

257 912 388 975 Datum
413 922 479 975 etc.
506 933 557 991 24.
583 912 793 977 Decembris
822 934 902 993 1523
930 933 1023 975 anno
1048 912 1173 995 primo.

261 1017 384 1083 Simile
408 1018 547 1084 duobus
570 1020 759 1084 Nobilibus
783 1020 818 1084 in
843 1020 944 1103 albis,
969 1018 1098 1084 omisso
1124 1022 1290 1103 electore.

259 1124 383 1190 Simile
407 1127 500 1191 Duci
524 1125 715 1192 Saxoniae.

705 1360 911 1375 mm

782 1628 856 1694 137.

445 1769 606 1851 Glemona
632 1770 711 1852 m
739 1770 923 1873 episcopis
949 1769 1178 1852 theutonicis

409 1916 510 1994 <apua
529 1918 610 1979 nm
630 1914 692 1978 vu
712 1930 773 1978 m.
791 1916 866 1979 un.
884 1917 916 1977 u.
935 1916 959 1976 r
976 1917 1011 1976 r.
1030 1916 1065 1978 a
1082 1915 1128 1976 m
1145 1916 1212 1987 aa.)

640 2040 692 2104 (24.
712 2038 868 2088 Decembris
890 2035 979 2105 1523.)

258 2171 485 2235 Venerabilis
515 2170 628 2236 frater
660 2180 728 2236 etc.
775 2171 863 2235 Cum
895 2172 941 2234 de
965 2170 1174 2235 Venerabili
1206 2170 1355 2235 fratrum
1391 2190 1452 2233 no·

171 2289 323 2343 strorum
340 2277 496 2344 Sanctae
512 2278 702 2343 Romanae
722 2278 905 2342 Ecclesiae
929 2277 1169 2343 Cardinalium
1193 2276 1341 2341 consilio
1357 2276 1451 2341 Nun-

171 2386 264 2450 cium
287 2386 534 2470 Apostolicum
559 2387 594 2450 in
618 2384 847 2450 Germaniam
877 2385 1137 2468 presertimque
1167 2386 1213 2449 ad
1237 2394 1451 2449 conventum

170 2478 510 2575 Norimbergensem
533 2494 744 2576 propediem
769 2493 929 2573 missuri,
963 2492 1104 2556 interim
1134 2492 1302 2556 dilectum
1340 2491 1451 2555 filium

170 2590 426 2684 Hieronymum
461 2601 654 2664 Rorarium
689 2599 918 2680 familiarem,
954 2609 990 2663 et
1026 2599 1258 2664 camerarium
1292 2609 1451 2664 nostrum

170 2707 410 2791 praesentium
439 2707 676 2771 exhibitorem
700 2709 746 2771 ad
771 2696 904 2770 dictum
928 2716 1142 2770 conventum
1172 2696 1451 2790 praemittamuS,

170 2817 234 2880 has
257 2816 304 2879 ad
327 2814 590 2879 fraternitatem
610 2824 707 2879 tuam
730 2814 939 2879 scribendas
964 2815 1143 2895 duximus,
1176 2824 1345 2897 tanquam
1362 2835 1451 2892 eam,

171 2922 204 2985 in
226 2923 325 2986 cuius
349 2922 482 3005 pietate
507 2941 597 3004 erga
620 2923 747 3001 Deum,
769 2920 1023 2985 benevolentia
1047 2919 1082 2983 in
1100 2941 1175 3003 nos,
1199 2932 1307 3003 atque
1332 2924 1451 2985 obser·

172 3029 291 3092 vantia
315 3047 402 3110 erga
419 3031 511 3092 hanc
535 3037 694 3092 sanctam
717 3025 849 3092 Sedem
866 3030 1013 3091 multum
1033 3026 1112 3112 spei
1129 3029 1349 3110 reponimus;
1374 3030 1451 3092 hor-

171 3145 287 3199 tantes
310 3135 424 3217 illam,
448 3145 486 3198 ut
510 3137 624 3217 ipsum
648 3134 906 3218 Hieronymum
931 3143 1052 3198 nostro
1077 3134 1204 3198 intuitu
1225 3135 1390 3218 dirigere,
1416 3146 1451 3199 et

171 3241 297 3306 fovere
321 3242 416 3324 velit,
441 3241 654 3324 ubicumque
678 3262 756 3305 esse
780 3248 1019 3323 apportunum
1042 3241 1186 3322 viderit,
1211 3242 1316 3305 immo
1340 3251 1379 3305 ut
1402 3245 1449 3305 ul·

169 3349 287 3431 terius,
311 3348 402 3412 sicut
425 3369 503 3412 eam
526 3350 699 3413 hactenus
722 3348 851 3413 fecisse
875 3349 1015 3428 scimus,
1040 3349 1085 3412 ad
1111 3349 1278 3412 decorem
1306 3347 1384 3429 Dei,
1414 3363 1450 3412 et

172 3454 265 3521 Suae
299 3453 455 3519 Sanctae
487 3455 671 3520 Ecclesiae
703 3454 857 3537 fideique
888 3456 1112 3519 orthodoxae
1146 3455 1452 3520 conservationem
1551 3466 1554 3479 ⁴

171 3582 234 3644 pro
259 3561 379 3626 officio
403 3562 488 3626 boni
511 3562 666 3645 pastoris
690 3561 867 3644 invigilet,
901 3571 940 3625 ut
972 3562 1121 3646 abipso
1145 3563 1224 3626 Deo
1257 3563 1451 3645 praemium

171 3679 206 3731 et
228 3690 252 3732 a
275 3668 380 3733 nobis
403 3680 510 3751 atque
530 3671 597 3733 hac
614 3666 748 3732 Sancta
764 3667 859 3733 Sede
883 3669 1240 3750 commendationem,
1258 3679 1293 3732 et
1309 3670 1455 3753 insuper

170 3794 275 3856 quam
291 3775 486 3858 poterimus
503 3776 770 3840 retributionem
788 3789 976 3860 reportare
991 3778 1115 3860 possit,
1132 3779 1451 3861 quaemadmodum

170 3883 259 3946 haec
284 3882 391 3946 latius
414 3882 508 3946 idem
532 3880 759 3947 Hieronimus
792 3894 915 3947 nostro
946 3884 1088 3948 nomine
1119 3884 1333 3949 fraternitati
1367 3895 1452 3949 tuae

172 3989 381 4072 explicabit,
405 3991 462 4053 cui
485 3986 671 4072 super'h'is
693 3988 799 4053 fidem
824 3991 987 4055 adhiberi
1011 3991 1180 4074 cupimus.

259 4115 341 4178 Dat.
368 4135 419 4193 24·
445 4115 654 4178 Decembris
671 4116 762 4194 v1523
790 4137 882 4179 anno
906 4116 1032 4199 primo,

259 4228 382 4302 Simile
405 4230 585 4321 Episcopo
609 4236 903 4323 Brambergensi;
929 4240 1107 4325 Episcopo
1132 4250 1198 4306 etc.

703 4544 909 4556 «mmm
