3559 5734
743 495 992 561 113278ῢώ

831 760 905 823 112.

600 875 928 956 vicecancellarius
955 875 1143 958 llenndn.

573 1029 575 1031 >
664 1014 805 1083 innius.
825 1015 951 1074 caman
969 1013 1000 1071 1..
1019 1012 1073 1086 n.)

737 1133 792 1200 (30.
812 1133 879 1199 Julii
903 1132 991 1203 1521.)

316 1277 387 1340 Per
409 1275 432 1339 l'
446 1275 569 1339 ultima
602 1286 724 1339 vostra
752 1277 798 1339 de
822 1276 915 1339 XVI
948 1277 1007 1339 del
1039 1297 1136 1340 mese
1160 1279 1311 1341 havetno
1335 1277 1450 1340 intesa
1474 1278 1510 1340 la

227 1384 416 1447 execution
450 1383 541 1446 satta
574 1383 609 1446 in
635 1385 799 1446 Anversa
828 1394 953 1446 contra
985 1384 1102 1447 ilibri
1126 1395 1162 1447 et
1186 1405 1295 1466 opere
1320 1385 1379 1447 del
1403 1386 1508 1446 male-

228 1491 325 1554 detto
351 1501 386 1554 et
410 1510 478 1554 con
503 1492 568 1554 che
592 1492 727 1553 honore
753 1489 787 1552 di
814 1490 856 1553 N.
881 1489 934 1553 Sre
967 1501 1002 1554 et
1025 1491 1150 1554 favore
1175 1493 1233 1555 dei
1256 1493 1376 1555 buono
1400 1492 1507 1573 impe·

228 1607 348 1661 ratore
373 1607 409 1661 et
434 1619 605 1662 concorso
631 1607 667 1660 et
689 1599 815 1680 plauso
841 1599 885 1659 de
913 1598 995 1660 tutti
1025 1600 1043 1662 ἐ
1075 1607 1168 1662 stata
1200 1598 1304 1679 latta,
1336 1599 1402 1662 che
1430 1619 1508 1662 ren·

227 1706 381 1787 gratiato
396 1705 438 1769 sii
451 1726 592 1787 sempre
605 1706 716 1770 Iddio.
763 1705 806 1768 N.
820 1706 873 1767 Sre
886 1705 973 1787 ogni
988 1703 1023 1767 dl
1040 1707 1249 1769 commenda
1265 1705 1327 1788 piri
1343 1707 1377 1769 el
1391 1706 1508 1770 studio

227 1823 264 1876 et
298 1833 409 1894 opera
443 1822 565 1875 vostra
603 1823 638 1876 et
673 1812 733 1876 noi
769 1813 829 1894 piu
866 1814 933 1876 che
968 1812 1040 1894 piu.
1087 1813 1192 1877 Circa
1213 1813 1238 1876 il
1261 1813 1363 1877 venir
1386 1824 1508 1877 vostro

227 1920 371 2002 quando
401 1920 436 1982 vi
465 1920 592 2002 patera
623 1940 694 1983 non
726 1941 824 1983 esser
853 1919 914 2002 piu
939 1919 1141 1984 necessaria
1163 1941 1228 2003 per
1252 1929 1378 2003 questo
1403 1931 1507 1984 conto

227 2027 262 2090 in
288 2028 406 2109 quelle
431 2027 549 2090 bande
574 2028 608 2090 la
632 2028 814 2109 presentia
836 2037 959 2090 vostra
984 2037 1019 2090 et
1043 2029 1109 2092 che
1136 2048 1206 2091 non
1231 2028 1267 2091 vi
1290 2027 1333 2090 sii
1358 2030 1424 2091 che
1448 2048 1507 2091 ex·
1563 2018 1569 2027 ’

227 2135 361 2217 tirpare
385 2135 457 2215 piu,
481 2143 623 2217 potrete
647 2155 669 2196 a
692 2134 906 2197 commodita
931 2143 1051 2198 vostra
1076 2135 1341 2217 ritornarvene,
1371 2157 1440 2199 non
1471 2136 1508 2197 vi

226 2242 408 2304 mettendo
439 2243 528 2322 pero
557 2242 603 2302 ad
627 2243 731 2303 alcun
756 2241 932 2323 pericolo‚
961 2241 1039 2304 anzi
1067 2242 1126 2323 piu
1156 2252 1278 2324 presto
1307 2252 1507 2326 temporeg-

226 2347 359 2429 giendo
382 2346 498 2411 finche
522 2348 680 2430 possiate
704 2348 827 2410 venire
852 2348 1087 2427 securissimo,
1113 2348 1246 2432 perche
1271 2348 1345 2413 Sua
1369 2348 1507 2413 Santita

227 2465 262 2517 et
293 2454 352 2517 noi
382 2454 418 2516 vi
442 2455 582 2517 volemo
617 2464 653 2517 et
678 2453 901 2518 desideramo
932 2455 1113 2537 inprimis
1138 2476 1225 2518 sano
1257 2466 1291 2519 et
1316 2452 1426 2521 salvo.
1474 2458 1507 2520 A

227 2562 343 2643 questi
373 2560 408 2624 di
432 2562 467 2624 vi
491 2561 700 2624 scrivemmo
733 2563 798 2624 che
822 2570 963 2643 poteste
988 2562 1162 2625 ritornare
1187 2584 1208 2624 a
1231 2563 1352 2644 piacet
1376 2573 1508 2645 vostr0,

226 2667 392 2731 rechiesti
409 2670 455 2729 da
471 2667 547 2740 voi;
573 2688 636 2731 ora
650 2667 686 2730 vi
704 2669 927 2732 exhortiamo
950 2691 971 2732 a
986 2689 1055 2732 non
1074 2669 1207 2753 partire
1223 2692 1261 2733 se
1278 2691 1349 2734 non
1365 2673 1507 2753 quando

226 2795 313 2858 pare
344 2795 366 2837 a
388 2772 447 2838 voi
477 2776 543 2836 che
567 2774 603 2836 in
629 2777 719 2838 oltre
753 2796 823 2838 non
855 2776 908 2838 sia
939 2777 974 2837 di
998 2776 1151 2859 bisogno
1183 2780 1216 2840 el
1240 2789 1354 2841 restat
1386 2787 1508 2841 vostro

227 2885 331 2963 costl,
364 2892 399 2945 et
429 2883 496 2945 che
526 2881 684 2963 possiate
707 2882 902 2945 venirvene
933 2903 954 2945 a
978 2884 1218 2965 salvamento,
1249 2883 1274 2946 il
1302 2886 1369 2948 che
1392 2884 1506 2948 rimet-

225 2989 333 3052 tiamo
357 2989 429 3051 alla
451 2989 643 3070 prudentia
665 2998 804 3064 vostra;
829 2997 1011 3052 tornerete
1035 3010 1176 3073 sempre
1201 2990 1226 3054 il
1248 2992 1320 3055 ben
1343 2990 1446 3057 visto,

315 3095 366 3158 Le
391 3116 474 3158 cose
497 3097 565 3158 che
589 3117 610 3158 a
634 3096 750 3178 questi
781 3097 815 3158 dl
845 3095 1037 3160 ricercaste
1061 3117 1169 3180 sopra
1192 3099 1214 3160 l’
1227 3101 1415 3163 absolvere
1440 3110 1507 3165 etc.

225 3203 261 3265 vi
296 3223 334 3265 se
370 3203 611 3265 manderanno
647 3204 702 3265 col
737 3203 851 3284 primo
885 3191 953 3267 'che
988 3203 1047 3285 gia
1088 3226 1175 3268 sono
1211 3208 1312 3288 quasi
1345 3207 1507 3289 espediti.

226 3309 563 3372 Raccornandatece
595 3309 787 3373 humilliter
816 3312 886 3373 alla
918 3313 1014 3374 bona
1037 3312 1154 3394 gratia
1184 3314 1219 3374 di
1244 3313 1375 3377 Cesare
1407 3323 1443 3377 et
1472 3317 1508 3378 al

226 3436 316 3498 gran
340 3416 551 3479 cancelliere
585 3400 620 3480 et
654 3417 688 3479 al
711 3417 759 3481 R.
785 3417 902 3479 Padre
928 3417 1130 3482 Confessor.
1178 3421 1223 3482 Et
1254 3423 1346 3484 bene
1377 3423 1506 3486 valete.

225 3523 428 3586 Florentiae
452 3524 648 3605 penultima
671 3523 755 3603 Julii
778 3524 962 3589 MDXXI.

315 3630 350 3692 A
381 3629 458 3711 Mgr
484 3630 581 3694 Rmo
614 3629 650 3692 di
674 3630 802 3712 Lieggi
832 3630 1006 3712 piacciavi
1040 3634 1148 3696 molto
1182 3637 1508 3700 reccommandarci

227 3744 262 3798 et
285 3755 356 3798 non
381 3738 630 3800 mancheremo
655 3739 748 3800 nelle
772 3757 855 3800 cose
879 3759 953 3802 sue.

789 3945 796 3954 ν
803 3946 809 3954 ι
815 3942 967 3955 aalma-:mv-

831 4121 905 4188 113.

457 4214 460 4219 “
550 4234 616 4315 Leo
644 4236 687 4318 X„
717 4237 925 4341 Margiane
953 4240 1182 4343 Antverpiae.

655 4375 799 4445 (Nuntia.
818 4377 944 4436 German
963 4377 995 4436 Ιι.
1013 4379 1078 4446 178.)

714 4484 817 4550 (llense
837 4488 911 4552 Julio
934 4492 1019 4552 1521.)

311 4619 452 4683 Dilecte
476 4620 544 4683 Fili
577 4630 642 4684 etc.
690 4619 745 4681 Ex
777 4619 905 4684 litteris
938 4622 1145 4687 nunciorum
1178 4635 1377 4689 nostrorum
1407 4647 1506 4691 acce·

223 4726 339 4809 pimus
370 4738 502 4809 quanta
526 4726 596 4789 fide
621 4737 657 4789 et
682 4728 867 4809 diligentia
897 4729 933 4793 in
958 4731 1173 4813 extirpanda
1197 4733 1401 4798 Lutherana
1424 4736 1506 4800 hae-

222 4835 292 4898 resi
325 4845 361 4898 te
394 4855 518 4898 verum
550 4834 777 4898 christianum
814 4845 850 4898 et
883 4837 1053 4918 optimum
1086 4838 1267 4903 Ecclesiae
1297 4840 1365 4904 Dei
1396 4840 1506 4905 filiurn
