3559 5734
818 506 1065 569 *ealce-³

392 652 419 720 ΙΙ
445 652 563 720 Breve
588 656 693 738 quale
717 656 890 721 ricercate
916 680 1023 742 sopra
1054 660 1135 724 tutti
1170 683 1191 725 a
1214 659 1345 726 Cesare
1377 663 1420 727 ed
1454 663 1581 729 alcune

300 764 424 847 parole
449 764 485 826 di
508 785 612 828 mano
637 766 784 847 propria
807 766 843 828 di
868 767 910 830 N.
927 766 990 849 8¹⁰,
1015 768 1073 850 gia
1090 767 1140 831 Su
1156 769 1295 833 Santita
1319 770 1341 833 l'
1358 772 1474 834 havea
1490 771 1581 835 fatto

300 874 347 935 da
370 882 467 953 seet
491 871 571 935 sari
595 892 663 935 con
687 872 711 935 ii
736 872 817 935 altri
841 876 897 936 nel
924 895 1043 938 mazzo
1067 896 1134 938 con
1159 880 1192 940 le
1218 878 1350 940 minute
1375 878 1525 942 intorno.

1237 1017 1338 1081 venter
1355 1017 1462 1089 mter,

1183 1109 1537 1159 ViceCancellarius

910 1543 962 1609 83.

566 1654 1026 1739 vicecancellarius
1063 1661 1312 1742 licandrc.

737 1805 880 1878 moriac
899 1806 1025 1866 amaa
1043 1806 1075 1866 11.
1093 1808 1143 1876 57.)

583 1927 710 1977 ll'lorent.
729 1938 767 1991 14.
780 1927 844 1975 Maii
863 1937 939 1988 1521.
953 1953 989 1964 -
1002 1929 1134 1977 Wormat.
1150 1940 1191 1978 22.
1203 1927 1290 1998 Maii.)

389 2053 525 2116 Perche
552 2051 596 2114 ne
621 2050 807 2133 maggiore
832 2051 874 2112 ne
900 2051 947 2113 da
970 2050 1029 2113 noi
1053 2050 1113 2132 piil
1146 2052 1350 2115 desiderata
1381 2054 1580 2134 allegrezza

301 2171 492 2242 potevamo
518 2179 687 2221 recavere
720 2160 786 2220 che
810 2160 855 2221 de
888 2159 1075 2222 intendere
1106 2160 1141 2220 la
1173 2169 1295 2238 santa,
1331 2159 1528 2223 immortale
1559 2183 1580 2224 e

299 2287 441 2349 sempre
475 2266 705 2329 memorabile
735 2285 846 2346 opera
879 2275 916 2328 et
947 2265 1044 2347 pieta
1077 2265 1112 2326 di
1138 2266 1268 2328 Cesare
1302 2277 1428 2328 contro
1461 2268 1579 2347 quello

300 2394 394 2437 novo
419 2373 507 2436 Ario
532 2383 568 2436 et
591 2373 829 2451 heresiarcha,
854 2374 889 2435 la
914 2373 994 2453 qual
1020 2372 1142 2435 siben
1168 2376 1403 2435 conveniente
1434 2395 1455 2434 a
1479 2382 1578 2436 tanto

298 2481 514 2561 imperatore
538 2489 574 2543 et
597 2480 667 2541 alla
700 2478 911 2541 admirabile
941 2499 1006 2541 sua
1041 2479 1167 2558 bonta,
1201 2499 1271 2542 non
1303 2481 1338 2541 di
1371 2500 1474 2542 meno
1507 2500 1579 2543 non

299 2590 376 2650 solo
400 2588 446 2649 ha
471 2586 595 2668 impita
619 2606 675 2647 ma
700 2586 745 2647 de
770 2586 879 2647 molto
905 2594 1076 2647 avanzata
1096 2587 1131 2646 la
1148 2586 1385 2667 espettatione
1410 2589 1455 2648 de
1471 2586 1512 2648 N.
1529 2588 1577 2651 δ’.

297 2705 333 2757 et
358 2694 393 2755 di
419 2703 510 2757 tutta
533 2695 568 2755 la
592 2691 721 2755 Chiesa
746 2691 963 2765 universale;
996 2695 1069 2754 eosl
1104 2712 1174 2754 non
1199 2692 1234 2754 vi
1268 2713 1433 2774 possemo
1465 2695 1579 2756 anche

297 2802 449 2864 rendere
474 2799 639 2880 maggior
671 2798 789 2880 gratie
819 2807 855 2861 et
887 2807 1094 2863 veramente
1127 2819 1227 2862 come
1262 2799 1414 2862 scrivete
1445 2800 1522 2880 vui,
1557 2822 1579 2864 a

298 2907 451 2970 Domino
483 2905 614 2969 factum
647 2917 701 2968 est
733 2906 835 2984 illud,
872 2903 901 2968 si
934 2925 1034 2968 come
1076 2907 1190 2967 anche
1221 2906 1267 2967 da
1299 2905 1400 2968 Iddio
1432 2907 1451 2970 ὲ
1485 2919 1578 2971 stato

297 3015 406 3077 eletto
431 3024 467 3077 et
490 3025 594 3097 posto
619 3013 653 3075 in
680 3014 729 3075 tal
754 3013 879 3075 culme.
926 3012 979 3074 La
1007 3013 1089 3093 quai
1115 3011 1267 3074 Cesarea
1292 3012 1432 3076 Maesta
1462 3035 1501 3076 se
1531 3017 1578 3077 ha

297 3122 457 3202 obligata
481 3121 517 3183 in
541 3130 717 3202 perpetuo
742 3129 868 3202 questa
893 3118 1006 3182 Santa
1030 3117 1124 3182 Sede
1150 3131 1185 3181 et
1201 3129 1292 3182 tutto
1318 3120 1338 3181 'l
1364 3119 1576 3184 Christiane·

297 3227 386 3290 simo
410 3238 446 3290 et
469 3249 508 3290 se
532 3229 579 3290 ha
602 3236 707 3308 posta
739 3228 788 3289 tal
823 3246 957 3288 corona
987 3226 1023 3289 in
1055 3246 1146 3307 capo
1179 3228 1245 3287 che
1276 3247 1416 3308 sempre
1448 3229 1577 3291 durari

297 3335 492 3397 crescendo
517 3333 553 3396 di
570 3338 738 3396 continuo
756 3344 792 3396 et
808 3333 991 3396 alzandosi
1008 3336 1041 3397 el
1056 3354 1161 3395 nome
1185 3352 1250 3396 suo
1275 3354 1382 3415 sopra
1406 3336 1439 3396 le
1463 3337 1576 3399 stelle.

296 3441 531 3504 Vorressemo
560 3451 686 3523 potere
719 3440 921 3523 exprimere
954 3440 979 3503 il
1010 3439 1142 3522 gaudio
1174 3449 1209 3501 et
1240 3440 1477 3504 satisfattione
1510 3442 1577 3504 che

296 3570 341 3611 ne
364 3551 412 3610 ha
434 3568 541 3630 preso
566 3549 609 3611 N.
635 3546 686 3610 Sm
715 3557 850 3611 etutto
883 3548 905 3610 'l
939 3567 1041 3610 sacro
1071 3546 1225 3627 collegio
1259 3567 1278 3608 e
1307 3547 1384 3626 noi,
1417 3567 1474 3609 ma
1505 3569 1577 3612 non

296 3656 328 3717 ci
352 3658 455 3718 basta
479 3654 501 3716 l'
518 3654 689 3737 ingegno
737 3652 786 3716 Su
818 3653 959 3717 Santita
989 3653 1041 3735 gli
1072 3654 1106 3715 lo
1138 3652 1308 3716 dimostra
1341 3663 1474 3734 quanto
1504 3657 1577 3737 pud
1688 3717 1691 3720 ,

296 3782 361 3845 per
385 3782 426 3823 su
451 3762 568 3824 Breve
592 3771 628 3823 et
652 3762 777 3824 alcune
801 3763 926 3843 parole
950 3762 994 3823 de
1018 3780 1099 3822 man
1124 3780 1208 3839 sua,
1244 3770 1279 3823 et
1311 3760 1371 3842 poi
1403 3760 1463 3823 alli
1495 3762 1578 3825 altri

296 3867 451 3950 signori;
487 3888 588 3931 come
612 3869 782 3931 vederete
806 3888 872 3951 per
895 3870 929 3930 le
953 3866 1067 3950 copie,
1092 3868 1209 3930 alcuni
1232 3868 1277 3930 de
1301 3867 1390 3930 detti
1414 3867 1523 3930 Brevi
1547 3868 1577 3931 si

296 3996 384 4037 sono
418 3975 538 4039 lassati
575 3975 609 4038 in
646 3975 773 4038 bianco
810 3975 845 4036 di
879 3994 1005 4056 sopra,
1041 3974 1140 4037 aceio
1173 3974 1329 4056 possiate
1364 3975 1576 4056 presentarli

296 4102 398 4144 como
429 4081 465 4143 vi
489 4082 635 4163 patera:
670 4081 785 4143 farete
810 4082 976 4163 adunque
1001 4081 1059 4143 vui
1090 4083 1124 4144 le
1157 4080 1388 4164 soprascritte
1418 4082 1576 4144 secondo

296 4190 331 4251 la
361 4188 498 4251 inclusa
530 4190 652 4250 notula
691 4208 757 4269 per
789 4188 924 4252 servire
953 4188 977 4251 il
1011 4187 1090 4251 stile
1122 4198 1158 4252 et
1189 4208 1290 4251 come
1318 4187 1353 4250 in
1384 4186 1454 4250 fine
1487 4208 1577 4251 sono

295 4295 331 4358 in
356 4297 530 4360 credenza
554 4297 598 4357 de
622 4294 703 4357 tutti
728 4297 798 4358 duo
823 4295 893 4376 vui,
917 4295 1113 4377 supplirete
1138 4317 1158 4357 a
1181 4297 1305 4374 bocca,
1330 4294 1483 4357 maxime
1507 4314 1575 4358 eon

295 4403 331 4464 la
354 4422 488 4465 somma
511 4402 621 4464 bonta
646 4402 681 4463 di
707 4401 838 4465 Cesare
862 4412 899 4465 et
921 4403 1053 4484 perche
1077 4401 1234 4483 possiate
1258 4402 1391 4464 havere
1415 4402 1473 4464 del
1494 4421 1573 4464 con·

295 4515 419 4572 tenuto
443 4508 693 4572 informatione
717 4508 752 4571 vi
777 4508 806 4570 si
835 4509 1012 4571 mandano
1041 4528 1107 4570 con
1142 4509 1212 4571 essi
1247 4510 1280 4571 le
1312 4509 1454 4572 minute.
1502 4509 1575 4572 Re·

295 4615 439 4680 ferirete
462 4616 523 4698 poi
547 4615 580 4678 in
606 4636 739 4698 genere
763 4636 785 4677 a
808 4616 889 4677 tutti
905 4619 938 4679 le
954 4614 1070 4696 gratie
1087 4614 1314 4678 convenienti
1332 4625 1367 4677 et
1383 4615 1576 4696 potandosi

295 4724 478 4787 addoleire
511 4744 610 4786 come
634 4745 721 4806 pare
746 4723 775 4785 si
800 4722 852 4786 sia
876 4721 1126 4787 incominicato
1158 4723 1180 4783 l'
1206 4721 1362 4784 acerbith
1394 4721 1430 4784 di
1454 4724 1574 4803 quello

295 4830 413 4893 animo
437 4831 496 4893 del
512 4830 615 4893 Duca
639 4831 683 4893 de
699 4829 876 4894 Sansonia
892 4829 1044 4893 faretine
1061 4828 1147 4910 ogni
1164 4849 1285 4912 opera,
1309 4832 1409 4892 salva
1432 4848 1574 4911 sempre
