3559 5734
666 544 912 602 seinse*

147 700 241 764 modi
273 698 344 762 alia
372 696 547 762 mentiens
577 696 623 758 ad
652 704 688 759 te
713 695 871 757 scribere
896 715 937 756 ac
962 694 1080 775 palam
1106 694 1269 759 omnibus
1293 707 1429 779 protes·

149 809 225 889 tari,
250 818 385 871 temere
409 804 633 888 presumpsit,
659 812 851 885 propterea
867 801 981 864 visum
1007 811 1061 863 est
1084 803 1187 865 nobis
1203 805 1336 867 nullum
1358 806 1428 887 qui·

148 918 228 979 dem
254 914 336 998 ipsi,
367 914 414 976 ad
441 922 494 976 tot
523 919 559 974 et
589 922 660 973 tam
685 910 888 991 importuna
913 908 988 970 eius
1012 910 1197 972 mendacia
1221 931 1429 993 responsum

148 1026 247 1104 dare,
280 1023 381 1085 cuius
404 1019 514 1082 falsas
539 1027 574 1080 et
598 1017 775 1080 hereticas
792 1015 989 1098 opiniones,
1015 1035 1103 1079 sano
1127 1018 1357 1099 plurimorum
1382 1021 1429 1082 iu-

148 1130 244 1193 dicio
267 1128 422 1191 reiectas
445 1138 482 1188 et
504 1128 717 1207 reprobatas
734 1122 860 1186 merito
878 1123 1132 1204 damnavimus,
1155 1125 1339 1208 ipsumque
1356 1137 1429 1190 tan·

148 1256 255 1319 quam
285 1237 480 1298 membrum
510 1233 691 1315 putridum
722 1253 743 1293 a
771 1229 926 1292 fidelium
959 1231 1138 1294 consortio
1170 1235 1431 1298 excludendum

150 1356 186 1408 et
211 1346 258 1406 ab
290 1341 454 1405 omnibus
490 1340 672 1402 vitandum
707 1358 784 1401 esse
816 1337 1092 1417 declaravimuS,
1130 1341 1193 1401 sed
1234 1343 1432 1406 celsitudini

147 1464 231 1514 tuae
248 1460 399 1533 paterna
416 1448 588 1510 charitate
602 1444 805 1528 significare
819 1445 1103 1525 deliberavimus,
1130 1467 1173 1509 ne
1189 1449 1322 1511 homini
1338 1471 1428 1513 men-

148 1557 349 1633 dacissime,
374 1567 410 1619 et
434 1555 500 1618 sibi
525 1553 630 1617 etiam
649 1553 717 1634 ipsi
734 1555 785 1634 (ut
801 1552 992 1615 mendaces
1009 1558 1284 1635 consueverunt)
1300 1557 1431 1620 dissen-

147 1666 250 1728 tienti
275 1665 381 1727 fidem
406 1662 560 1743 aliquam
584 1669 745 1743 prestare
761 1659 858 1739 velit,
884 1659 943 1740 qui
961 1660 1043 1721 dum
1060 1660 1196 1741 asserit,
1221 1682 1259 1724 se
1284 1663 1432 1728 invitum

147 1774 182 1835 in
196 1772 380 1855 publicum
393 1769 545 1849 venisse,
563 1789 602 1831 ac
616 1767 651 1830 vi
666 1777 701 1830 et
717 1766 853 1830 insidiis
869 1766 1048 1848 proditum
1066 1767 1252 1849 scripsisse
1265 1771 1431 1853 quicquid

148 1881 305 1962 scripsit,
321 1880 446 1961 procui
463 1875 571 1938 dubio
588 1877 691 1938 nobis
707 1895 747 1937 ac
765 1872 943 1956 Majestati
955 1873 1052 1934 Tuae
1068 1874 1302 1958 omnibusque
1318 1880 1430 1943 decla-

147 1999 214 2065 rat,
231 2006 270 2049 se
288 1985 487 2067 improbum
505 2003 545 2044 ac
562 1980 820 2060 detestabilem,
846 1990 882 2041 et
905 1979 1015 2061 ipsius
1040 1979 1182 2058 diaboli,
1207 1983 1297 2046 sicut
1321 2006 1432 2069 opera

148 2096 225 2157 eius
250 2095 391 2169 docent,
418 2088 613 2153 ministrum
631 2097 667 2150 et
681 2088 950 2150 instrumentum
966 2087 1098 2150 factum
1116 2090 1334 2154 conscientia
1355 2097 1433 2176 ipsa

148 2220 255 2283 quam
272 2199 376 2262 nobis
392 2219 414 2258 a
429 2198 507 2259 Deo
526 2198 644 2259 datam
662 2216 765 2258 nemo
786 2194 947 2278 effugere
966 2198 1022 2257 vel
1040 2216 1062 2257 a
1078 2217 1116 2256 se
1140 2196 1219 2277 ipso
1244 2198 1432 2283 seiungere

147 2317 270 2391 potest
286 2307 452 2368 continue
467 2302 596 2384 subigi,
621 2312 658 2364 ut
673 2302 854 2383 proprium
871 2302 987 2364 scelus
1008 2301 1158 2382 intuens,
1183 2303 1269 2366 illud
1287 2321 1433 2389 propter

149 2415 226 2478 eius
239 2413 492 2476 immanitatem
506 2413 700 2472 abhorrere
714 2420 873 2491 cogatur,
888 2418 924 2471 et
936 2409 966 2471 si
976 2409 1088 2491 possit
1100 2411 1259 2491 effugere
1273 2424 1432 2498 temptet,

149 2523 208 2583 vel
218 2522 253 2583 in
264 2520 371 2582 alium
385 2518 581 2591 declinare;
596 2518 722 2579 videns
735 2516 854 2598 itaque
867 2518 973 2579 homo
987 2516 1154 2597 nefarius,
1171 2520 1266 2600 quod
1280 2532 1316 2582 et
1329 2526 1433 2603 quale

149 2627 353 2691 incendium
379 2624 601 2705 excitaverit,
626 2636 814 2706 postquam
840 2626 965 2685 domus
989 2644 1073 2686 suae
1098 2624 1132 2686 in
1158 2646 1228 2706 qua
1242 2629 1430 2710 professio-

150 2757 233 2798 nem
265 2733 451 2812 emiserat,
485 2734 613 2795 cellula
645 2750 827 2812 egressus,
861 2731 1088 2793 obedientiae
1118 2732 1239 2814 iugum
1264 2738 1433 2815 excussit,

151 2854 187 2905 et
212 2839 417 2904 ambitionis
440 2848 548 2902 vento
566 2836 707 2900 inflatus
722 2837 974 2920 apostasiaque
991 2849 1075 2900 nota
1093 2861 1317 2923 conspersuS,
1342 2843 1434 2908 inter

152 2950 346 3012 seditiosos
369 2948 568 3027 ambulare,
602 2945 805 3026 insciaeque
838 2945 957 3026 plebis
981 2945 1117 3009 animos
1141 2958 1304 3029 captare,
1329 2963 1364 3013 et
1389 2956 1434 3014 ad

150 3078 210 3120 res
235 3074 349 3118 novas
373 3052 565 3116 sollicitare
594 3051 707 3134 cepit,
740 3073 780 3114 ac
816 3072 859 3113 ea
892 3073 961 3114 non
996 3055 1108 3116 solum
1133 3055 1335 3136 predicare,
1371 3061 1434 3121 sed

151 3165 259 3226 etiam
285 3161 443 3224 scribere
468 3181 508 3222 ac
534 3160 718 3242 publicare
743 3159 977 3241 presumpsit,
1002 3160 1152 3240 quaein
1177 3165 1311 3243 populo
1336 3186 1435 3228 scan-

151 3273 273 3334 dalum
297 3281 334 3331 et
358 3268 392 3330 io
417 3267 579 3330 Ecclesia
602 3267 670 3329 Dei
700 3287 769 3328 non
795 3266 974 3329 mediocre
999 3267 1182 3330 dissidium
1207 3286 1435 3352 pepererunt,

153 3380 295 3459 culpam
319 3374 489 3438 transfert
517 3374 553 3436 in
582 3394 660 3453 eos,
695 3374 754 3455 qui
785 3373 899 3455 ipsum
924 3376 971 3434 ab
995 3373 1134 3436 insania
1159 3375 1330 3457 liberare,
1356 3389 1390 3439 et
1415 3401 1435 3442 a

152 3483 335 3567 perversis
359 3483 540 3546 erroribus
563 3482 599 3543 in
624 3502 713 3563 quos
728 3483 918 3563 prolapsus
942 3481 1059 3544 fuerat
1084 3483 1254 3567 eximere,
1278 3485 1436 3551 fraterna

153 3591 329 3654 charitate
363 3591 587 3661 studuerunt;
632 3589 807 3652 neminem
846 3589 968 3670 itaque
1007 3590 1081 3652 iure
1116 3611 1284 3656 accusare
1318 3605 1436 3676 potest

154 3720 261 3782 quam
286 3719 327 3762 se
350 3698 466 3779 ipsum
490 3697 637 3778 eiusque
665 3698 792 3760 ducem
813 3699 1008 3775 sathanam,
1033 3698 1092 3778 qui
1117 3698 1231 3780 ipsum
1255 3720 1275 3763 e
1299 3702 1437 3764 latebra

156 3806 335 3886 extraxit,
369 3825 410 3867 ac
444 3804 675 3887 pernitiosum
710 3805 806 3867 virus
831 3823 1018 3886 spargere,
1052 3806 1241 3887 omniaque
1266 3808 1436 3888 pestifero

155 3913 283 3995 spiritu
308 3920 474 3974 contacta
499 3911 644 3974 inficere
669 3911 799 3975 docuit.
853 3912 928 3974 Nec
963 3921 1017 3975 est
1045 3913 1140 3994 quod
1168 3913 1243 3975 iure
1268 3905 1437 3996 conqueri

157 4019 271 4101 possit
301 4040 341 4081 se
369 4030 517 4102 propter
549 4019 793 4099 evangelicam
822 4019 1008 4082 veritatem
1032 4021 1141 4081 multa
1169 4022 1322 4084 adversa
1352 4024 1437 4107 pati,

157 4148 235 4189 cum
259 4126 379 4209 potius
402 4125 549 4208 gloriari
573 4137 705 4207 posset,
730 4128 825 4207 quod
851 4127 1082 4206 evangelicae
1107 4128 1265 4190 ueritatis
1290 4140 1432 4193 temera·

157 4233 230 4296 rius
264 4242 453 4315 corruptor
490 4253 531 4295 ac
570 4241 772 4296 sanctorum
813 4254 937 4296 sacrae
977 4233 1172 4314 scripturae
1206 4235 1436 4318 interpretum

157 4340 389 4422 blasphemus
423 4349 459 4402 et
492 4340 741 4419 calumniator,
775 4351 846 4402 tam
879 4340 939 4401 diu
969 4340 1137 4404 manserit
1175 4341 1384 4424 impunitus,
1409 4345 1437 4406 si

157 4450 246 4510 haec
272 4457 390 4510 tamen
415 4446 581 4529 supplicii
606 4447 742 4509 diliatio
766 4447 886 4528 potius
911 4447 1063 4510 dicenda
1086 4458 1140 4510 est
1165 4469 1269 4530 quam
1291 4453 1336 4513 ad
1360 4470 1438 4529 gra·

158 4554 268 4617 vioris
299 4554 481 4618 vindictae
514 4574 666 4635 poenam
700 4555 907 4618 reservatio
957 4556 1078 4617 Audet
1111 4555 1217 4619 etiam
1251 4558 1459 4620 homuncio.

159 4661 227 4724 iste
250 4672 348 4724 totus
372 4683 418 4725 ex
442 4664 589 4740 scelere,
615 4674 650 4725 et
674 4663 859 4725 mendacio
875 4675 1091 4744 compactae,
1117 4665 1317 4745 captandae
1342 4666 1428 4728 mise

159 4768 335 4831 ricordiae
359 4789 466 4832 causa
491 4769 620 4849 dicere,
646 4791 683 4832 se
708 4769 839 4832 frustra
862 4770 1005 4833 veniam
1019 4780 1154 4852 petere,
1179 4769 1311 4833 frustra
1335 4771 1437 4834 silen-

161 4876 251 4939 tium
276 4876 422 4956 offerre,
447 4897 525 4938 cum
550 4886 746 4939 erratorum
770 4881 923 4961 veniam,
948 4878 977 4940 si
1001 4898 1039 4940 se
1064 4877 1261 4961 corrigere,
1286 4881 1437 4965 culpam·
