3559 5734
699 572 757 628 ΨΒ
797 574 849 629 113
888 572 947 627 &a

183 714 410 777 munitatibus
435 727 470 777 et
494 717 572 778 aliis
596 717 630 778 in
656 738 804 800 quorum
829 718 993 781 dominiis
1018 730 1053 780 et
1070 718 1157 782 locis
1174 720 1298 783 domos
1319 720 1466 799 habent,

182 821 354 902 praedicti
385 821 529 885 Martini
562 824 657 887 dicta
687 845 869 889 venenosa
901 847 942 889 ac
973 826 1144 907 pestilera
1175 848 1271 906 esse,
1311 826 1465 910 indeque

182 932 283 1010 plura
313 929 349 992 in
379 930 553 1011 religione
586 933 779 995 christiana
810 936 981 997 scandala
1014 934 1163 997 excitari
1195 956 1300 1016 posse
1324 934 1465 1015 illisque

183 1038 369 1100 ostendere
394 1057 436 1099 ac
453 1037 655 1120 significare
673 1040 768 1120 quod
786 1040 946 1104 eiusdem
961 1040 1104 1103 Martini
1119 1041 1256 1104 articuli
1274 1050 1464 1123 antequam

181 1146 226 1206 ab
249 1146 316 1206 hac
342 1143 477 1206 Sancta
497 1143 593 1207 Sede
618 1148 882 1226 damnarentur,
907 1167 972 1228 per
996 1148 1191 1210 catholicas
1214 1146 1464 1211 universitates

182 1249 258 1312 illas
282 1252 542 1314 Lovaniensem
575 1262 610 1315 et
635 1252 884 1316 Coloniensem
911 1253 1185 1336 prudentissime
1209 1275 1251 1316 ac
1275 1254 1464 1318 iustissime

182 1357 334 1420 damnati
360 1357 516 1436 fuerunt,
549 1380 591 1421 ac
621 1360 656 1421 in
683 1360 846 1423 omnibus
872 1359 1055 1423 notificare
1080 1363 1176 1441 quod
1200 1360 1266 1424 nisi
1291 1362 1465 1425 Martinus

181 1465 369 1546 resipuerit
392 1487 434 1528 ac
458 1466 550 1529 falsa
574 1475 609 1529 et
634 1486 784 1529 erronea
808 1486 872 1529 sua
896 1466 991 1529 dicta
1015 1467 1241 1531 revocaverit
1263 1467 1356 1531 inira
1380 1480 1464 1530 tem-

180 1590 246 1651 pus
262 1572 294 1633 ei
320 1571 419 1635 aS¹¹¹⁰
435 1575 516 1636 Dno
541 1584 662 1637 nostro
688 1573 898 1657 praefixum,
924 1574 1122 1637 remanebit
1151 1578 1352 1639 declaratus
1384 1577 1463 1637 hae·

181 1680 321 1760 reticos,
346 1689 382 1742 et
396 1690 479 1742 tunc
496 1680 688 1743 succedent
712 1700 868 1743 canones
892 1680 978 1744 iuris
1000 1681 1233 1765 disponentes
1257 1682 1353 1764 quod
1366 1682 1464 1744 Prin·

180 1785 278 1867 cipes
302 1808 345 1850 ac
370 1789 639 1852 communitates
664 1800 699 1850 et
723 1787 782 1851 alii
807 1788 937 1852 Christi
962 1787 1086 1852 fideles
1110 1799 1275 1853 tenentur
1298 1789 1464 1872 persequi

179 1893 269 1955 tales
300 1894 501 1958 haereticos
532 1895 561 1957 si
594 1916 730 1978 poenas
755 1917 776 1958 a
800 1896 904 1958 dictis
936 1896 1133 1960 canonibus
1157 1907 1282 1960 contra
1305 1897 1465 1960 fautores

180 1999 439 2065 haereticorum
457 2023 498 2065 ac
515 2004 566 2066 eis
583 2002 752 2066 auxilium
773 2005 831 2067 vel
856 2003 1040 2067 consilium
1064 2017 1290 2086 praestantes
1314 2003 1465 2067 inflictas

180 2106 314 2170 evitare
346 2109 505 2190 cupiant;
538 2119 574 2172 et
604 2130 683 2172 cum
715 2109 830 2173 dictus
861 2110 1021 2175 minister
1055 2111 1100 2174 sit
1133 2114 1250 2175 bonus
1283 2123 1403 2175 orator
1428 2120 1465 2174 et

179 2213 308 2277 fratres
330 2216 415 2280 boni
432 2223 502 2280 sint
516 2217 799 2299 Praedicatores,
824 2216 1078 2281 efficacissimis
1103 2218 1299 2282 rationibus
1320 2220 1464 2281 eosdem

181 2322 376 2404 Principes,
408 2325 677 2388 communitates
701 2346 742 2388 ac
767 2325 856 2388 alios
881 2325 1011 2388 Christi
1035 2325 1159 2389 fideles
1182 2335 1309 2389 contra
1333 2324 1463 2388 dictum

180 2430 370 2493 Martinam
400 2431 558 2494 animare
592 2434 774 2495 debebunt
807 2452 941 2513 eosque
974 2433 1141 2496 inducere
1174 2444 1213 2496 ut
1247 2433 1362 2514 ipsum
1394 2452 1463 2495 non

178 2538 292 2600 solum
324 2558 395 2601 non
427 2538 634 2621 permittant
665 2540 700 2601 in
731 2559 852 2603 eorum
885 2539 1049 2603 dominiis
1073 2550 1178 2621 stare,
1211 2538 1465 2603 verumetiam

179 2664 310 2725 capere
341 2657 377 2708 et
408 2654 550 2726 captum
584 2647 629 2709 ad
661 2644 791 2709 Sedem
821 2646 1065 2727 Apostolicam
1097 2648 1215 2730 dignis
1245 2647 1464 2730 puniendum

179 2752 364 2835 suppliciis
387 2751 528 2815 mittere
552 2753 721 2833 nitantur,
744 2763 850 2834 prout
874 2753 952 2836 ipse
974 2753 1133 2817 minister
1148 2754 1273 2817 melius
1288 2756 1377 2817 haec
1394 2774 1464 2816 om·

178 2860 238 2921 nia
260 2857 381 2922 facere
406 2880 512 2941 quarn
536 2879 605 2940 ego
630 2859 787 2923 scribere
813 2860 929 2923 sciret.
968 2859 1048 2942 Ego
1073 2870 1191 2924 autem
1208 2880 1463 2943 cognoscerem

178 2965 395 3047 superfluum
420 2986 461 3028 ac
487 2956 629 3029 omnino
653 2986 892 3048 supervanum
918 2987 997 3029 esse
1020 2969 1110 3030 haec
1137 2966 1312 3048 scribere,
1345 2976 1463 3029 tamen

179 3084 218 3135 ut
241 3073 418 3136 desiderio
442 3094 484 3136 ac
508 3073 682 3136 voluntati
706 3073 827 3136 fratris
849 3074 1058 3156 Hylarionis
1082 3075 1126 3136 de
1151 3072 1330 3137 Saehettis
1354 3072 1464 3156 ipsius

177 3179 327 3244 ministri
358 3179 483 3243 vicarii
507 3179 768 3257 satisfacerem,
802 3201 918 3263 pauca
946 3182 1036 3245 haec
1064 3182 1222 3244 breviter
1247 3192 1282 3244 et
1306 3180 1464 3244 succinte

177 3289 369 3351 scribenda
391 3288 526 3369 putavi.

268 3396 348 3476 Quo
380 3415 466 3457 vero
491 3397 536 3458 ad
561 3394 809 3458 destinandum
834 3395 973 3477 aliquos
996 3394 1125 3458 fratres
1149 3395 1234 3457 dicti
1259 3393 1394 3457 ordinis
1419 3397 1463 3456 de

176 3501 408 3565 observantia
431 3500 491 3582 qui
513 3501 676 3564 doctrina
700 3512 735 3564 et
751 3522 885 3564 morum
903 3501 1092 3564 sanctitate
1108 3513 1302 3583 praestent,
1327 3502 1372 3563 ad
1390 3501 1462 3563 Re·

176 3630 259 3691 gem
284 3609 479 3673 Bohemiae
511 3621 549 3672 ut
579 3608 689 3691 ipsius
713 3609 835 3691 Regni
864 3609 1108 3673 schismaticos
1132 3612 1178 3672 ad
1202 3610 1375 3689 gremium
1400 3608 1462 3669 Ec·

177 3718 309 3780 clesiae
319 3718 490 3779 reducere
501 3727 705 3797 procurent,
714 3718 839 3798 procul
848 3717 957 3779 dubio
967 3727 1063 3780 esset
1071 3737 1161 3799 opus
1170 3738 1240 3780 non
1250 3718 1356 3780 modo
1365 3717 1462 3798 pium

177 3824 409 3886 etlaudabile
433 3824 624 3886 sedetiam
649 3823 892 3903 honorificum,
917 3825 1012 3905 quod
1037 3826 1164 3887 vulnus
1189 3824 1277 3887 alias
1302 3835 1462 3905 ternpore

179 3930 282 3992 Pauli
297 3940 333 3992 et
342 3930 397 3992 Pii
405 3931 650 3995 Romanorum
660 3930 871 3994 Pontificum
882 3931 1068 4014 Religioni
1078 3932 1300 3995 Christianae
1314 3931 1460 4009 illatum,

178 4038 311 4101 Leonis
324 4037 373 4101 X.
391 4051 550 4120 tempore
566 4050 761 4117 sanaretur,
779 4060 820 4101 ac
838 4039 888 4101 illi
902 4039 1036 4121 populi,
1052 4039 1112 4121 qui
1127 4059 1192 4120 per
1208 4042 1336 4101 multos
1349 4058 1462 4100 annos

178 4148 401 4226 aberrarunt,
415 4147 460 4208 ad
472 4145 603 4209 Christi
615 4149 751 4209 caulam
766 4148 910 4209 tandem
924 4145 1090 4225 redirent,
1105 4158 1141 4209 et
1154 4146 1236 4228 quia
1249 4143 1463 4208 schismatici
1494 4138 1498 4147 '

178 4252 247 4334 ipsi
258 4274 321 4315 seu
337 4273 458 4315 eorum
472 4253 631 4316 lautores
644 4254 841 4335 spoliarunt
854 4255 1025 4317 ecclesias
1040 4263 1075 4316 et
1092 4255 1210 4316 omnia
1225 4255 1286 4335 pia
1300 4255 1378 4315 loca
1392 4272 1461 4313 om·

179 4360 285 4423 nibus
296 4360 400 4423 bonis
409 4374 445 4423 et
454 4371 621 4442 tanquam
633 4362 792 4423 membra
801 4361 945 4442 putrida
957 4359 1105 4424 abscissi
1120 4361 1263 4423 fuerunt
1275 4381 1297 4421 a
1312 4379 1462 4439 corpore

179 4468 391 4531 universalis
406 4469 599 4549 Ecclesiae,
621 4468 774 4531 fortasse
790 4469 836 4530 ad
854 4489 932 4530 eam
953 4481 1121 4550 tanquam
1139 4469 1185 4530 ad
1199 4468 1294 4551 piam
1312 4467 1461 4528 Matrem

179 4597 279 4640 suam
305 4584 452 4657 possent
475 4575 603 4656 redire,
631 4574 659 4638 si
683 4576 807 4638 modus
832 4575 960 4657 aliquis
983 4576 1200 4657 reperiretur
1224 4573 1462 4655 componendi

180 4705 287 4767 super
305 4683 409 4746 bonis
422 4682 591 4746 Ecclesiis
607 4694 642 4746 et
658 4681 736 4746 aliis
749 4682 817 4764 piis
830 4683 918 4745 locis
932 4682 1071 4763 ablatis,
1080 4683 1145 4745 vel
1158 4685 1254 4763 quod
1266 4681 1462 4744 retinerent

180 4815 223 4857 ea
256 4791 291 4854 in
326 4789 597 4872 emphitheosim
624 4810 734 4871 usque
763 4790 809 4851 ad
833 4789 972 4853 tertiam
997 4790 1264 4871 generationem
1289 4799 1325 4852 et
1349 4789 1461 4850 solve-

179 4912 260 4964 rent
292 4901 327 4962 id
360 4902 455 4983 quod
486 4921 551 4982 pro
583 4921 676 4963 nunc
701 4900 881 4962 videretur
906 4900 1136 4981 conveniens,
1167 4909 1202 4962 et
1226 4909 1307 4982 post
1332 4899 1461 4961 dictam

206 5027 289 5078 Balm,
301 5026 446 5066 Documenta
454 5026 592 5067 Lutherana.
1283 5000 1301 5058 8
