3559 5734
834 510 1083 567 0-<33128>·0

317 662 354 716 et
382 655 518 717 umbra.
565 654 669 719 Hunc
703 653 843 719 interim
881 677 951 738 ego
983 657 1124 740 iugibus
1154 659 1322 742 precibus
1356 661 1526 743 pulsabo,
1560 670 1599 725 ut

317 762 461 824 tandem
492 761 647 844 aperiat,
683 762 881 845 misereque
916 764 1084 829 afflictam
1107 765 1401 832 christianitatem
1431 767 1600 850 respiciat

317 876 353 931 et
384 868 643 932 sanctissimum
673 879 853 952 pastorem
889 892 1085 954 aequeque
1104 873 1312 955 vigilantem
1342 895 1448 957 quam
1479 874 1598 938 diutis-

316 976 403 1040 sime
434 986 633 1065 conservet.
681 978 812 1042 Datum
843 977 1135 1064 Nuerembergae
1166 980 1224 1045 die
1255 980 1349 1045 XVI
1371 980 1507 1045 Mensis
1530 982 1597 1045 De-

316 1083 469 1149 cembris
492 1084 712 1151 MDXXIII.

925 1632 998 1698 136.

533 1744 693 1829 Clemens
720 1746 798 1830 VIL
827 1746 1029 1829 Murehioru
1055 1744 1376 1853 Braudeburgensi.

483 1892 598 1967 (Brevis
616 1895 766 1955 diruentis
783 1895 844 1955 VH.
863 1897 932 1956 Aur.
952 1896 1025 1957 tute.
1043 1896 1089 1956 fel
1107 1897 1163 1966 129,
1182 1912 1250 1957 suno
1268 1897 1290 1957 1.
1310 1913 1352 1973 ep.
1371 1898 1427 1970 68.)

787 2016 841 2082 (24.
860 2017 1017 2067 Decembris
1039 2014 1126 2081 1523.)

405 2149 546 2214 Dilecte
568 2149 619 2214 fili
644 2159 709 2215 etc.
758 2150 892 2213 Audito
916 2170 983 2232 per
1006 2170 1072 2213 nos
1095 2169 1209 2231 nuper
1227 2148 1493 2215 Nobilissimum
1509 2150 1595 2216 Ger·

315 2277 498 2321 manorum
522 2257 726 2339 Principum
752 2256 975 2321 Conventum
987 2257 1246 2338 Norimbergae
1269 2256 1482 2338 habendum,
1513 2259 1597 2323 laeti

314 2364 362 2448 id,
386 2386 428 2431 ac
452 2366 562 2428 multo
586 2365 713 2429 laetius
736 2363 938 2446 accepimus
962 2364 1193 2428 Nobilitatem
1216 2373 1312 2426 tuam
1337 2384 1380 2427 eo
1405 2376 1596 2429 conventu-

315 2490 504 2536 ramesse.
552 2471 624 2535 Ubi
649 2472 742 2536 enim
767 2481 820 2536 tot
844 2471 1046 2537 Orthodoxi
1069 2470 1256 2554 Principes
1278 2470 1313 2533 in
1338 2471 1493 2535 Domino
1518 2492 1598 2536 con·

315 2587 530 2663 gregantur,
565 2588 675 2661 tuque
713 2579 749 2641 in
779 2578 904 2661 primis
938 2581 1107 2661 accedas,
1139 2579 1353 2661 sperandum
1385 2588 1441 2642 est
1473 2579 1522 2642 ibi
1553 2580 1599 2644 de

316 2685 510 2749 universali
533 2684 617 2749 fidei
641 2685 854 2749 christianae
882 2686 1069 2749 commodo
1093 2695 1129 2748 et
1151 2687 1282 2766 salute,
1315 2695 1377 2748 aut
1405 2685 1525 2768 potius
1553 2688 1600 2750 de

315 2803 369 2858 tot
391 2794 563 2857 melorum
593 2792 760 2856 remediis
793 2793 1016 2856 tractandum
1051 2811 1093 2854 ac
1124 2792 1384 2874 providendum
1409 2812 1498 2857 esse.
1523 2793 1598 2859 ,Ea

315 2904 360 2966 de
384 2920 492 2965 causa
516 2922 560 2964 ne
584 2920 649 2963 nos
673 2920 738 2981 pro
763 2910 886 2963 nostro
911 2899 1083 2982 pastorali
1107 2897 1226 2962 officio
1251 2909 1323 2962 tam
1355 2909 1482 2964 ornato
1515 2920 1595 2965 con·

314 3009 437 3074 ventui
461 3008 681 3089 deessemus,
705 3007 903 3087 statuimus,
927 3009 971 3070 de
996 3006 1193 3072 venerabili
1223 3005 1373 3070 fratrum
1397 3016 1597 3072 nostrorum

316 3114 353 3181 S.
385 3116 433 3181 R.
464 3114 504 3178 E.
536 3114 776 3179 Cardinalium
810 3114 978 3194 consilio,
1015 3114 1190 3177 Nuncium
1221 3113 1312 3177 istuc
1350 3114 1596 3196 Apostolicum

312 3223 413 3306 'apud
437 3222 541 3285 istam
564 3222 736 3305 inclytam
758 3222 861 3285 nobis
885 3242 1026 3304 semper
1059 3220 1223 3284 dilectam
1252 3219 1440 3285 Nationer'n
1470 3233 1597 3304 postea

316 3350 458 3413 semper
481 3349 735 3410 remansurum,
752 3329 912 3403 mittere;
939 3328 997 3411 qui
1014 3329 1096 3390 dum
1113 3348 1151 3391 se
1167 3327 1325 3409 expedit,
1350 3337 1459 3411 atque
1482 3328 1594 3393 accin-

315 3438 388 3521 git,
420 3437 585 3500 iussimus
616 3436 754 3500 interea
784 3435 951 3499 dilectum
982 3434 1091 3499 filium
1122 3434 1379 3517 Hieronymum
1403 3435 1598 3500 Rorarium

315 3543 543 3624 familiarem,
574 3552 610 3607 et
633 3543 865 3606 camerarium
896 3552 1055 3606 nostrum
1087 3540 1323 3605 exhibitorem
1356 3544 1598 3623 praesentium

316 3670 359 3714 eo
383 3669 625 3733 praecurrere.
673 3649 739 3713 Cui
763 3648 906 3731 quidem
930 3649 965 3711 in
989 3649 1166 3712 mandatis
1189 3648 1371 3730 dedimus,
1404 3659 1442 3712 ut
1465 3648 1596 3713 Nobili·

315 3766 424 3821 tatem
453 3765 566 3836 tuam,
602 3776 707 3838 quam
740 3757 775 3819 in
799 3755 993 3820 minoribus
1017 3755 1198 3819 constituti
1221 3755 1451 3838 peculiariter
1473 3756 1596 3821 dilexi·

316 3870 404 3945 mue,
428 3882 619 3945 sumusque
643 3864 812 3946 deinceps
836 3872 986 3945 paterne
1010 3861 1190 3943 dilecturi,
1220 3864 1345 3945 adeat,
1370 3872 1597 3946 nostramque

317 3971 350 4035 ei
374 3972 420 4035 ad
445 3991 629 4035 commune
645 3974 776 4035 bonum
792 3991 1005 4054 propensam
1021 3972 1242 4033 voluntatem
1264 3980 1434 4052 exponat,
1457 3970 1598 4052 plenius

315 4079 458 4160 abi110,
483 4078 542 4160 qui
558 4080 794 4160 subsequetur
810 4078 1071 4160 explicandam.
1118 4076 1193 4140 Nos
1219 4086 1338 4140 autem
1366 4076 1597 4142 Nobilitatem

316 4196 414 4249 tuam
436 4205 503 4268 pro
528 4197 589 4248 tuo
615 4184 754 4267 officio,
778 4205 884 4267 quum
917 4184 1008 4248 sacri
1032 4184 1176 4267 Imperii
1200 4184 1391 4247 Romanae
1415 4183 1598 4248 Ecclesiae

316 4292 484 4357 advocati
507 4293 714 4372 membrum,
738 4300 845 4373 atque
868 4290 1013 4354 Elector
1036 4290 1091 4353 his
1107 4298 1257 4373 paterne
1274 4291 1467 4374 hortamur,
1491 4301 1528 4354 et
1552 4312 1598 4355 ex

316 4399 432 4462 animo
457 4397 678 4480 requirimus
702 4408 741 4460 ut
764 4398 810 4460 ad
834 4397 1046 4479 dignitatem
1060 4397 1293 4481 Apostolicae
1310 4394 1426 4479 Sedis,
1450 4398 1521 4462 imo
1544 4418 1598 4461 sa-

316 4508 426 4569 lutem
451 4516 488 4570 et
511 4504 803 4586 tranquillitatem
827 4505 935 4568 totius
960 4504 1183 4568 Christianae
1207 4503 1465 4587 Reipublicae,
1498 4526 1598 4570 sano·

316 4623 458 4696 tamque
482 4611 590 4676 fidem
613 4613 783 4675 tuendam
807 4611 1008 4693 incumbaS,
1038 4611 1142 4674 sicuti
1173 4608 1224 4674 tui
1255 4611 1424 4694 maiores,
1448 4633 1598 4695 quorum

316 4721 467 4803 gloriam
500 4720 536 4784 in
569 4719 697 4782 ceteris
721 4718 868 4800 auxisti,
904 4739 975 4782 non
1006 4717 1179 4799 minuisti,
1209 4718 1463 4799 incubuerunt,
1497 4728 1533 4782 et
1561 4728 1598 4783 te

316 4826 556 4892 incubiturum
580 4825 796 4890 confidimus.
842 4826 944 4890 Haec
967 4834 1087 4889 autem
1108 4823 1352 4910 Hieronymus
1383 4823 1462 4909 ipse
1489 4825 1597 4909 pluri-
