3559 5734
809 534 1054 597 &saroa

292 682 422 748 Hassia
454 694 489 746 et
522 686 567 748 da
599 706 637 748 se
670 683 783 748 eben
808 687 980 768 provist0,
1005 701 1040 751 et
1064 690 1171 770 volpe
1196 699 1328 770 astuta,
1356 687 1470 773 perho
1501 707 1572 752 non

291 802 384 855 teme
408 791 610 857 Francisco.
659 792 752 855 Altri
777 794 906 856 di'cono
941 798 1006 858 che
1031 796 1145 877 questi
1171 794 1307 859 Cavalli
1331 817 1418 859 sono
1443 798 1488 858 de
1512 795 1571 878 gia

291 900 526 963 comminciati
558 900 716 963 adunare
748 921 813 982 per
837 901 893 964 far
916 923 938 964 a
962 903 1021 965 noi
1045 923 1174 985 paura,
1206 904 1372 967 accioche
1398 924 1469 966 non
1493 923 1571 985 pro-

292 1007 474 1088 seguiamo
499 1008 533 1069 la
558 1028 665 1069 causa
690 1008 903 1088 Lutherana,
929 1019 1027 1072 tanto
1051 1012 1117 1072 che
1141 1021 1254 1074 sterno
1288 1009 1347 1092 qui
1356 1060 1365 1091 ,
1397 1020 1433 1073 et
1466 1010 1572 1092 dopoi

291 1115 326 1177 in
352 1114 497 1195 viaggio
522 1135 586 1195 per
611 1114 698 1177 farei
723 1116 919 1196 dispiacer3
944 1117 1003 1179 noi
1029 1119 1111 1179 dum
1135 1138 1254 1180 sumus
1278 1118 1347 1196 bic,
1373 1138 1444 1180 non
1459 1138 1571 1180 cessa·

292 1242 388 1284 remo
413 1243 478 1303 per
502 1242 614 1302 paura
638 1222 693 1284 far
716 1222 740 1284 il
765 1223 887 1286 debito
913 1235 948 1286 et
972 1246 1037 1307 per
1060 1225 1206 1307 viaggio
1232 1245 1396 1306 speramo
1421 1227 1486 1287 che
1504 1223 1573 1286 Dio

291 1350 362 1391 non
399 1329 430 1391 ci
465 1329 706 1392 abandonara.
754 1327 816 1392 Sel
855 1331 873 1393 ὲ
907 1331 1078 1413 possibile
1110 1332 1273 1412 supplico
1305 1351 1375 1393 non
1408 1351 1446 1393 se
1480 1331 1528 1393 dii
1553 1352 1575 1394 a

292 1448 459 1517 questoro
484 1439 610 1497 alcuna
634 1436 829 1516 suspitione
854 1438 914 1501 del
939 1439 1011 1500 lato
1037 1440 1081 1501 de
1106 1445 1212 1518 costi,
1237 1437 1308 1501 fino
1333 1440 1473 1500 almeno
1506 1439 1571 1499 che

291 1544 390 1605 siano
417 1542 576 1622 expediti
602 1554 638 1605 et
660 1542 810 1606 intimati
834 1566 901 1625 per
923 1554 1015 1607 tutta
1032 1545 1224 1608 (iermenia
1249 1545 1366 1627 questi
1390 1547 1573 1608 benedetti

291 1649 460 1713 mandati.

381 1758 423 1820 El
454 1757 770 1820 Reverendissimo
802 1767 838 1821 et
866 1759 1107 1822 Illustrissimo
1140 1760 1355 1841 Moguntino
1388 1780 1459 1823 non
1493 1762 1574 1823 vole

292 1865 402 1927 sentir
426 1866 546 1945 parler
571 1866 636 1926 che
662 1885 700 1926 se
726 1864 887 1947 divulghi
913 1867 957 1927 de
982 1876 1108 1947 questa
1139 1868 1256 1944 bulla,
1291 1870 1384 1929 dove
1416 1867 1436 1930 ὲ
1466 1866 1573 1929 nomi-

293 1983 376 2035 nato
402 1971 475 2033 Sua
500 1970 666 2053 Signoria
691 1973 732 2033 el·
748 1972 886 2035 Nuncio
897 2021 906 2054 ‚
939 1994 1073 2036 messer
1096 1974 1223 2051 Recio,
1262 1983 1297 2036 et
1332 1974 1366 2034 io
1402 1975 1447 2035 de
1471 1982 1575 2055 poter

293 2080 481 2161 procieder
498 2088 621 2140 contra
646 2078 670 2139 li
695 2079 899 2160 Lutherani,
924 2091 959 2142 et
976 2083 1142 2144 absolvet
1158 2081 1182 2143 li
1197 2081 1393 2163 poenitenti
1409 2101 1490 2143 cum
1514 2102 1572 2163 po·

293 2197 421 2249 testate
446 2184 699 2258 substituendi;
733 2207 801 2248 non
836 2187 896 2268 gia
928 2189 1058 2267 perche
1091 2189 1139 2250 lui
1164 2190 1319 2251 Luthero
1344 2188 1484 2265 faveat,
1518 2208 1575 2250 ma

293 2291 426 2374 perche
450 2292 529 2355 dice
553 2293 675 2355 esserii
700 2314 765 2374 per
789 2294 949 2356 conciter
972 2295 1143 2357 immenso
1175 2297 1258 2359 odio
1290 2316 1464 2379 appresso
1494 2296 1574 2357 tutti

294 2401 316 2463 li
343 2398 528 2478 (irermani,
554 2420 591 2461 se
617 2399 664 2461 lui
689 2403 765 2463 solo
791 2402 846 2463 de'
871 2402 1000 2483 prelati
1026 2391 1191 2465 Alemani
1216 2403 1233 2464 ὲ
1259 2404 1440 2465 nominato
1465 2402 1499 2464 in
1525 2405 1574 2464 tal

293 2507 457 2587 impresa‚
483 2507 563 2568 chel
588 2509 788 2587 parerebbe
813 2511 878 2571 che
904 2508 952 2570 lui
969 2511 1046 2571 solo
1063 2509 1328 2590 perseguitasse
1344 2513 1393 2572 tal
1410 2510 1575 2591 impresa.

295 2613 444 2675 intendo
468 2633 577 2675 ancor
602 2615 667 2675 che
692 2614 739 2674 lui
765 2614 843 2676 dice
868 2616 991 2678 esserli
1017 2636 1203 2698 vergogna
1227 2618 1305 2679 chel
1331 2617 1371 2678 sii
1394 2626 1515 2679 creato
1541 2629 1575 2678 et

294 2719 474 2783 nominato
498 2718 533 2781 in
555 2731 637 2782 'essa
662 2722 759 2783 bulla
783 2721 972 2802 inquisitor
1005 2724 1184 2786 hereticae
1218 2724 1424 2806 pravitatiS,
1463 2725 1576 2805 perho

295 2827 342 2889 lui
365 2828 525 2888 vorebbe
550 2829 615 2889 che
640 2847 678 2888 se
703 2828 941 2892 addricciasse
966 2850 1076 2892 ancor
1099 2830 1159 2893 alli
1184 2830 1264 2892 altri
1294 2830 1441 2893 electori
1466 2832 1576 2893 eecle-

295 2933 436 3011 siastici‚
462 2944 497 2996 et
521 2934 580 2995 alli
605 2935 869 3014 metropolitani
894 2939 938 2998 de
963 2936 1164 3000 Germania.

386 3041 425 3102 El
452 3039 584 3122 Signor
616 3042 660 3102 de
686 3040 843 3104 Chevres
876 3043 987 3124 hoggi
1021 3044 1067 3105 he.
1098 3053 1243 3125 passato
1267 3044 1292 3107 il
1316 3043 1418 3108 XIV.
1444 3046 1579 3107 desua

295 3148 406 3211 febre.
456 3148 536 3209 Uno
561 3149 605 3209 de
631 3148 757 3210 medici
782 3151 847 3211 che
872 3152 925 3212 sol
949 3153 1061 3213 hever
1095 3156 1187 3214 buon
1213 3154 1444 3234 prognostico
1470 3172 1577 3234 spera

295 3258 361 3317 che
386 3256 414 3316 si
440 3253 578 3334 sanare,
604 3255 627 3317 li
652 3255 732 3317 altri
749 3255 858 3318 fanno
876 3257 1003 3337 pegior
1019 3258 1168 3330 iudicio;
1194 3259 1361 3340 quicquid
1385 3259 1431 3321 sit
1455 3260 1473 3321 ὲ
1497 3280 1577 3321 vec·

296 3363 394 3438 chio,
428 3372 462 3423 et
497 3363 543 3423 ha
569 3364 602 3424 la
626 3362 727 3425 febre
751 3365 934 3443 continua,
970 3367 1006 3427 la
1040 3368 1122 3446 qual
1147 3366 1256 3448 dopoi
1280 3367 1313 3428 el
1338 3365 1418 3427 cibo
1443 3366 1577 3428 crescie

296 3469 354 3552 piri
381 3470 446 3531 che
471 3471 504 3531 la
529 3470 656 3550 ragion
682 3472 739 3532 del
764 3470 844 3532 cibo
862 3480 1056 3552 permetie;
1082 3493 1148 3552 pur
1162 3474 1208 3533 ha
1232 3475 1327 3534 bona
1349 3473 1576 3553 complexion

297 3586 332 3638 et
355 3579 427 3638 bon
453 3576 580 3655 anim0,
606 3585 641 3637 et
666 3596 736 3638 non
761 3576 842 3638 altri
866 3578 949 3640 mali
973 3578 1157 3643 accidenti.

385 3683 454 3763 Qui
491 3702 604 3762 regna
641 3704 712 3745 una
747 3683 848 3745 febre
873 3684 1129 3765 pestilentiele,
1159 3687 1225 3748 che
1249 3688 1371 3748 abatte
1395 3686 1420 3747 li
1444 3686 1578 3748 homini

295 3791 552 3853 bestialmente.
601 3790 680 3853 Non
706 3793 814 3852 credo
839 3793 905 3854 che
930 3792 1040 3855 siamo
1065 3813 1129 3874 per
1154 3792 1265 3874 partir
1289 3798 1361 3855 cosi
1394 3802 1515 3874 presto
1540 3794 1578 3855 di

297 3907 422 3979 questa
446 3909 552 3970 terra,
577 3918 677 3959 corne
702 3896 762 3977 gia
787 3898 834 3959 X.
860 3898 976 3978 giorni
1002 3919 1235 3981 speravam03
1261 3912 1296 3962 et
1320 3920 1430 3962 ancor
1453 3902 1519 3963 che
1542 3902 1579 3962 la

296 4005 488 4066 cavallaria
513 4004 557 4065 de
582 4003 692 4066 Cesar
716 4004 757 4065 sii
781 4005 842 4086 gia
866 4005 926 4067 doi
951 4006 987 4066 di
1011 4007 1159 4088 partita,
1193 4017 1229 4067 et
1257 4008 1322 4067 che
1352 4006 1450 4068 fusse
1484 4018 1578 4070 stato

298 4112 356 4193 qui
381 4111 555 4187 ordinatO,
581 4120 616 4172 et
640 4111 763 4172 scritto
787 4112 823 4173 in
842 4112 997 4173 Fiandra
1021 4114 1087 4175 che
1111 4113 1284 4174 mercordi
1311 4114 1474 4194 proximo
1499 4135 1577 4197 par·

298 4220 500 4288 teressimo;
526 4219 717 4280 tuttavolta
740 4216 853 4298 parmi
875 4239 972 4281 esser
988 4220 1129 4281 tardata
1146 4223 1180 4281 la
1195 4231 1365 4301 partenze
1379 4242 1444 4303 per
1461 4242 1580 4285 nuove

298 4324 484 4405 suspitioni
515 4324 550 4385 di
581 4343 726 4403 guerra:
763 4325 857 4387 Baso
889 4328 923 4387 le
948 4346 1052 4388 sacre
1078 4327 1170 4388 mani
1195 4328 1230 4388 di
1255 4328 1388 4391 Vostra
1412 4327 1581 4411 Signoria

298 4432 614 4497 Reverendissima
638 4442 675 4495 et
698 4432 946 4496 illustrissima.

389 4541 620 4605 Wormatiae.
