3559 5734
682 554 911 609 0·<{3198>⁴

156 696 324 779 pestifere
353 718 576 779 quocumque
604 718 791 780 possumus
816 701 975 763 remedio
1001 701 1146 763 salutari
1171 721 1358 764 occurrere
1383 721 1436 763 cu-

155 805 304 886 pientes
337 815 372 867 et
396 826 440 867 ne
470 806 672 868 huiusmodi
701 809 845 869 morbus
875 807 1047 888 pestilens
1080 818 1264 870 excrescat
1292 810 1438 870 ulterius

154 914 218 974 sed
242 923 461 993 cooperante
486 913 629 983 domino
645 914 814 976 radicitus
831 916 1014 995 evellatur,
1041 914 1230 977 salubriter
1246 917 1437 995 providere

154 1022 328 1097 volentes
353 1040 394 1081 ac
416 1030 602 1100 sperantes
618 1022 712 1101 quod
739 1021 1008 1103 circumspectio
1032 1032 1093 1084 tua
1118 1023 1279 1101 Alberte,
1305 1042 1438 1085 memor

152 1128 265 1207 galeri
290 1126 391 1188 istius
416 1126 517 1189 rubei
541 1147 645 1208 quem
669 1137 790 1210 gestas
815 1128 1018 1209 significare
1042 1139 1080 1190 ut
1108 1150 1172 1210 pro
1199 1128 1282 1191 fidei
1307 1129 1435 1192 Christi

150 1238 288 1298 honore
312 1234 524 1314 sanguinem
548 1232 731 1298 effundere
756 1255 825 1298 non
850 1236 1002 1317 dubites
1026 1256 1092 1316 per
1115 1245 1175 1299 tue
1192 1236 1437 1299 sollicitudinis

151 1343 307 1405 studium
331 1343 449 1403 labem
472 1340 673 1403 huiusmodi
698 1343 879 1424 extirpare
905 1351 941 1403 et
965 1345 1163 1405 ortodoxae
1185 1343 1268 1405 fidei
1283 1343 1436 1405 fructuo-

150 1472 208 1512 sos
241 1449 407 1531 palmites
438 1450 602 1529 plantare
630 1469 695 1530 pro
720 1461 781 1512 tua
805 1449 897 1512 virili
923 1450 1118 1513 conaberis
1167 1451 1221 1512 De
1245 1462 1306 1512 tua
1330 1450 1436 1530 igitur

149 1557 470 1638 circumspectione
495 1556 685 1638 prudentia
710 1577 750 1617 ac
775 1556 945 1637 singulari
970 1557 1132 1619 doctrina
1163 1577 1351 1638 rerumque
1378 1578 1435 1619 ex-

149 1664 343 1747 perientia,
375 1683 514 1726 necnon
538 1663 574 1726 in
599 1684 664 1725 nos
698 1676 732 1725 et
764 1667 885 1727 sedem
918 1664 1150 1745 apostolicam
1183 1664 1374 1727 devotione
1401 1675 1436 1726 et

147 1772 220 1834 fide
245 1770 410 1834 fiduciam
435 1772 624 1850 habentes,
657 1781 693 1832 te
718 1783 842 1833 contra
865 1773 957 1833 hanc
982 1782 1020 1832 ut
1044 1769 1259 1852 premittitur
1282 1769 1435 1832 heresim

147 1882 270 1942 labem
299 1889 336 1940 et
367 1888 504 1959 pestem
535 1898 576 1939 ac
601 1877 636 1939 in
662 1898 704 1940 ea
728 1877 996 1959 quomodolibet
1020 1876 1216 1958 culpabiles
1241 1877 1436 1939 existentes

147 1988 361 2067 generalem
393 1987 427 2047 in
461 1996 537 2047 tota
569 1986 753 2068 germania
786 1985 1029 2066 inquisitorem
1062 1985 1219 2047 heretice
1250 1984 1437 2065 pravitatis

146 2093 353 2156 huiusmodi
386 2092 536 2155 facimus
565 2092 809 2156 constituimus
842 2113 1003 2155 creamus
1037 2102 1072 2153 et
1101 2093 1323 2173 deputamus
1357 2112 1434 2153 curn

148 2202 267 2282 plenis
292 2199 524 2263 facultatibus
549 2209 584 2263 et
607 2210 786 2282 potestate
811 2220 879 2281 que
904 2200 938 2262 in
964 2199 1135 2261 similibus
1158 2220 1180 2261 a
1203 2200 1288 2279 Jure
1313 2218 1446 2264 conce,

147 2310 284 2371 duntur
317 2328 359 2369 ac
390 2307 468 2369 aliis
500 2306 755 2395 infradicendis
787 2327 925 2370 necnon
957 2306 1021 2368 tibi
1048 2317 1084 2368 et
1109 2307 1210 2369 vobis
1233 2307 1369 2369 nunciis
1394 2326 1434 2367 ac

147 2415 301 2479 notariis
326 2413 475 2496 prefatis
499 2425 535 2476 et
558 2425 715 2476 vestrum
741 2415 887 2477 cuilibet
912 2426 1035 2477 contra
1060 2414 1203 2476 eosdem
1228 2413 1276 2475 M.
1293 2412 1351 2476 W.
1379 2413 1434 2477 Ul.

148 2533 183 2585 et
210 2522 266 2585 La
288 2522 344 2601 Jo.
369 2520 446 2607 (sic)
469 2541 510 2582 ac
536 2521 624 2583 alios
654 2542 743 2602 quos
767 2521 944 2584 hereticos
968 2520 1046 2583 fore
1079 2530 1113 2583 et
1142 2540 1221 2583 esse
1250 2541 1315 2602 per
1349 2520 1436 2582 alias

148 2642 294 2693 nostras
338 2629 476 2691 litteras
514 2628 772 2690 declaravimus
811 2640 846 2689 et
879 2629 914 2690 in
953 2628 1149 2691 litterarum
1182 2627 1435 2690 declarationis

146 2736 352 2799 huiusmodi
384 2735 625 2815 publicatione
657 2735 831 2797 nominari
870 2756 976 2817 posse
1016 2734 1209 2815 voluimuS,
1242 2755 1435 2817 eorumque

147 2845 368 2905 adherentes
393 2843 584 2924 complices
610 2853 645 2904 et
668 2842 827 2905 fautores
851 2853 957 2923 atque
982 2851 1227 2924 receptatores
1244 2842 1434 2905 cuiuscum-

148 2971 220 3031 que
246 2960 360 3011 status
384 2950 518 3029 gradus
542 2949 676 3011 ordinis
701 2948 915 3012 conditionis
940 2952 997 3012 vel
1014 2949 1250 3031 preminentie
1275 2949 1381 3012 etiam
1406 2949 1435 3010 si

147 3056 290 3138 imperii
317 3058 501 3135 electores,
534 3066 569 3118 et
593 3057 861 3119 communitates
893 3056 1143 3119 universitates
1175 3066 1210 3119 et
1243 3056 1433 3137 municipia

147 3164 294 3243 fuerint,
319 3163 522 3243 ubicunque
546 3163 704 3225 locorum
728 3184 789 3225 eos
815 3185 893 3225 esse
918 3163 1163 3244 compereritis
1188 3164 1320 3245 agendi
1354 3183 1431 3244 pro-

149 3271 306 3334 cedendi
339 3291 472 3352 eosque
504 3269 669 3352 capiendi
700 3291 742 3332 ac
774 3271 978 3333 carceribus
1011 3271 1235 3352 mancipandi
1267 3282 1302 3332 et
1333 3270 1434 3331 iuxta

149 3378 347 3440 canonicas
372 3375 583 3439 Sanctiones
609 3386 644 3439 et
669 3388 871 3439 sanctorum
895 3388 1035 3459 patrum
1059 3378 1220 3440 instituta
1247 3388 1354 3459 prout
1378 3398 1432 3439 cu-

150 3485 280 3566 iusque
307 3484 459 3566 qualitas
483 3483 603 3547 delicti
629 3484 791 3564 exegerit
815 3484 985 3567 puniendi
1010 3494 1045 3547 et
1069 3486 1251 3547 brachium
1276 3487 1435 3547 seculare

148 3604 183 3655 et
211 3592 411 3672 Imperiale,
443 3592 471 3653 si
496 3612 585 3674 opus
610 3591 727 3672 fuerit,
761 3604 886 3654 contra
911 3594 1054 3655 eosdem
1079 3593 1269 3656 invocandi
1294 3613 1431 3655 necnon

148 3701 195 3761 ad
222 3698 386 3760 veritatis
417 3700 534 3761 lumen
559 3699 677 3761 redire
707 3709 742 3761 et
765 3699 965 3762 huiusmodi
990 3701 1140 3763 heresim
1176 3700 1340 3763 abiurare
1374 3721 1432 3762 vo·

148 3807 266 3866 lentes
291 3804 320 3866 si
346 3805 435 3867 alias
458 3806 590 3888 relapsi
615 3826 686 3868 non
711 3805 852 3886 fuerint,
876 3819 1022 3889 recepta
1047 3810 1092 3869 ab
1118 3808 1168 3870 eis
1193 3809 1305 3889 prima
1337 3808 1432 3870 abiu·

148 3912 290 3975 ratione
315 3912 450 3975 heresis
484 3922 519 3975 et
543 3933 701 3975 errorum
725 3913 926 3976 huiusmodi
950 3914 1106 3994 legitime
1139 3926 1174 3977 et
1207 3915 1350 3996 publice
1382 3915 1430 3977 ia·

148 4020 279 4082 cienda
303 4020 534 4101 prestitoque,
554 4040 619 4100 per
636 4041 698 4082 eos
715 4021 921 4099 Juramento
946 4023 1041 4103 quod
1066 4023 1151 4084 talia
1167 4024 1336 4104 deinceps
1361 4043 1430 4085 non

147 4127 382 4205 committent,
407 4147 472 4188 nec
497 4127 582 4189 talia
613 4129 667 4190 vel
693 4127 780 4189 alias
805 4129 871 4191 hiis
896 4130 1022 4191 similia
1046 4129 1345 4192 committentibus
1370 4151 1432 4191 seu

148 4234 409 4295 adherentibus
426 4234 594 4296 auxilium
619 4234 802 4297 consilium
827 4238 884 4297 vel
908 4236 1068 4299 favorem
1092 4257 1157 4317 per
1182 4258 1219 4299 se
1244 4240 1301 4298 vel
1326 4238 1430 4299 alium

147 4360 210 4402 seu
246 4339 336 4402 alios
369 4343 580 4422 prestabunt
610 4353 646 4403 et
681 4341 769 4404 alias
793 4341 827 4403 in
852 4343 967 4404 forma
992 4343 1142 4405 ecclesie
1168 4354 1348 4424 consueta,
1374 4365 1431 4406 ex-

147 4446 264 4529 ceptis
294 4457 411 4509 tamen
443 4446 532 4509 Mar.
558 4448 630 4511 wi,
655 4459 691 4509 et
716 4449 838 4510 Ulrico
864 4460 899 4512 et
923 4450 977 4527 Jo.
1002 4449 1189 4532 predictis;
1224 4471 1370 4531 quorum
1396 4460 1431 4511 et

147 4554 340 4616 cuiuslibet
356 4574 477 4616 eorum
494 4563 670 4636 tamquam
697 4556 812 4638 magis
829 4557 968 4619 notorie
993 4556 1222 4638 culpabilium
1240 4557 1428 4620 absolutio·

148 4683 240 4741 nem,
264 4662 294 4724 si
320 4683 396 4725 earn
422 4660 599 4724 humiliter
623 4673 659 4724 et
682 4663 716 4724 in
742 4663 857 4726 forma
881 4664 975 4743 Juris
1000 4677 1123 4745 petere
1149 4663 1335 4743 voluerint,
1370 4686 1428 4727 no-

147 4771 202 4832 bis
228 4779 263 4830 et
287 4770 365 4832 sedi
389 4769 586 4852 apostolice
620 4770 824 4851 specialiter
848 4782 884 4834 et
918 4792 1089 4853 expresse
1113 4792 1337 4834 reservamus
1370 4775 1429 4833 ab·

149 4877 312 4941 solvendi
337 4888 374 4939 et
398 4879 444 4940 ad
468 4888 625 4940 nostrum
650 4888 685 4940 et
709 4877 865 4941 eiusdem
891 4879 985 4942 sedis
1002 4881 1175 4958 gremium
1201 4900 1337 4941 necnon
1351 4898 1427 4959 gra-

1238 4985 1271 5039 2*
