3559 5734
843 560 1091 619 macae*

932 817 1005 883 133.
1086 803 1089 809 '

701 934 880 1015 Manibus
907 935 1042 1015 lother
1069 932 1234 1016 llonrado.

772 1082 874 1153 (bota
902 1076 1067 1141 Wocmao.
1093 1080 1162 1155 1⁹³.)

824 1201 860 1267 (1.
881 1202 1007 1251 Octobris
1029 1198 1115 1269 1523.)

418 1343 545 1409 Gratia
569 1352 605 1407 et
628 1364 701 1426 pax
733 1343 769 1406 iu
793 1343 958 1408 Domino,
1005 1345 1059 1407 Tu
1073 1320 1193 1427 potius
1209 1342 1343 1426 optime
1356 1342 1521 1425 Conrade
1545 1365 1612 1427 pro

328 1473 384 1515 me
408 1473 482 1533 ora,
506 1461 639 1533 quanto
668 1471 761 1514 nunc
793 1460 832 1513 tu
865 1452 999 1515 maiore
1033 1451 1112 1515 ocio
1142 1453 1293 1514 donatus
1325 1472 1377 1533 es,
1409 1462 1446 1516 et
1475 1452 1611 1535 pietate

327 1579 383 1623 me
407 1579 573 1641 superas;
607 1567 694 1640 opto
719 1578 820 1640 sane,
845 1566 882 1621 et
907 1578 970 1621 oro
994 1559 1184 1622 Dominum
1208 1558 1339 1639 Jesum,
1353 1568 1402 1621 ’ut
1423 1560 1496 1622 ribi>
1514 1562 1611 1642 quod

326 1666 419 1749 petis
443 1666 587 1748 linguae
612 1667 742 1729 donum
766 1665 948 1747 impartiat
980 1666 1015 1728 in
1048 1667 1190 1729 laudem
1214 1665 1352 1748 gratiae
1381 1687 1475 1733 suae.
1523 1666 1612 1730 Coe·

326 1784 440 1837 terum
465 1772 560 1855 quod
584 1773 710 1836 scribis
733 1793 778 1835 ne
801 1772 902 1835 iriter
930 1773 963 1834 in
983 1770 1184 1855 Erasmum,
1208 1781 1292 1836 ante
1312 1773 1539 1856 impetratum
1556 1783 1613 1837 est

327 1901 431 1963 quarn
454 1881 601 1963 rogasti.
640 1879 813 1961 Equidem
839 1880 1035 1943 Huttenum
1060 1881 1191 1943 nollem
1214 1880 1476 1962 expostulasse,
1498 1882 1613 1943 multo

326 1988 440 2051 minus
472 1988 656 2051 Erasmum
695 1986 922 2060 abstersisse;
952 1987 982 2049 si
1013 1987 1081 2049 hoc
1112 1996 1166 2049 est
1199 1986 1352 2069 spongia
1382 1990 1612 2071 abstergere,

326 2114 416 2179 rogo
439 2094 525 2176 quid
549 2103 603 2156 est
627 2094 839 2158 maledicere
864 2106 901 2157 et
924 2094 1134 2157 convitiari?
1162 2114 1309 2177 prorsus
1332 2094 1466 2158 frustra
1489 2107 1614 2179 sperat

326 2202 492 2265 Erasmus
516 2221 580 2264 sua
604 2201 783 2263 rhetorica
806 2201 856 2264 sic
881 2201 1046 2265 omnibus
1071 2201 1225 2284 ingeniis
1246 2201 1355 2282 abuti,
1381 2202 1481 2283 quasi
1505 2223 1613 2267 nemo

325 2309 380 2388 sit,
404 2308 474 2372 imo
499 2308 604 2391 quasi
628 2308 732 2390 pauci
757 2307 837 2386 sint,
863 2308 923 2389 qui
947 2308 1112 2389 sentiant,
1138 2308 1224 2389 quid
1243 2309 1321 2371 alat
1336 2308 1515 2373 Erasmus.
1549 2307 1614 2374 Sic

325 2437 391 2498 pro
421 2436 460 2479 se
488 2415 610 2478 scribit
640 2415 824 2495 Erasmus,
856 2414 1056 2497 optabilius
1085 2424 1139 2478 est
1167 2425 1206 2477 ut
1238 2429 1362 2478 contra
1393 2436 1432 2479 se
1465 2417 1613 2482 scribat.

326 2521 575 2586 Incredibilem
599 2522 668 2584 nisi
694 2531 729 2584 et
753 2522 922 2602 nominiS,
955 2533 991 2585 et
1014 2522 1213 2585 autoritatis
1237 2523 1408 2586 iacturam
1432 2522 1613 2588 fecithoc

326 2630 428 2710 libro,
453 2637 491 2692 ut
513 2650 569 2692 me
594 2631 700 2711 plane
723 2629 875 2692 hominis
900 2630 1083 2709 misereat,
1107 2630 1168 2711 qui
1192 2631 1238 2691 ad
1262 2648 1405 2692 causam
1429 2650 1613 2713 nunquam

326 2736 479 2817 accedit,
504 2745 539 2799 et
563 2736 612 2797 sic
636 2734 671 2797 in
696 2735 782 2796 vitia
806 2735 1000 2799 amicorum
1025 2735 1095 2799 iam
1119 2738 1277 2799 secundo
1302 2736 1412 2818 sevit,
1441 2757 1550 2818 quum
1574 2739 1612 2802 in

327 2864 448 2906 verum
471 2844 609 2906 hostem
633 2841 740 2904 fuerit
763 2851 836 2905 tam
861 2842 951 2905 lenis
975 2851 1011 2904 et
1034 2843 1112 2923 ipse
1134 2843 1225 2905 alias
1250 2863 1372 2906 omnes
1405 2843 1441 2907 in
1465 2846 1612 2909 maledi-

325 2952 440 3013 cendo
485 2949 590 3013 etiam
629 2949 796 3029 inimicis,
833 2949 883 3012 sic
920 2951 1145 3031 dehortatur,
1182 2970 1223 3013 ac
1256 2952 1362 3015 valde
1397 2954 1611 3019 detestatur.

325 3057 404 3139 Ego
428 3078 569 3139 semper
597 3077 740 3119 causam
773 3057 964 3139 expectavi
993 3078 1057 3120 cur
1090 3067 1225 3140 ageret.
1277 3058 1317 3120 In
1351 3079 1468 3122 mores
1501 3060 1612 3124 facile

327 3177 380 3228 est
403 3163 622 3227 rhetoricari.
676 3164 789 3227 Porro
820 3164 916 3226 edita
949 3174 1003 3226 est
1035 3175 1071 3227 et
1101 3185 1180 3227 mea
1213 3164 1365 3246 epistola
1388 3167 1435 3229 de
1459 3166 1610 3231 Erasmo

325 3272 492 3354 privatim
520 3271 662 3352 scripta.
709 3270 848 3334 Deinde
873 3271 943 3333 alia
968 3272 1013 3332 ad
1038 3271 1251 3350 Fabritium,
1285 3273 1381 3353 quod
1413 3294 1469 3337 me
1502 3276 1610 3339 vehe-

325 3389 462 3442 menter
505 3380 596 3441 male
638 3380 766 3455 habet,
810 3398 1023 3460 quamquam
1059 3379 1188 3441 nullius
1232 3380 1334 3443 verbi
1364 3400 1426 3444 rue
1462 3383 1611 3464 pudeat,

324 3486 354 3550 si
393 3488 511 3568 palam
550 3485 595 3548 sit
626 3484 909 3560 defendendum
956 3485 1211 3567 piget-tamen
1250 3487 1396 3568 publica
1428 3487 1507 3551 fieri
1543 3510 1612 3571 per

323 3592 544 3675 importunos
585 3591 672 3654 istos
712 3592 848 3677 (nescio
884 3595 1063 3673 quomodo
1108 3595 1246 3674 vocem)
1281 3596 1477 3677 delatores,
1516 3616 1611 3678 quae

324 3700 472 3782 privatis
496 3698 654 3762 amiculis
677 3698 894 3774 scribuntur;
924 3720 1031 3781 porro
1063 3701 1146 3762 mihi
1170 3700 1307 3764 Erasmi
1339 3701 1482 3784 scriptis
1517 3703 1612 3767 sicut

325 3806 412 3869 nihil
436 3816 557 3885 nocet,
582 3806 611 3868 si
635 3807 858 3887 adversetur,
882 3806 933 3869 ita
972 3806 1058 3870 nihil
1096 3807 1210 3889 magis
1248 3806 1440 3889 confidam,
1478 3808 1508 3872 si
1546 3830 1610 3892 pa·

324 3913 528 3975 trocinetur.
590 3913 669 3995 Ego
711 3915 828 3976 habeo
866 3914 925 3994 qui
961 3915 1030 3977 iam
1070 3913 1259 3995 defendat,
1298 3914 1405 3978 etiam
1443 3915 1472 3978 si
1509 3925 1610 3982 totus

324 4020 474 4082 mundus
512 4019 548 4081 in
595 4040 650 4081 me
689 4022 801 4083 solum
840 4021 1008 4095 insaniat;
1050 4021 1086 4083 id
1129 4022 1224 4103 quod
1262 4021 1430 4085 Erasmus
1468 4022 1505 4087 in
1550 4044 1609 4088 me

324 4137 431 4190 vocat
454 4126 689 4210 pervicaciam
707 4130 901 4209 asserendi,
927 4129 988 4189 sed
1014 4127 1074 4209 qui
1098 4128 1202 4193 video
1226 4128 1405 4192 hominem
1430 4150 1509 4193 esse
1535 4138 1609 4195 tam

323 4236 431 4316 longe
454 4236 500 4297 ab
524 4233 706 4296 intellectu
731 4233 1008 4298 Christianorum
1033 4255 1151 4298 rerum
1185 4236 1292 4319 (quod
1328 4238 1501 4301 hactenus
1533 4258 1608 4301 non

323 4351 504 4423 putaram,
530 4341 596 4403 etsi
624 4340 815 4422 aliquando
841 4341 1053 4423 suspicarer)
1077 4341 1183 4405 facile
1207 4342 1341 4424 patiar,
1367 4353 1405 4407 ut
1420 4365 1476 4406 me
1500 4356 1609 4408 vocet

323 4468 546 4529 quocumque
570 4450 667 4511 volet
691 4448 842 4528 nomine,
868 4450 982 4511 donec
1007 4469 1149 4512 causam
1182 4449 1350 4532 attingat:
1383 4451 1607 4533 propositum

324 4565 378 4618 est
402 4555 556 4617 omnium
584 4554 685 4634 mihi,
716 4575 832 4636 neque
856 4555 983 4635 vitam,
1008 4576 1123 4637 neque
1147 4576 1267 4620 mores
1290 4557 1384 4620 velle
1408 4554 1516 4637 tueri,
1540 4562 1606 4621 sed

323 4664 433 4726 solam
458 4682 614 4741 causam,
639 4664 798 4725 lacerent
816 4683 882 4742 me,
906 4683 1094 4744 moresque
1110 4683 1222 4743 meos,
1246 4664 1457 4745 quicumque
1482 4664 1608 4747 veiint,

323 4769 412 4832 sicut
435 4771 607 4832 hactenus
634 4768 722 4849 feci,
752 4769 822 4832 imo
854 4770 924 4832 illis
953 4772 1059 4851 plane
1095 4770 1203 4833 vitam
1238 4770 1351 4853 ipsam
1381 4770 1417 4832 in
1453 4790 1608 4853 corpore

323 4878 456 4958 debeo,
495 4885 531 4937 et
566 4895 731 4957 magnam
775 4887 913 4958 partem
960 4876 1111 4941 fiduciae
1146 4877 1258 4942 fretus
1291 4878 1377 4959 mei,
1424 4878 1484 4960 qui
1519 4878 1608 4943 mihi
