3559 5734
847 498 1094 565 obem&

330 647 459 715 lectum
482 648 591 716 filium
614 662 773 717 nostrum
798 652 1023 719 Cardinalem
1048 653 1298 739 Campegium,
1330 655 1432 739 hujus
1456 653 1609 731 Sanctae

330 757 450 839 Sedis,
475 768 510 822 et
534 769 692 823 nostrum
718 761 763 822 de
787 760 917 824 Latere
941 762 1116 845 Legatum
1140 783 1211 826 non
1236 762 1313 827 sine
1336 763 1513 827 Caesarae
1536 763 1608 827 Ma-

326 866 466 948 iestatis
489 868 672 930 voluntate
696 867 786 930 istuc
810 868 1020 932 mittendum
1049 869 1329 951 decreverimus,
1360 889 1426 952 pro
1459 890 1609 934 commu·

329 972 432 1037 nibus
466 973 574 1038 totius
607 974 845 1056 Reipublicae
876 975 1100 1040 Christianae
1135 976 1328 1041 commodis
1335 1025 1344 1058 ,
1380 976 1610 1040 Nobilitatem

329 1089 425 1144 tuam
448 1082 631 1144 hortamur
653 1081 688 1144 in
711 1081 883 1164 Domino,
909 1093 945 1145 et
968 1094 1118 1165 paterne
1142 1084 1373 1166 requirimus,
1397 1093 1437 1146 ut
1457 1104 1524 1167 pro
1549 1093 1609 1147 tuo

329 1186 505 1271 Principis
518 1187 663 1271 Imperii
680 1187 810 1270 officio,
828 1199 865 1253 et
877 1189 984 1253 solita
999 1210 1087 1273 erga
1095 1191 1210 1254 Deum
1218 1191 1363 1273 pietate,
1376 1211 1514 1273 proque
1523 1191 1609 1255 eius·

328 1296 420 1378 dem,
436 1306 473 1359 et
488 1305 549 1360 tuo
564 1297 711 1378 honore,
728 1298 774 1360 ad
787 1295 1009 1362 Conventum
1023 1296 1282 1381 Norimbergae
1294 1297 1475 1379 indictum,
1487 1297 1518 1360 si
1531 1317 1609 1381 pro·

328 1401 443 1467 fectus
466 1422 537 1466 non
563 1423 611 1484 es,
635 1402 824 1485 proficisci,
848 1425 890 1466 ac
916 1414 1038 1468 nostro
1060 1404 1210 1488 Legat0,
1234 1404 1444 1487 praesertim
1468 1425 1512 1468 ea
1535 1404 1609 1486 dig·

328 1510 439 1573 nitate
463 1510 673 1593 hujusmodi,
699 1519 734 1573 et
758 1530 824 1592 pro
849 1519 921 1574 tam
946 1512 1149 1575 necessaria
1172 1531 1280 1575 causa
1295 1514 1341 1575 ad
1355 1532 1420 1575 vos
1440 1510 1610 1592 venienti,

328 1638 400 1682 non
423 1617 530 1682 modo
554 1628 667 1681 tutum
691 1618 774 1699 iter,
797 1618 1071 1700 transitumque,
1095 1627 1131 1682 et
1154 1638 1305 1699 moram,
1330 1619 1393 1682 sed
1416 1618 1610 1699 benignam

329 1726 595 1808 exceptionem,
619 1725 751 1788 tamin
776 1725 964 1789 Conventu
987 1725 1081 1808 ipsu,
1111 1746 1216 1807 quam
1241 1726 1371 1808 ubique
1394 1745 1610 1808 procurare;

328 1832 432 1914 eique
450 1833 544 1896 omni
562 1852 643 1915 ope,
660 1842 695 1896 et
712 1853 823 1916 opera
839 1835 967 1897 adesse
980 1832 1079 1896 velis.
1105 1832 1210 1914 Quod
1217 1831 1402 1896 Nobilitati
1409 1833 1609 1921 tuaehono·

327 1938 477 2021 rilicum,
502 1949 538 2004 et
561 1959 770 2021 congruum,
794 1941 898 2003 nobis
922 1960 1008 2003 vero
1033 1960 1141 2022 supra
1165 1961 1270 2023 quam
1294 1940 1365 2003 dici
1388 1938 1519 2022 possit,
1543 1939 1611 2002 erit

328 2055 480 2127 gratum,
526 2047 608 2110 Dat.
634 2048 774 2111 Romae
799 2056 865 2110 etc.
890 2047 949 2110 die
964 2047 1085 2111 XVII.
1109 2046 1268 2127 Januarii
1296 2068 1390 2127 1524·
1429 2046 1536 2110 Anno
1558 2054 1610 2127 p⁰.

417 2168 541 2235 Simile
565 2171 642 2234 Ho¹¹
666 2172 702 2235 in
727 2171 842 2234 Albis.
875 2207 918 2216 -
952 2169 1074 2234 Simile
1097 2171 1186 2254 Epo.
1218 2172 1254 2235 in
1279 2171 1394 2235 Albis.
1418 2207 1461 2215 —
1485 2167 1610 2233 Simile

328 2278 467 2343 Enrico.

416 2384 508 2448 Duci
532 2384 763 2449 Brunsuicen.
812 2378 817 2383 ⁴

417 2489 540 2556 Simile
564 2491 722 2555 Henrico
746 2491 838 2573 Duci
861 2491 1052 2556 Busuicen.

416 2596 539 2663 Simile
562 2600 742 2663 Hernesto
766 2599 856 2683 Epo.
880 2599 1064 2663 Patavien.

862 2797 1068 2809 ww

930 3027 1003 3094 144.

564 3143 662 3225 Gari.
690 3144 794 3225 Aroh.
822 3143 1058 3246 Moguntinus
1086 3144 1259 3226 clementi
1285 3144 1364 3226 VIL

745 3292 1192 3368 (mmmmmm

806 3402 859 3469 (20.
878 3404 1016 3454 Februarii
1038 3407 1126 3472 1524.)

415 3534 625 3600 Beatissime
649 3546 685 3599 et
708 3537 981 3601 clementissime
1008 3538 1044 3600 in
1070 3536 1209 3601 Christo
1237 3545 1341 3618 pater
1374 3545 1410 3599 et
1442 3534 1602 3617 Domine,

325 3641 478 3705 Domine
492 3641 538 3704 mi
561 3642 663 3706 unice
681 3642 939 3707 colendissime.
969 3643 1056 3707 Post
1078 3644 1246 3707 humilem
1263 3641 1602 3707 commendationem

326 3750 457 3830 pedum
482 3751 603 3813 oscula
623 3752 819 3813 beatorum.
864 3750 1018 3815 Vestrae
1035 3750 1272 3815 Beatitudinis
1287 3749 1422 3813 litteras
1437 3748 1474 3812 in
1489 3747 1602 3812 forma

328 3855 456 3919 Brevis
480 3857 602 3919 debita
626 3877 704 3920 cum
729 3859 933 3921 reverentia
955 3858 1098 3941 accepi,
1123 3879 1170 3921 ex
1193 3856 1506 3940 quibusuintellexi
1529 3877 1603 3920 ves·

325 3971 415 4025 tram
447 3960 680 4027 Sanctitatem
714 3964 916 4028 decrevisse
940 3964 1292 4028 Reverendissimum
1320 3963 1356 4026 in
1380 3962 1521 4026 Christo
1545 3983 1603 4046 pa·

325 4077 415 4132 trem
436 4080 472 4133 et
488 4069 678 4133 Dominum
695 4069 923 4133 Laurentium
946 4070 1039 4134 tituli
1063 4069 1099 4137 S.
1119 4070 1331 4134 Anastasiae
1355 4071 1603 4152 presbyterum

326 4176 541 4239 cardinalem
578 4175 783 4258 Campeium
821 4177 1013 4241 Dominum
1048 4177 1197 4241 amicum
1237 4187 1273 4241 et
1311 4176 1455 4239 fratrem
1488 4196 1604 4239 meum

326 4282 568 4346 charissimum
590 4284 669 4346 loco
685 4282 808 4345 Nuntii
822 4283 1022 4367 Apostolici
1039 4284 1213 4368 Legatum
1237 4286 1283 4348 de
1306 4286 1418 4347 latere
1441 4284 1488 4346 ad
1511 4282 1603 4367 prin·

327 4388 444 4472 cipum
468 4389 611 4472 Imperii
635 4388 857 4453 Conventum
881 4391 1164 4474 Nurembergam
1187 4391 1407 4471 mittendum,
1431 4389 1492 4472 qui
1519 4402 1601 4453 tem·

324 4516 449 4578 porum
473 4496 617 4560 istorum
647 4495 816 4578 periculis
846 4497 1035 4579 provideat
1063 4497 1393 4580 haereticorumque
1426 4495 1603 4560 audatiam

327 4601 477 4667 Vestrae
501 4602 738 4667 Beatitudinis
762 4605 905 4667 nomine
922 4613 1122 4689 componat.
1147 4604 1252 4668 Hunc
1268 4614 1306 4669 ut
1322 4603 1603 4667 commendatum

325 4710 514 4793 suscipiam
539 4722 688 4794 paterne
707 4731 763 4773 me
786 4711 959 4775 hortatur.
999 4712 1079 4776 Hoc
1096 4732 1182 4776 sane
1197 4710 1435 4776 Beatitudinis
1450 4710 1603 4774 Vestrae

324 4818 636 4900 prudentissimum
659 4816 842 4882 consilium
867 4839 938 4900 quo
963 4821 1070 4883 rebus
1093 4818 1276 4883 Ecclesiae
1292 4839 1363 4883 non
1378 4817 1603 4882 mediocriter
