3559 5734
817 552 876 613 Ἀθ
916 550 1008 612 xxm
1047 550 1106 612 oa

323 718 434 782 purae
458 710 494 764 et
518 720 625 763 verae
649 700 832 784 religionis
856 702 1099 783 revocare“²);
1124 702 1180 765 cui
1208 702 1340 781 ,omnis
1365 701 1526 765 ordinum
1551 721 1604 765 ec·

288 828 291 834 ’
323 807 600 871 clesiasticorum
625 809 799 872 correctio
824 809 1032 892 iampridem
1057 810 1259 873 desiderata
1285 810 1423 892 erat“³).

412 914 457 977 Et
482 914 645 978 Clemens
669 924 705 979 et
735 936 960 980 successores
994 917 1069 979 eius
1104 916 1260 980 Romani
1293 916 1485 980 Pontifices
1512 918 1604 979 hanc

322 1023 484 1085 ordinum
509 1022 782 1103 correctionem,
806 1023 902 1086 illam
934 1024 1117 1087 Ecclesiae
1141 1022 1428 1087 reformationem
1453 1024 1605 1086 assiduis

322 1130 505 1192 laboribus
529 1139 715 1200 curarunt:
741 1130 952 1193 sanctissimi
969 1128 1100 1213 quique
1126 1130 1191 1193 viri
1207 1130 1390 1194 Ecclesiae
1406 1130 1604 1194 catholicae

321 1235 541 1319 invocarunt,
566 1237 792 1312 adiuvarunt;
825 1238 1018 1303 doctissimi
1053 1239 1218 1302 catholici
1251 1239 1445 1321 scriptores
1475 1259 1604 1321 propu-

321 1353 495 1424 gnarunt;
513 1345 636 1427 populi
649 1345 815 1408 catholici
829 1345 1009 1419 viderunt;
1027 1346 1219 1427 scriptores
1235 1366 1375 1428 quoque
1391 1345 1605 1409 dissidentes

320 1450 474 1533 professi
499 1462 580 1514 sunt
604 1464 640 1515 et
663 1454 862 1515 laudarunt.
910 1452 1137 1515 Reformatio
1154 1454 1243 1515 haec
1268 1453 1303 1516 in
1320 1451 1603 1515 aedificationem

319 1557 396 1638 fuit,
422 1569 456 1621 et
482 1559 642 1622 Ecclesia
666 1559 833 1623 Romana
866 1560 1025 1642 quotidie
1050 1560 1164 1643 magis
1187 1559 1223 1622 in
1248 1560 1419 1624 doctrinis
1443 1561 1531 1640 suis,
1568 1560 1602 1623 in

321 1665 547 1748 dogmatibus
582 1666 655 1729 suis
689 1666 882 1747 illustrata,
917 1666 1126 1746 iustificata,
1161 1667 1389 1730 immobiliter
1425 1679 1603 1747 constans,

320 1781 496 1855 perpetuo
520 1773 679 1854 aequalis
702 1772 785 1848 fuit;
810 1773 931 1853 iidem,
964 1794 1068 1857 quam
1100 1774 1236 1856 antiqui
1260 1784 1461 1854 tenuerunt,
1485 1784 1602 1849 tenet;

320 1878 454 1941 scorias
479 1890 515 1941 et
538 1880 648 1942 lutum
672 1880 706 1943 in
731 1881 895 1944 humanis
918 1881 1119 1944 humaniter
1140 1882 1401 1964 superpositum
1417 1882 1602 1955 abstersit:

320 1988 452 2049 nullam
488 1986 637 2069 Christi,
675 1990 807 2051 nullam
841 1989 956 2069 Petri,
996 1991 1127 2052 nullam
1157 1989 1432 2071 Apostolorum,
1469 1991 1600 2052 nullam

322 2095 465 2157 Parrum
490 2094 687 2158 doctrinam
711 2106 772 2159 aut
796 2096 930 2175 reiecit,
955 2108 1015 2159 aut
1039 2096 1211 2160 oblivioni
1235 2097 1344 2159 dedit.

408 2202 587 2284 Numquid
608 2205 733 2267 eadem
749 2224 835 2267 vere
859 2213 896 2267 et
920 2203 1058 2266 sincere
1082 2205 1127 2265 de
1153 2202 1397 2266 dissidentium
1413 2202 1600 2265 Reforma-

318 2308 415 2371 tione
439 2307 509 2371 dici
533 2312 706 2391 possunt?
744 2309 922 2393 Numquid
948 2320 1114 2374 constans
1128 2311 1218 2373 haec
1241 2310 1277 2373 in
1302 2309 1482 2389 doctrinis,
1506 2330 1599 2372 num·

318 2416 401 2498 quid
427 2416 598 2498 aequalis,
623 2416 791 2498 numquid
816 2416 1038 2481 aedificans?
1071 2417 1248 2479 Lutherus
1273 2415 1349 2497 ipse
1365 2436 1470 2498 quam
1491 2435 1601 2499 saepe

318 2523 528 2585 sententiam
553 2524 718 2586 mutavitl
744 2524 985 2604 Melanchton‚
1011 2522 1310 2604 Oecolampadius
1333 2521 1601 2602 ArmsdorfhuS,

318 2629 513 2710 Huttenus,
544 2631 728 2709 Erasmus,
754 2632 925 2712 numquid
955 2631 1046 2693 inter
1070 2650 1109 2693 se
1133 2630 1374 2693 conveniunt?
1421 2628 1599 2709 Numquid

318 2757 439 2800 eorum
463 2735 553 2800 fides
578 2747 613 2799 et
630 2735 792 2799 doctrina
817 2756 960 2819 semper
983 2737 1107 2799 eadem
1133 2737 1255 2800 stetit?
1293 2734 1440 2817 Ecquid,
1465 2754 1599 2817 quaeso

316 2843 486 2907 intactum
512 2844 731 2926 reliquerunt
756 2864 876 2907 eorum
902 2842 1091 2925 discipuli?
1130 2842 1222 2923 Quid
1238 2843 1305 2905 iam
1324 2845 1369 2904 de
1386 2843 1599 2923 Augustana

317 2950 543 3014 confessione
560 2953 696 3014 restat?
720 2951 867 3033 quidde
892 2950 1053 3032 repetitis
1077 2969 1288 3032 semperque
1311 2949 1420 3012 variis
1437 2948 1597 3011 concilia-

316 3057 422 3121 tionis
453 3058 684 3138 christianae,
720 3070 758 3120 ut
782 3057 967 3137 dicebant,
1000 3057 1235 3120 tractatibus?
1272 3057 1351 3136 Jam
1382 3077 1474 3119 nunc
1509 3056 1598 3119 fides

316 3164 431 3246 periit,
448 3164 618 3231 revelatio
635 3164 826 3243 deridetur,
845 3165 1014 3247 dogmata
1032 3162 1234 3241 reiciuntur,
1254 3173 1372 3226 sectae
1397 3164 1528 3244 ubique
1552 3184 1598 3226 ex

315 3272 494 3334 hominum
529 3270 714 3335 sententiis
747 3272 942 3352 pullulant;
979 3272 1075 3335 nulla
1108 3270 1241 3349 unitas,
1277 3272 1374 3333 nulla
1411 3271 1597 3350 certitudo,

315 3379 514 3442 constantia
537 3379 645 3442 nulla.
699 3378 778 3457 Jam
801 3379 897 3440 zelus
930 3376 1192 3440 reformationis
1225 3377 1260 3439 in
1292 3376 1345 3438 ius
1379 3376 1597 3439 confusionis

315 3485 439 3548 evasit.
487 3483 524 3548 Si
549 3486 683 3548 nullum
704 3483 887 3548 Ecclesiae
912 3483 947 3547 in
966 3483 1069 3547 terris
1093 3495 1201 3566 caput
1224 3501 1427 3566 supremum
1451 3495 1505 3545 est
1528 3483 1596 3546 Dei

315 3591 475 3673 nomine,
507 3590 691 3654 innumera
724 3600 826 3654 erunt
856 3590 1036 3654 hominum
1066 3589 1222 3669 nomine,
1260 3599 1295 3652 et
1328 3590 1489 3651 doctrina
1518 3589 1596 3671 ipsa

315 3700 445 3762 Christi
468 3719 534 3782 pro
559 3708 768 3780 temporum,
792 3699 960 3778 locorum,
985 3716 1217 3778 personarum
1241 3694 1489 3758 affectionibus
1505 3695 1594 3757 ‘vici-

315 3810 451 3888 busque
475 3807 550 3869 iure
575 3805 777 3868 mutabitur.
825 3804 918 3885 Quid
949 3803 1068 3886 peius,
1098 3803 1183 3883 quid
1215 3801 1400 3865 exitiosius
1423 3804 1491 3864 hac
1515 3801 1594 3864 reli·

314 3913 416 3995 giosa
426 3914 602 3995 libertate,
619 3932 709 3994 quae
723 3911 878 3974 divinam
892 3910 1145 3974 revelationem
1158 3910 1419 3991 quodammodo
1436 3908 1596 3989 destruit,

314 4042 405 4103 quae
438 4020 550 4085 divini
585 4018 774 4083 voluminis
796 4016 1018 4105 {auctoritate
1051 4020 1197 4079 verbum
1229 4015 1385 4078 divinum
1416 4017 1594 4097 deturpat,

313 4128 482 4210 immutat,
507 4130 652 4208 lacerat,
676 4126 885 4189 confundit?

313 4256 373 4263 -α

388 4307 407 4369 ¹)
428 4309 496 4361 Duc.
520 4308 576 4372 148.
596 4306 643 4357 fol.
662 4310 723 4366 320.
995 4302 1015 4369 ²)
1036 4305 1148 4356 Ducum.
1171 4314 1229 4366 149.
1249 4301 1296 4351 fol.
1316 4301 1377 4360 328.
