3559 5734
802 530 1049 587 *elsae*

284 694 440 739 mearum
457 698 525 760 ego
543 679 695 760 partium
712 687 808 741 ratus
834 700 910 741 sum
935 699 1056 741 eorum
1081 678 1233 740 omnium
1259 676 1295 741 S.
1313 678 1352 739 T.
1378 677 1568 740 certiorem

284 784 435 846 reddere
460 793 498 847 ut
522 786 664 866 quando
690 786 920 849 certissimum
953 788 1086 848 habere
1116 806 1182 866 par
1206 796 1269 864 est,
1301 787 1370 847 hoc
1399 785 1568 867 quicquid

284 912 304 952 a
328 891 431 953 nobis
455 903 571 954 actum
597 905 745 955 estnon
770 893 858 956 citra
882 892 1028 956 fatalem
1053 892 1120 955 Dei
1144 890 1228 974 Opt.
1252 892 1348 954 Max.
1378 892 1567 973 providen-

282 996 365 1060 tiam
390 1000 602 1080 contigisse,
626 1001 686 1081 qui
712 1000 798 1063 nihil
822 1021 894 1062 non
918 999 1178 1081 sapientissime
1203 999 1375 1082 disponit,
1398 1000 1459 1061 det
1485 1020 1564 1080 pro-

284 1104 367 1167 inde
393 1126 536 1186 operam
562 1106 601 1168 E.
627 1107 665 1169 T.
691 1107 731 1168 B.
757 1116 795 1169 ut
819 1106 1139 1189 supplicationibus
1153 1106 1291 1189 piisque
1315 1106 1568 1170 obsecrationi·

285 1215 350 1273 bus
375 1212 488 1274 Deum
514 1215 632 1293 placet
655 1213 831 1293 Ecclesia,
863 1234 933 1293 quo
967 1213 1093 1294 reliqui
1118 1191 1465 1275 eiusdemfactionis
1489 1233 1565 1293 per*

283 1318 444 1381 ditissimi
460 1320 631 1399 homineS,
649 1320 707 1403 qui
723 1320 861 1402 ingenti
879 1340 944 1382 nos
962 1320 1152 1381 etiamnum
1168 1319 1309 1400 agmine
1327 1321 1566 1394 circumstant,

284 1426 329 1487 ad
354 1427 534 1489 meliorem
560 1428 704 1491 tandem
728 1428 920 1508 aliquando
952 1436 1104 1488 mentem
1138 1437 1377 1504 revertantur,
1406 1427 1567 1487 Authore

285 1553 337 1612 eo,
356 1532 415 1612 qui
430 1545 666 1615 perstaturum
684 1535 781 1596 Petri
806 1532 911 1596 fidem
937 1534 1018 1595 olim
1043 1533 1222 1614 pollicitus
1247 1544 1341 1594 tuam
1367 1533 1472 1594 etiam
1497 1533 1566 1593 Bw·

284 1639 539 1720 componendis
563 1644 668 1703 rebus
694 1641 892 1703 mortalium
918 1641 976 1703 diu
1001 1651 1120 1703 servet
1143 1638 1353 1702 incolumen.
1401 1639 1453 1700 Ex
1474 1639 1565 1700 Nan-

285 1767 374 1828 ceyo
400 1748 457 1810 die
484 1748 534 1809 Vl
557 1747 691 1809 Mensis
715 1747 821 1827 Junii.

374 1853 412 1916 E.
438 1853 474 1916 S.
500 1856 538 1917 T.

794 1962 984 2010 Devotissimus
1004 1962 1286 2023 obedientissimusque
1307 1960 1375 2008 lilius

620 2052 804 2101 Calabriae
828 2052 1079 2113 Lotharingiae
1099 2057 1131 2099 et
1153 2051 1246 2099 Barrri
1269 2054 1326 2099 Dux
1345 2049 1513 2110 ullium,

893 2538 967 2602 222.
1151 2600 1156 2611 ,

720 2653 878 2733 clemens
907 2654 985 2734 llll.
1015 2651 1115 2732 Gurlo
1145 2653 1182 2733 ll.

437 2800 597 2869 (dementit
614 2801 676 2859 v11.
696 2801 784 2875 Epist.
804 2801 841 2860 ad
858 2802 944 2874 prino.
965 2800 1126 2858 dedolatum
1144 2801 1267 2873 scriptae
1285 2799 1331 2858 fol.
1349 2798 1414 2864 itt.)

800 2919 835 2987 (9.
855 2924 929 2988 Junit
953 2919 1039 2987 15³5l

377 3047 564 3110 Carissime
611 3048 676 3110 His
701 3049 827 3111 diebus
851 3068 929 3109 cum
954 3049 998 3110 de
1014 3046 1221 3108 tumultibus
1236 3046 1460 3124 Germaniae,
1475 3066 1567 3126 quae

288 3153 363 3216 fere
389 3164 464 3216 tota
487 3155 556 3218 illis
580 3155 695 3237 impiis
727 3158 934 3218 lutheranae
969 3153 1191 3236 pestilentiae
1216 3153 1408 3215 seminibus
1431 3163 1567 3233 pertur-

288 3264 372 3324 bata
396 3264 441 3324 ad
466 3263 636 3326 nobilium
662 3283 697 3325 et
720 3264 919 3345 principum
946 3284 1087 3326 suorum
1105 3262 1250 3324 caedem
1266 3260 1568 3340 ecclesiarumque

289 3369 523 3451 direptionem
546 3380 828 3452 consurrexerat,
846 3392 977 3453 graves
992 3369 1140 3432 nuncios
1152 3368 1410 3444 habuissemus,
1435 3388 1476 3428 ae
1502 3387 1567 3449 pro

290 3485 412 3539 nostra
435 3497 569 3539 summa
594 3499 678 3540 cura
702 3480 857 3541 tuendae
875 3478 1004 3541 Christi
1021 3476 1203 3558 religionis
1228 3485 1262 3537 et
1279 3474 1460 3555 dignitatis
1485 3483 1568 3534 tuae

290 3582 348 3645 dil.
373 3582 419 3645 fil.
446 3584 556 3646 nobili
580 3585 656 3648 viro
682 3585 782 3647 fratri
807 3598 867 3647 tuo
892 3585 927 3646 id
952 3606 973 3647 a
997 3584 1099 3646 nobis
1123 3604 1187 3664 per
1211 3583 1347 3644 litteras
1376 3580 1568 3662 postulanti

290 3691 424 3752 auxilia
440 3692 644 3772 pecuniaria
661 3693 798 3754 mittere
816 3691 1096 3754 decrevissemus
1112 3690 1145 3752 in
1160 3690 1213 3750 his
1231 3688 1366 3750 miseris
1383 3701 1418 3749 et
1428 3686 1570 3749 afflictis

289 3795 394 3859 Sedis
407 3799 637 3880 Apostolicae
649 3800 869 3881 temporibus
883 3818 1017 3860 summo
1029 3818 1106 3859 cum
1118 3798 1241 3857 labore
1256 3814 1445 3875 expressa:
1463 3794 1566 3855 desti·

290 3924 375 3966 nare
394 3904 604 3967 instituimus
617 3906 737 3968 dedita
752 3926 862 3986 opera
877 3904 1099 3966 tabellarium
1117 3905 1162 3963 ad
1176 3902 1235 3963 dil.
1259 3901 1300 3963 fr.
1319 3902 1568 3963 Baldassarem

290 4011 542 4075 Castilioneum
567 4012 731 4075 nuncium
758 4024 930 4091 nostrum,
955 4013 1014 4093 qui
1039 4032 1117 4072 cum
1143 4009 1342 4071 Serenitate
1367 4018 1428 4069 tua
1452 4006 1569 4069 omnia

290 4120 581 4190 communicaret;
600 4122 873 4200 exemplumque
899 4120 1093 4182 litterarum
1117 4116 1247 4198 prefati
1274 4115 1486 4178 Archidueis
1510 4114 1569 4176 mi-

290 4227 397 4289 simus
421 4248 462 4289 ac
487 4230 593 4308 plane
618 4248 696 4290 eum
721 4228 951 4289 instruximus
971 4225 1182 4306 perscripta
1199 4233 1321 4284 nostra
1345 4222 1390 4284 de
1414 4221 1571 4301 eoquod

292 4336 468 4415 agendum
499 4346 534 4397 et
565 4336 818 4397 conferendum
858 4355 936 4396 cum
968 4333 1169 4396 Serenitate
1214 4341 1275 4391 tua
1308 4339 1411 4391 esset.
1468 4328 1571 4390 Nunc

290 4462 395 4521 quum
420 4442 488 4503 iam
513 4441 680 4505 remediis
704 4441 900 4504 acrioribus
924 4442 1018 4503 haec
1038 4449 1136 4501 tanta
1160 4440 1253 4499 ntala
1276 4436 1477 4516 indigeant,
1503 4446 1568 4497 est-

291 4569 360 4629 que
398 4548 481 4611 lidei
520 4548 733 4611 christianae
773 4558 808 4609 et
843 4548 1031 4610 universae
1063 4544 1276 4608 Germaniae
1312 4543 1492 4605 sedandae
1527 4563 1571 4603 ac

290 4657 560 4737 componendae
595 4656 707 4718 omnis
732 4656 767 4717 in
793 4666 874 4717 tuae
900 4653 1110 4716 Serenitatis
1134 4651 1264 4713 virtute
1289 4660 1395 4732 atque
1420 4651 1570 4731 pruden-

290 4764 340 4825 tia
363 4783 445 4844 spes
469 4763 643 4845 reposita,
675 4764 856 4825 hortamur
888 4763 1037 4824 eandem
1070 4768 1166 4822 tuam
1191 4757 1427 4820 Serenitatem
1451 4756 1485 4818 in
1510 4758 1571 4819 do-

291 4870 384 4934 mino
420 4884 458 4933 ut
492 4873 558 4933 hoc
599 4883 759 4951 tempore
793 4870 932 4932 demum
966 4868 1109 4949 quando
1140 4866 1256 4927 adhuc
1289 4876 1349 4926 tua
1377 4863 1503 4926 lenitas
1535 4874 1572 4924 et
