3559 5734
696 545 943 617 verere*

180 698 405 780 seminantes,
444 700 586 780 Interea
609 705 779 789 temporis
802 706 983 788 negotium
1004 705 1088 772 mihi
1113 702 1233 770 datum
1249 707 1359 772 totum
1378 706 1458 768 eum

179 809 353 892 agitatum
369 833 575 894 processum
591 816 725 884 debere
743 814 780 878 in
796 815 851 880 sui
864 835 986 878 veram
1001 814 1151 878 formam
1171 813 1348 892 redigere,
1363 811 1460 894 quod

181 926 217 978 et
240 916 320 997 feci,
345 920 497 984 eundem
520 922 614 986 forte
638 922 734 1005 typis
759 922 1022 1003 excutiendum,
1047 942 1116 1005 quo
1141 931 1177 985 et
1201 921 1278 984 aliis
1302 921 1459 984 locorum

181 1022 369 1107 Episcopis
386 1029 604 1109 procedendi
620 1028 771 1094 formula
785 1028 925 1094 facilior
939 1050 1113 1112 apparere
1128 1028 1257 1112 possit3
1281 1028 1460 1092 adhibebo

181 1129 327 1213 insuper
357 1134 563 1215 possibilem
588 1157 732 1218 operam
758 1137 940 1219 querende
964 1136 1021 1199 vie
1053 1135 1217 1199 faciende
1241 1133 1461 1198 executionis

182 1239 359 1303 sententie
382 1241 532 1322 prefate.
580 1242 655 1306 Sub
672 1245 765 1307 idern
781 1254 920 1326 tempus
936 1243 1273 1308 Reverendissimus
1289 1241 1462 1305 Dominus

183 1342 340 1428 Legatus
373 1347 416 1413 V.
447 1347 483 1412 S.
515 1371 578 1413 suo
618 1352 791 1433 rescripto
822 1351 1047 1414 commiserat
1078 1352 1225 1414 Decano
1258 1346 1463 1433 Eystetensi

184 1461 308 1516 contra
338 1457 483 1519 eosdem
513 1456 670 1538 perfidos
694 1458 937 1538 adversarios,
971 1479 1017 1522 ex
1040 1458 1116 1522 iure
1139 1456 1376 1540 procedendi,
1412 1453 1463 1517 uti

183 1578 249 1639 per
272 1580 353 1623 suas
377 1563 513 1630 litteras
536 1564 630 1628 idem
654 1566 810 1628 decanus
834 1564 918 1628 mihi
944 1563 1174 1647 significavit,
1200 1573 1235 1626 et
1259 1562 1318 1645 qui
1341 1561 1463 1624 itidem

184 1685 205 1726 a
227 1686 301 1746 me,
337 1670 482 1751 cognito
505 1690 676 1753 processu
699 1683 840 1752 nostre,
878 1692 923 1736 ne
947 1671 1236 1754 impedimentum
1272 1669 1391 1752 potius
1414 1668 1462 1730 in·

184 1785 328 1854 gereret
352 1776 465 1840 divise
486 1779 749 1861 jurisdictionis
773 1782 968 1862 prudenter
996 1778 1163 1843 substitit.
1198 1777 1273 1841 Nos
1296 1797 1383 1840 vero
1406 1774 1463 1838 hic

184 1880 289 1943 latius
313 1883 452 1966 digredi
476 1884 713 1968 intendentes,
737 1887 911 1950 confectis
928 1888 1029 1951 novis
1043 1885 1326 1968 interrogatoriis
1341 1891 1466 1946 contra

185 1986 273 2051 alios
305 1992 589 2071 prevaricatores
613 2004 736 2058 sancte
767 1994 851 2059 fidei
874 2007 948 2058 tum
979 1995 1014 2058 in
1038 1997 1105 2057 hac
1130 1993 1273 2056 civitate
1298 1992 1463 2054 Bamber·

185 2096 288 2175 gensi
327 2117 431 2178 quam
475 2100 550 2164 eius
590 2102 742 2178 diocesi,
777 2104 884 2186 impie
918 2102 1170 2167 concionantes
1207 2111 1243 2164 et
1276 2102 1464 2170 docentem

185 2212 368 2266 contracta
407 2205 527 2288 itaque
569 2219 797 2274 externorum
830 2209 977 2273 militum
1010 2209 1222 2273 subsidiaria
1255 2215 1291 2269 et
1322 2204 1465 2269 tutelari

186 2330 307 2391 manu,
343 2313 426 2376 dum
459 2314 631 2380 eiusmodi
663 2319 870 2384 seductores
904 2317 1004 2381 citari
1040 2319 1308 2393 mandarentur,
1343 2333 1465 2377 eorum

186 2417 282 2479 virus
314 2419 374 2500 qui
403 2420 438 2482 in
463 2424 529 2484 hac
554 2422 698 2487 civitate
722 2426 767 2487 ad
792 2436 943 2507 quatuor
976 2434 1011 2486 et
1036 2444 1079 2486 eo
1104 2421 1254 2504 amplius
1284 2421 1465 2485 hominum

185 2524 293 2587 millia
323 2527 528 2608 trequentes
551 2529 588 2593 in
611 2530 683 2594 suis
707 2531 937 2595 concionibus
961 2532 1095 2596 habere
1119 2531 1300 2609 solebant,
1335 2536 1371 2590 et
1393 2536 1466 2588 tres

186 2632 244 2695 alii
268 2632 303 2695 in
328 2634 461 2699 diocesi
485 2639 815 2722 pseudopresbiteri
837 2638 926 2720 fuga
946 2638 1058 2729 elapsi
1082 2647 1173 2718 sunt,
1199 2640 1282 2699 data
1307 2644 1361 2698 est
1376 2654 1466 2696 com-

186 2738 304 2802 missio
335 2744 507 2822 quosdam
539 2746 629 2808 alios
653 2766 797 2810 correos
830 2744 1157 2828 comprehendendi
1187 2754 1222 2807 et
1245 2744 1385 2806 vinctos
1408 2742 1466 2804 ad-

187 2847 350 2929 ducendi,
375 2849 410 2914 in
436 2851 562 2933 quibus
587 2854 735 2936 singulis
758 2852 849 2916 iuste
874 2863 911 2916 et
926 2864 1049 2916 sancte
1070 2850 1337 2935 persequendis,
1362 2868 1465 2931 quem

186 2972 330 3034 possum
364 2976 503 3022 omnem
544 2980 688 3041 operam
730 2964 907 3043 expendo,
956 2961 1005 3024 At
1035 2958 1316 3024 Clementissime
1350 2956 1468 3034 Pater,

187 3064 233 3123 ob
264 3064 455 3147 premissa,
492 3068 588 3149 apud
612 3067 800 3149 insipidam
825 3071 986 3149 plebem,
1017 3088 1086 3149 que
1110 3066 1222 3130 ferme
1245 3063 1358 3127 maior
1385 3082 1468 3143 pars

186 3168 349 3234 luterana
372 3170 523 3254 perfidia
547 3173 679 3238 infecta
704 3186 758 3239 est
782 3186 890 3257 atque
914 3176 1093 3255 demersa,
1118 3183 1279 3237 extrema
1302 3170 1384 3234 odia
1408 3171 1467 3231 ho·

187 3276 422 3361 stilitatesque
453 3280 536 3343 mihi
566 3282 743 3363 parturi0,
779 3283 877 3346 varie
909 3283 945 3345 in
976 3303 1032 3344 me
1056 3281 1149 3346 mine
1181 3280 1396 3354 iaculantur,
1433 3284 1470 3339 et

188 3385 449 3464 quodammodo
477 3387 512 3450 in
538 3402 646 3470 caput
669 3409 784 3453 meum
808 3390 1049 3472 conspirator,
1085 3388 1287 3471 passimque
1312 3387 1468 3466 divulga-

188 3500 260 3573 tur,
296 3513 352 3557 me
386 3514 465 3557 eum
499 3506 535 3558 et
567 3496 708 3559 unicum
733 3517 812 3559 esse
844 3496 905 3578 qui
929 3495 1145 3578 Episcopum
1178 3496 1339 3558 luterane
1372 3502 1469 3557 secte

189 3600 395 3682 averterim,
431 3602 651 3684 singulorum
684 3603 863 3667 desideria
896 3623 1119 3686 oppugnem,
1155 3612 1192 3665 et
1225 3622 1366 3665 causam
1397 3600 1468 3663 Ro.

189 3707 292 3776 Pont.
327 3729 437 3790 usque
471 3712 562 3773 adeo
595 3731 823 3792 promoveam
858 3721 894 3774 et
923 3711 978 3774 his
1003 3730 1191 3793 peragam,
1227 3710 1318 3772 adeo
1351 3718 1390 3770 ut
1424 3727 1469 3770 ex

189 3815 295 3894 plebe
319 3817 439 3896 plures
463 3817 532 3881 sibi
556 3817 644 3900 ipsis
668 3820 918 3901 persuadeant,
944 3839 1000 3880 me
1023 3819 1069 3880 ad
1093 3837 1137 3880 ea
1160 3817 1321 3880 fatienda
1336 3814 1469 3896 specie·

189 3921 269 3988 liter
293 3925 339 3985 ab
363 3926 451 3986 urbe
475 3924 627 4005 missum,
654 3936 689 3988 et
713 3926 808 4007 quod
832 3936 983 4008 possunt
998 3923 1097 3987 vanis
1118 3923 1291 3987 concutiis
1315 3929 1351 3985 et
1366 3921 1470 3983 male-

190 4028 292 4092 dictis
324 4049 380 4092 me
403 4041 683 4112 persequuntur,
719 4034 810 4095 adeo
842 4041 880 4093 ut
905 4030 989 4095 dicti
1014 4030 1184 4112 Episcopi
1214 4040 1250 4093 et
1279 4028 1471 4092 amicorum

193 4136 379 4215 monitum,
415 4138 448 4199 in
483 4138 663 4202 civitatem
692 4151 727 4202 et
759 4140 940 4202 hominum
964 4139 1288 4217 conversationem,
1323 4134 1471 4217 periculi

192 4241 325 4306 vitandi
349 4264 474 4324 causa,
500 4266 570 4309 non
594 4245 794 4328 descende,
826 4257 861 4309 et
885 4256 982 4309 certe
1006 4266 1148 4326 vereor,
1177 4245 1212 4307 in
1236 4243 1335 4307 hisce
1358 4242 1471 4324 regio-

192 4349 293 4412 nibus
318 4350 378 4412 diu
401 4351 546 4415 vivendi
570 4354 748 4416 licentiam
773 4375 794 4416 a
819 4354 921 4416 malis
944 4353 1145 4416 hominibus
1169 4350 1251 4413 mihi
1277 4372 1346 4414 non
1369 4349 1471 4413 relin-

191 4458 270 4538 qui,
306 4459 434 4539 quibus
470 4469 587 4522 tamen
620 4459 715 4542 piam
752 4472 789 4523 et
812 4459 1049 4523 necessariam
1071 4460 1246 4523 medelam
1283 4455 1470 4520 attulerim.
1540 4454 1544 4462 ’

192 4563 356 4630 Recurro
387 4567 495 4649 igitur
517 4567 710 4631 humillime
739 4569 784 4631 ad
809 4569 922 4651 pedes
945 4566 978 4630 S.
1004 4567 1048 4629 V.
1078 4587 1135 4629 me
1159 4567 1205 4628 ad
1229 4564 1353 4647 quevis
1377 4584 1470 4627 man·

193 4673 276 4738 data
307 4684 344 4736 et
367 4675 539 4757 obsequia
563 4677 695 4758 ubique
719 4687 892 4739 terrarum
924 4696 989 4759 pro
1012 4674 1106 4738 virili
1130 4672 1390 4756 paratissimum
1415 4671 1471 4734 de·

194 4800 343 4857 vovens;
380 4782 547 4865 dignetur
577 4785 697 4865 itaque
722 4782 758 4848 S.
784 4784 828 4849 V.
852 4794 1003 4866 paterno
1027 4781 1158 4846 affectu
1188 4789 1225 4843 et
1248 4780 1353 4843 solita
1375 4778 1470 4842 beni·

194 4889 348 4970 gnitate,
384 4909 530 4972 operam
555 4912 684 4972 meam,
709 4890 776 4954 etsi
799 4902 941 4954 tenuem
966 4889 1107 4954 fidelem
1129 4897 1248 4951 tamen
1272 4896 1307 4950 et
1330 4886 1472 4966 integro

219 5017 298 5069 naun,
312 5018 457 5058 Documenta
466 5017 603 5058 lantbertus.
1278 4992 1312 5046 25
