3559 5734
734 521 884 577 &3259
923 522 981 577 &⁰

219 666 332 746 tione,
364 689 422 730 ma
453 668 561 730 credo
593 668 659 730 che
690 667 798 750 quelli
830 669 897 730 che
926 688 981 730 me
1015 669 1178 731 scriveno
1209 673 1282 732 cosl
1313 669 1423 732 fanno
1461 679 1497 733 et

219 774 412 856 divulgano
444 777 493 838 tal
525 774 620 837 sama
652 795 718 857 per
746 776 898 856 qualche
933 776 1010 838 loro
1042 778 1114 839 bon
1147 776 1342 858 proposito.
1395 776 1441 839 Et
1476 798 1497 839 a

218 883 335 964 quella
358 882 588 946 humilmente
612 885 700 946 baso
724 885 758 946 le
783 883 888 946 mani.

749 1092 953 1103 amm-num

490 1436 738 1517 Aleander
771 1374 1227 1520 Vioeuanuellurin

645 1575 787 1645 (Nuntiat.
805 1576 930 1636 German.
948 1577 980 1636 11.
997 1577 1064 1646 129.)

707 1684 796 1756 (21.(?)
817 1689 890 1754 Junii
914 1685 1000 1755 1521.)

304 1828 347 1891 A'
373 1827 409 1890 di
434 1827 508 1890 XII
531 1828 662 1910 partite
687 1828 795 1891 Cesar
828 1831 875 1892 da
899 1831 1061 1894 Mastrict
1091 1834 1137 1894 ad
1162 1832 1365 1913 Curinghen
1390 1834 1494 1896 luoco

214 1936 273 1998 del
296 1934 476 2017 Episcopo
501 1934 536 1997 di
555 1934 667 2017 Liege
691 1956 756 2017 per
780 1938 892 1999 andar
916 1940 986 2000 alle
1010 1938 1162 2021 exequie
1198 1939 1234 2001 di
1258 1939 1427 2003 Chievres
1458 1939 1494 2003 in

215 2042 378 2122 Arescot,
403 2041 437 2104 io
462 2062 532 2105 non
557 2044 723 2105 havendo
748 2064 769 2105 a
793 2043 849 2106 far
873 2045 908 2106 in
933 2046 983 2107 tal
1007 2065 1091 2109 cosa
1115 2046 1221 2109 andai
1245 2069 1267 2109 a
1284 2046 1405 2130 Liege,
1429 2068 1495 2128 per

214 2151 324 2212 veder
348 2170 448 2212 come
471 2150 504 2212 le
528 2170 611 2212 cose
627 2146 812 2213 lutherane
828 2150 857 2213 si
870 2161 1069 2233 portavano
1086 2153 1121 2215 in
1139 2154 1258 2236 quella
1281 2153 1376 2234 cirta,
1401 2156 1493 2217 dove

213 2258 328 2319 trovai
352 2277 417 2338 per
442 2258 476 2318 la
506 2256 574 2319 Dio
606 2257 723 2338 gratia
757 2259 843 2340 ogni
873 2279 957 2322 cosa
990 2261 1104 2322 andar
1136 2261 1327 2323 benissimo
1361 2271 1493 2343 quanto

213 2363 422 2445 appertiene
447 2362 508 2424 alli
532 2364 591 2425 del
614 2384 740 2446 paese;
774 2385 861 2427 vero
893 2364 912 2427 ὲ
944 2368 1009 2429 che
1038 2366 1157 2450 aliqua
1182 2377 1300 2430 tamen
1324 2370 1494 2430 suberant

213 2469 346 2533 veteris
369 2469 523 2550 vestigia
546 2469 682 2532 fraudis
706 2471 741 2532 in
766 2472 883 2534 alcuni
907 2471 1084 2535 forestieri
1108 2474 1132 2536 11
1147 2475 1242 2556 quali
1267 2496 1375 2538 erano
1400 2476 1434 2539 in
1459 2478 1494 2539 la

212 2577 457 2641 coniuratione
482 2577 517 2639 di
542 2578 658 2658 questi
690 2577 819 2641 ribaldi
852 2577 970 2660 impii,
1006 2600 1075 2642 non
1103 2582 1191 2660 pero
1216 2590 1322 2671 tanto
1354 2583 1493 2664 potenti

212 2686 279 2747 che
304 2686 580 2746 subvertesseno
601 2686 682 2765 quel
697 2686 831 2766 populo
857 2687 917 2748 del
932 2696 1023 2749 tutto
1039 2688 1234 2761 catholico;
1259 2709 1327 2771 pur
1342 2689 1493 2753 faceano

212 2800 386 2873 apportat
413 2802 449 2853 et
472 2791 609 2853 vender
633 2790 693 2853 alli
717 2791 838 2854 librari
870 2793 907 2855 di
931 2792 1012 2855 libri
1040 2794 1076 2856 (11
1100 2794 1251 2876 Luther‚
1286 2799 1319 2860 al
1345 2798 1410 2860 che
1435 2778 1499 2858 (161

211 2907 304 2959 tutto
328 2899 375 2960 ho
400 2899 484 2961 dato
509 2899 634 2961 ordine
659 2900 725 2962 che
749 2920 859 2963 ancor
882 2911 1009 2982 questo
1026 2902 1146 2964 ulcere
1161 2903 1220 2965 del
1235 2911 1325 2966 tutto
1351 2904 1385 2966 in
1410 2905 1493 2984 quel

211 3025 321 3085 paese
345 3004 424 3067 sarh
449 3005 595 3068 extinto.

302 3112 426 3194 Hoggi
450 3111 605 3175 arrivato
630 3133 651 3174 a
675 3114 835 3176 Lovanio
866 3116 913 3176 ho
937 3127 1108 3197 receputo
1133 3118 1258 3179 lettere
1291 3119 1337 3180 da
1365 3139 1410 3180 un
1436 3119 1492 3181 de'

211 3219 293 3281 miei
319 3219 355 3280 di
378 3220 549 3283 Bruxelle
575 3241 693 3284 essere
718 3222 890 3303 aggiunte
915 3225 1041 3286 lettere
1065 3244 1129 3304 per
1155 3245 1208 3287 me
1233 3225 1269 3287 di
1293 3225 1337 3288 V.
1363 3224 1399 3287 S.
1417 3226 1490 3289 R¹¹¹⁸

211 3336 248 3388 et
281 3328 347 3389 che
384 3329 496 3408 perhd
530 3349 594 3390 son
626 3337 825 3409 expectate.
889 3330 947 3392 Ho
979 3330 1149 3411 expedito
1181 3352 1250 3393 uno
1280 3332 1316 3393 di
1344 3332 1424 3395 miei
1457 3334 1491 3394 al

211 3431 249 3495 Sr
268 3432 439 3496 Carazolo
464 3442 499 3497 et
522 3456 561 3496 se
577 3435 597 3496 ὲ
614 3455 698 3497 cosa
713 3436 757 3498 de
774 3436 995 3516 importanza
1013 3437 1048 3500 io
1061 3438 1204 3501 subbito
1229 3460 1284 3502 me
1309 3438 1489 3503 trasferird

210 3542 257 3619 la,
282 3541 492 3604 altramente
517 3544 653 3605 testard
687 3528 745 3623 qui
778 3542 849 3606 fino
882 3546 948 3606 che
979 3544 1020 3607 sii
1053 3544 1225 3626 impresso
1259 3547 1292 3609 el
1323 3547 1489 3609 mandato

211 3646 295 3709 dell'
312 3645 461 3728 imperio
486 3648 520 3710 in
545 3648 655 3712 latino
680 3650 779 3712 aceio
803 3652 869 3713 che
895 3650 916 3713 'l
945 3651 974 3715 si
1005 3652 1166 3734 divulghi
1194 3673 1260 3735 per
1292 3652 1316 3714 il
1348 3654 1490 3734 mundo,

210 3763 248 3816 et
271 3754 332 3837 poi
356 3756 490 3817 andard
515 3757 586 3819 alla
610 3765 708 3819 corte
742 3756 777 3819 di
806 3757 916 3820 Cesar
948 3779 1013 3841 per
1041 3758 1117 3822 fare
1141 3761 1165 3821 il
1191 3769 1286 3822 resto
1311 3758 1347 3821 (11
1371 3761 1489 3840 quello

209 3860 340 3943 pareri
364 3862 394 3924 si
418 3862 515 3925 habii
538 3863 583 3925 ad
607 3862 663 3925 far
687 3878 723 3925 et
747 3863 833 3926 dard
858 3864 983 3928 adviso
1008 3886 1029 3929 a
1054 3866 1097 3929 V.
1122 3865 1158 3930 S.
1183 3866 1279 3928 Rma
1310 3868 1379 3928 alla
1408 3869 1490 3949 qual

211 3971 301 4031 baso
326 3970 359 4031 le
384 3969 493 4049 mani,
527 3969 796 4051 significandole
828 3972 894 4033 che
927 3973 958 4033 le
991 3992 1073 4035 cose
1099 3975 1143 4035 de
1168 3973 1301 4035 Luther
1326 3974 1370 4035 de
1395 3975 1429 4034 dl
1454 3973 1490 4036 in

211 4076 248 4136 dl
273 4074 332 4156 piu
357 4096 476 4139 vanno
500 4076 535 4139 in
560 4076 662 4139 ruina
687 4097 786 4140 come
811 4079 829 4139 ὲ
854 4077 878 4139 11
894 4078 1004 4141 derer
1028 4088 1064 4142 et
1087 4079 1124 4141 di
1148 4089 1273 4161 questo
1297 4101 1368 4145 non
1391 4079 1489 4163 fingo

210 4184 340 4245 alcuna
364 4203 457 4246 cosa.
504 4183 604 4246 Bene
629 4193 664 4246 et
687 4183 775 4246 felix
798 4188 918 4248 valeat
941 4185 1037 4248 illma
1061 4186 1253 4269 dominatio
1278 4186 1321 4250 V.
1354 4187 1410 4250 cui
1435 4208 1489 4251 me

209 4289 339 4352 iterum
363 4300 470 4372 atque
493 4289 619 4353 iterum
644 4291 835 4355 humillime
861 4294 1069 4356 commendo
1094 4303 1129 4356 et
1153 4295 1255 4359 dedo

817 4598 840 4607 m
861 4599 956 4608 ,ιννγννυν
