3559 5734
844 528 1056 582 0432&

306 671 371 731 hos
404 680 522 732 tantos
553 669 618 732 sibi
651 672 878 750 arrogantiae
911 674 1056 754 spiritus
1087 674 1287 754 sumpsisse.
1336 674 1408 738 Sed
1440 697 1506 739 nos
1531 678 1592 758 qui

307 777 502 840 nobilitatis
526 789 608 840 tuae
633 779 818 860 egregiam
842 780 1010 843 virtutem
1035 782 1178 861 dignam
1195 802 1329 862 genere
1346 793 1382 846 et
1398 785 1593 865 majoribus

306 883 389 962 tuis,
419 904 568 966 quorum
592 886 782 966 singularis
806 907 947 969 semper
972 888 1089 950 extitit
1114 889 1148 951 in
1174 889 1401 953 christianam
1425 890 1532 954 fidem
1557 902 1593 953 et

306 1001 464 1054 sanctam
496 994 618 1055 sedem
650 995 883 1076 apostolicam
915 999 1095 1077 voluntas,
1131 997 1236 1059 etiam
1265 998 1299 1060 in
1325 999 1443 1061 multis
1467 1009 1594 1062 contra

305 1099 506 1161 haereticos
522 1110 557 1162 et
572 1100 727 1164 Boemos
742 1103 1031 1167 contentionibus
1047 1105 1274 1185 declaratam,
1296 1106 1427 1186 quique
1444 1106 1592 1187 promis·

305 1205 423 1267 siones
453 1217 533 1269 tuas
563 1209 689 1287 plenas
713 1207 862 1271 Pietatis
894 1220 929 1271 et
961 1212 1182 1273 constantiae
1211 1211 1342 1274 dilecto
1373 1210 1443 1274 filio
1469 1224 1592 1274 nostro

305 1312 462 1376 Thomae
478 1313 659 1377 Cardinali
683 1317 797 1377 sancti
815 1313 907 1378 Sixti
924 1317 1055 1380 Nostro
1080 1328 1153 1380 tum
1177 1318 1211 1380 in
1238 1316 1433 1382 Germania
1451 1320 1592 1401 legato

305 1430 340 1482 et
364 1440 429 1501 per
453 1441 533 1483 eum
557 1424 661 1485 nobis
684 1423 799 1486 factas
824 1424 1095 1487 memineramus
1121 1427 1248 1506 quibus
1263 1427 1431 1509 recepisti
1446 1437 1481 1488 te
1497 1429 1592 1490 hunc

303 1528 483 1591 hominem
507 1532 670 1612 laturum,
695 1532 777 1593 dum
803 1552 882 1595 eum
899 1530 1013 1595 Sedes
1038 1534 1236 1616 apostolica
1261 1554 1330 1596 non
1349 1537 1592 1615 reprobasset,

305 1637 401 1718 quod
433 1636 461 1698 si
491 1636 623 1700 factum
655 1650 750 1701 esset
780 1649 815 1701 te
840 1641 973 1701 nullum
997 1640 1047 1702 illi
1073 1641 1223 1720 amplius
1256 1640 1416 1703 favorem
1451 1643 1592 1722 praebi-

304 1751 434 1805 turum:
471 1743 711 1825 Cupiebamus
735 1754 904 1826 quantum
930 1767 1008 1808 cum
1025 1748 1178 1809 Domino
1194 1747 1335 1829 licebat,
1361 1748 1457 1810 illum
1475 1762 1512 1810 et
1527 1749 1593 1810 tibi

302 1850 337 1913 in
369 1850 573 1914 domesticis
607 1862 643 1915 et
674 1852 907 1916 familiaribus
939 1875 1017 1917 esse
1050 1865 1085 1917 et
1118 1874 1197 1917 cum
1231 1856 1309 1917 Deo
1337 1876 1379 1917 ac
1405 1856 1593 1919 nobiscum

303 1956 338 2019 in
362 1959 515 2038 gratiam
538 1959 666 2022 redire.
706 1960 831 2042 Itaque
855 1961 956 2023 testis
982 1982 1020 2023 es
1044 1961 1131 2043 ipse,
1157 1963 1325 2043 quamdiu
1349 1962 1446 2024 illum
1471 1971 1591 2044 pertu-

303 2064 446 2127 lerimus
469 2066 627 2146 paternis
652 2087 744 2128 nunc
769 2068 1031 2130 hortationibus
1049 2069 1261 2149 quandoque
1280 2070 1381 2131 minis
1398 2072 1592 2151 menende,

302 2173 534 2253 increpand0,
559 2174 735 2236 interdum
755 2183 791 2236 et
816 2174 974 2256 benigne
998 2174 1239 2256 promittendo
1264 2197 1284 2237 a
1309 2186 1408 2238 tanto
1435 2197 1513 2239 eum
1539 2177 1592 2239 fu—

302 2300 383 2343 rore
415 2300 586 2344 revocare
618 2282 745 2346 conati.
799 2283 991 2362 Postquam
1024 2302 1108 2343 vero
1139 2280 1300 2344 Sathana
1331 2283 1367 2345 in
1401 2303 1444 2345 eo
1477 2294 1592 2346 toturn

302 2387 488 2469 imperium
512 2387 711 2466 obtinente,
743 2387 828 2450 nihil
853 2387 1055 2468 profectum
1080 2402 1133 2450 est
1156 2387 1312 2469 vicitque
1336 2391 1467 2451 malum
1492 2391 1593 2452 virus

303 2495 493 2576 superbiae
524 2515 663 2558 omnem
688 2495 871 2557 charitatis
896 2494 1121 2575 medicinam,
1146 2495 1239 2556 illius
1264 2515 1349 2558 cura
1373 2516 1487 2579 prope
1514 2499 1592 2560 des-

302 2612 443 2684 perata,
473 2603 612 2682 reliquo
637 2612 758 2664 nostro
784 2602 915 2663 dilecto
940 2600 1055 2684 gregi,
1079 2611 1277 2663 metuentes
1302 2622 1347 2664 ne
1371 2604 1593 2685 contagione

302 2711 469 2772 morbosa
500 2707 648 2792 pecudis
675 2729 696 2770 a
724 2729 793 2788 qua
825 2718 983 2770 tentatus
1014 2718 1082 2787 est,
1116 2707 1257 2788 penitus
1287 2707 1508 2789 inficeretur,
1544 2714 1591 2774 ad

303 2816 441 2879 acriora
472 2815 630 2879 remedia
663 2816 827 2877 duximus
857 2814 1111 2877 accedendum.
1160 2815 1365 2877 Convocato
1396 2817 1506 2897 igitur
1534 2839 1591 2879 ve·

303 2923 513 2985 nerabilium
537 2922 686 2985 fratrum
711 2931 911 2984 nostrorum
937 2931 1081 2983 sanctae
1102 2921 1289 2983 Romanae
1306 2922 1489 2986 Ecclesiae
1508 2926 1591 2987 Car·

303 3031 473 3093 dinalium
498 3030 718 3109 aliorumque
743 3029 1026 3090 doctissimorum
1052 3027 1217 3105 virorum,
1252 3029 1335 3091 item
1360 3030 1591 3109 peritissimo-

302 3159 378 3200 rum
405 3139 656 3218 theologorum
680 3156 721 3197 ac
746 3135 781 3197 in
806 3133 926 3197 Sacris
943 3134 1148 3197 Canonibus
1172 3136 1337 3216 omnique
1361 3136 1482 3198 divina
1508 3138 1591 3200 scri-

302 3253 408 3325 ptura
432 3243 657 3306 Eruditorum
683 3240 860 3320 Concili0,
896 3241 1030 3302 crebris
1054 3240 1185 3302 habitis
1209 3240 1508 3321 disputationibus
1517 3294 1526 3324 ,
1551 3266 1592 3307 re

304 3362 378 3413 tota
403 3371 511 3432 saepe
535 3349 721 3431 proposita
745 3361 851 3429 atque
877 3349 1054 3426 discussa,
1087 3350 1229 3410 tandem
1255 3369 1301 3410 ex
1325 3350 1590 3414 innumerabili·

302 3461 368 3520 bus
393 3478 507 3539 prope
531 3456 682 3519 hominis
707 3456 808 3537 hujus
833 3455 1014 3518 erroribus
1038 3456 1208 3535 plurimos
1233 3456 1373 3535 quidem
1404 3457 1490 3520 felle
1517 3460 1589 3521 odii

302 3564 337 3625 in
361 3566 453 3627 banc
478 3575 636 3627 sanctam
662 3564 783 3625 sedem
808 3562 949 3642 tinctos,
974 3561 1041 3623 Dei
1067 3562 1235 3644 potestati
1261 3573 1296 3624 et
1320 3567 1514 3644 proborum
1540 3577 1590 3629 at·

302 3692 371 3753 que
396 3691 589 3753 aequorum
613 3670 743 3733 iudicio
769 3669 978 3731 dimisimus:
1008 3669 1177 3751 quivero
1202 3689 1272 3731 non
1296 3670 1365 3733 iam
1390 3673 1589 3736 amaritiem

302 3778 365 3840 sed
396 3794 535 3861 pestem
565 3777 671 3839 etiam
703 3786 810 3857 atque
843 3786 992 3838 mortem
1024 3788 1171 3857 propter
1203 3776 1431 3839 acrimoniam
1457 3782 1590 3842 veneni

303 3885 370 3965 piis
394 3884 580 3946 animabus
604 3883 761 3945 fidelium
786 3881 914 3945 afferre
939 3893 1102 3963 possent,
1136 3902 1197 3945 eos
1221 3882 1256 3945 in
1282 3886 1428 3946 decreto
1454 3896 1590 3966 nostr0,

301 3992 396 4071 quod
422 3990 704 4071 supradictorum
729 3989 877 4052 fratrum
904 3999 1114 4067 nostrorum,
1140 3997 1176 4050 et
1196 3989 1354 4069 aliorum,
1380 3992 1439 4071 qui
1458 3993 1489 4054 ei
1507 4013 1588 4055 con·

302 4098 382 4159 cilio
407 4097 644 4160 interfuerunt
669 4096 952 4158 doctissimorum
978 4107 1013 4157 et
1038 4096 1301 4158 Catholicorum
1325 4098 1481 4160 virorum
1507 4120 1588 4162 con·

301 4204 368 4267 silii
382 4201 558 4266 sententia
571 4204 714 4282 editum,
730 4202 856 4264 litteris
869 4201 1075 4283 apostolicis
1091 4201 1235 4264 inscribi
1253 4212 1289 4263 et
1303 4204 1401 4264 bulla
1418 4204 1589 4284 plumbea

301 4311 462 4392 insigniri
496 4310 678 4390 jussimus,
716 4331 761 4371 ex
799 4309 923 4371 ordine
962 4308 1135 4390 perscribi
1173 4310 1418 4372 mandavimus
1457 4313 1588 4392 partim

301 4419 406 4497 plane
431 4416 632 4481 haereticos
658 4425 693 4478 et
719 4415 824 4477 fidem
849 4425 983 4478 rectam
1007 4424 1265 4497 pervertentes,
1290 4416 1419 4496 partim
1442 4418 1493 4480 ita
1518 4423 1587 4482 cal-

302 4524 372 4585 lide
405 4534 441 4585 et
476 4523 574 4586 vafre
607 4524 650 4585 ad
685 4525 799 4585 bonos
834 4532 869 4584 et
903 4522 1039 4585 animos
1071 4533 1107 4585 et
1140 4542 1256 4585 mores
1290 4524 1588 4589 contaminandos

302 4630 502 4712 appositos,
538 4640 577 4693 ut
610 4649 741 4710 magna
775 4650 820 4691 ex
853 4628 908 4691 his
941 4629 975 4691 in
1011 4628 1187 4691 mentibus
1220 4629 1472 4712 simpliciorum
1507 4653 1587 4697 cum

302 4736 514 4801 detrimento
538 4737 741 4819 Religionis
773 4735 906 4799 oriatur
938 4736 1175 4818 perturbatio;
1210 4756 1357 4817 quarum
1388 4737 1587 4803 litterarum

302 4846 504 4926 exemplum
529 4847 574 4907 ad
598 4856 693 4907 tuam
719 4843 940 4906 nobilitatem
966 4844 1097 4907 deferri
1121 4843 1372 4927 praecipimus,
1406 4844 1501 4908 illam
1526 4870 1586 4930 pa·
