3559 5734
915 826 987 890 194.

537 941 748 1043 Campegius
776 946 812 1022 et
838 942 928 1023 Baro
958 943 999 1022 du
1026 941 1158 1045 Burgio
1187 940 1362 1022 Sudoleto.

721 1080 863 1150 (Nuntiat
889 1080 1016 1140 deman
1033 1079 1107 1139 Iam
1127 1079 1182 1150 70.)

790 1202 845 1265 (11.
865 1201 1004 1250 Februarii
1027 1205 1111 1263 1525.)

399 1334 473 1398 Con
506 1355 576 1396 una
600 1344 721 1396 nostra
744 1336 855 1397 breve
879 1336 1007 1396 lettera
1041 1346 1076 1397 et
1108 1354 1174 1397 con
1198 1334 1370 1397 immensa
1394 1336 1592 1416 allegrezza

309 1441 530 1522 signifieamo
562 1461 585 1502 a
607 1440 650 1503 N.
675 1438 711 1503 S.
743 1443 779 1502 la
802 1441 1030 1504 conclusione
1062 1441 1166 1504 dela
1190 1442 1321 1504 unione
1352 1443 1397 1506 de
1421 1442 1546 1505 Boemi
1570 1463 1593 1504 a

308 1551 344 1611 la
378 1549 471 1611 Sede
502 1547 730 1628 Apostolica‚
765 1550 799 1608 la
833 1548 939 1627 quale
972 1547 1007 1611 in
1041 1548 1153 1630 quest'
1170 1549 1261 1614 hora,
1292 1551 1442 1612 havemo
1476 1549 1592 1612 inteso

309 1676 409 1718 come
435 1656 469 1716 ia
493 1652 624 1716 vedera
649 1674 714 1735 per
738 1653 771 1716 le
796 1656 923 1717 lettere
957 1656 1023 1718 che
1048 1677 1115 1718 con
1140 1658 1173 1718 le
1198 1666 1319 1718 nostre
1343 1658 1532 1720 mandamo
1555 1656 1591 1720 in

309 1783 413 1825 mano
438 1761 472 1823 di
498 1759 534 1826 S.
559 1760 611 1823 5¹²
633 1760 668 1822 di
693 1763 759 1824 che
782 1761 1095 1842 particolarmente
1120 1783 1164 1824 ne
1188 1764 1387 1844 allegramo
1410 1784 1477 1828 con
1494 1764 1540 1827 V.
1554 1763 1593 1827 S.

309 1880 344 1932 et
368 1871 423 1932 col
448 1869 572 1948 signor
594 1868 743 1931 Datario
776 1888 842 1949 per
866 1868 887 1931 l'
903 1870 1039 1931 honore
1068 1878 1104 1931 et
1127 1869 1243 1951 gloria
1266 1870 1302 1931 di
1328 1870 1364 1934 ὅ.
1389 1868 1441 1932 su
1469 1880 1504 1932 et
1528 1891 1594 1951 per

308 1976 451 2058 publica
475 1975 702 2038 satisfacione
736 1985 771 2037 et
795 1975 1040 2039 consolatione
1073 1977 1117 2039 de
1141 1975 1222 2039 tutti
1246 1976 1428 2038 christiani
1464 1987 1500 2039 et
1523 1997 1592 2040 ser-

308 2083 413 2145 vitori
438 2083 473 2144 di
498 2080 534 2145 S.
560 2082 621 2144 ΒΙιΘ
643 2081 679 2143 di
702 2083 768 2145 che
793 2082 905 2144 siaiu
931 2093 1054 2145 eterno
1078 2083 1200 2145 lodato
1225 2081 1295 2144 Dio
1319 2082 1360 2146 N.
1380 2082 1416 2145 S.
1441 2084 1592 2146 authore

309 2190 358 2252 dil
382 2198 485 2268 tutte,
510 2189 544 2250 la
568 2191 649 2270 qual
666 2209 751 2251 cosa
774 2188 794 2251 ὲ
818 2199 918 2252 tanto
943 2190 1004 2272 piri
1022 2190 1160 2271 grande
1184 2199 1220 2252 et
1237 2190 1283 2251 da
1299 2190 1442 2252 stimate
1459 2201 1593 2270 quanto

309 2299 374 2359 che
406 2316 570 2377 speramo
602 2298 668 2358 che
700 2297 843 2359 torneri
875 2318 897 2359 a
921 2296 1129 2360 confusione
1161 2297 1206 2360 de
1237 2295 1353 2377 questi
1376 2297 1524 2359 heretici
1558 2305 1594 2358 et

308 2403 392 2466 novi
416 2402 566 2484 giganti.

397 2509 437 2571 In
461 2518 587 2591 questo
611 2517 711 2571 tanto
736 2530 901 2573 successo
927 2521 1046 2575 essent
1068 2510 1317 2573 decernendae
1331 2509 1497 2591 publicae
1512 2531 1590 2592 sup·

308 2617 519 2700 plicationes
551 2628 587 2678 et
622 2615 691 2678 alia
715 2615 871 2679 laetitiae
905 2626 941 2679 et
965 2616 1194 2680 exultationis
1218 2616 1338 2698 signa:
1375 2638 1431 2679 ma
1455 2619 1587 2699 perch}

308 2724 511 2806 expetiamo
535 2723 560 2784 li
583 2722 716 2785 oratori
740 2722 785 2785 de
809 2723 892 2804 quei
916 2723 1040 2805 populi
1065 2744 1131 2786 con
1157 2723 1182 2786 li
1207 2725 1300 2805 quali
1326 2725 1462 2787 darassi
1477 2724 1592 2787 forma

309 2832 380 2893 alla
403 2829 640 2912 expedicione
665 2839 700 2891 et
724 2829 964 2893 stabilimento
989 2834 1111 2910 totale,
1135 2830 1295 2893 saresino
1314 2830 1349 2892 di
1373 2851 1501 2910 parere
1525 2832 1592 2893 che

308 2938 338 3001 si
362 2947 569 3019 expettasse
592 2957 614 2998 a
638 2947 764 3017 questo
780 2937 904 2999 effetto
925 2957 971 3000 un
989 2939 1080 3000 altro
1096 2947 1218 3000 nostro
1234 2937 1333 3000 aviso
1355 2939 1399 2999 de
1416 2938 1451 2999 la
1467 2936 1591 3018 gionta

307 3049 401 3118 loro;
437 3045 482 3108 ne
520 3052 645 3126 questo
676 3043 711 3105 vi
737 3042 886 3107 diciamo
920 3045 1050 3125 perche
1084 3043 1253 3107 debbiate
1284 3046 1418 3107 havere
1448 3045 1483 3106 la
1507 3064 1591 3107 cosa

307 3173 385 3215 men
419 3160 517 3214 certa
550 3160 585 3212 et
609 3149 747 3230 chiara,
784 3170 841 3212 ma
863 3169 929 3231 per
960 3170 1007 3212 un
1031 3151 1172 3214 ricorde
1205 3152 1249 3213 da
1274 3150 1417 3233 seguire
1448 3171 1487 3215 se
1518 3156 1589 3215 cosi

307 3258 445 3340 parere,
469 3257 602 3340 perche
627 3278 695 3320 non
722 3258 874 3324 havemo
899 3256 952 3319 sin
969 3255 1029 3338 qul
1053 3260 1143 3321 altra
1159 3257 1440 3340 particolaritate
1466 3259 1510 3321 ne
1527 3279 1591 3341 per

307 3370 395 3430 hora
433 3366 590 3447 possiam
629 3364 688 3447 piu
725 3363 801 3425 dire
837 3384 858 3425 a
895 3362 937 3428 V.
975 3362 1010 3428 S.
1052 3365 1117 3426 che
1152 3386 1174 3428 a
1209 3364 1255 3428 lei
1289 3365 1589 3430 raccomandarci.

309 3476 432 3536 Budae
459 3473 514 3535 XI
538 3472 639 3535 Febr.
667 3473 755 3533 hora
778 3470 883 3532 tertia
907 3481 989 3551 post
1013 3470 1195 3534 meridiem
1219 3470 1420 3535 MDXXV.

876 3602 905 3663 ir.
926 3600 1006 3662 dard.
1026 3600 1237 3676 iimpoglu—
1248 3607 1274 3657 lo
1287 3611 1389 3658 Barone
1408 3611 1452 3660 del
1463 3612 1573 3674 Burgio.

844 3785 1050 3798 vmvvvvvuvwwn

931 4017 985 4080 91

760 4017 934 4212 normula
953 4037 1137 4213 DSarioletu.

713 4277 861 4348 (Verior.
887 4278 931 4339 ad
956 4278 1055 4338 oleru
1079 4279 1117 4338 11.
1141 4281 1190 4348 41.)

788 4377 842 4448 (14.
863 4381 1002 4431 Februarii
1024 4385 1109 4444 1525.)

481 4498 511 4582 i:
534 4527 627 4581 stato
653 4515 712 4598 qui
737 4515 796 4577 dui
820 4515 937 4598 giorni
971 4516 1004 4578 ei
1030 4517 1121 4578 duca
1144 4516 1330 4579 Ludovico
1354 4517 1398 4579 de
1422 4516 1588 4596 Baviera‚

306 4629 410 4711 quale
441 4628 487 4689 ho
512 4624 655 4688 visitato
684 4643 750 4705 per
774 4643 878 4685 nome
903 4624 947 4685 de
972 4622 1014 4686 N.
1039 4620 1076 4686 S.
1108 4631 1144 4686 et
1174 4622 1296 4685 factoli
1320 4623 1356 4685 in
1381 4623 1588 4689 conclusion

303 4734 492 4799 intendere
516 4733 582 4795 che
606 4751 645 4793 se
663 4729 685 4792 'l
709 4729 826 4793 vicere
851 4739 887 4793 et
911 4730 992 4792 altri
1017 4730 1247 4810 governatori
1269 4730 1404 4794 cesarei
1419 4750 1588 4795 avessero

304 4842 493 4910 attenduto
524 4840 557 4902 al
583 4836 742 4901 conselio
767 4848 802 4900 et
826 4836 1066 4900 admonitione
1099 4837 1143 4899 de
1168 4836 1211 4900 N.
1236 4837 1272 4901 S.
1299 4859 1367 4901 non
1392 4839 1589 4904 solamente
