3559 5734
836 533 1082 590 fflsslflsp*

319 680 424 747 modo
458 679 664 743 demerendi
700 680 764 743 sed
795 689 831 742 et
863 683 975 744 verbo
1005 680 1192 745 erudiendi
1227 688 1309 743 sunt
1339 688 1445 763 atque
1477 679 1600 761 eciam,

319 789 349 851 si
373 789 422 850 ita
446 808 536 869 opus
559 773 622 867 sit,
653 786 760 849 armis
784 786 1028 869 spiritualibus
1062 787 1312 870 expugnandi;
1345 786 1516 870 Episcopi
1547 786 1600 850 sui

320 894 429 980 officii
453 895 719 974 commonendi,
743 893 907 958 civitates
930 895 966 958 in
991 894 1109 959 officio
1134 893 1388 976 continendae,
1413 892 1602 978 gymnasia

319 1004 557 1080 adhortanda,
586 1001 750 1064 monachi
775 1001 971 1082 excitandi,
1007 1001 1103 1065 docti
1126 1001 1258 1083 ubique
1282 1021 1346 1083 spe
1370 1012 1406 1063 et
1429 1000 1602 1083 pollicita·

319 1109 416 1173 tione
439 1109 627 1172 alliciendi.
675 1109 715 1171 In
741 1108 869 1191 quibus
894 1120 990 1171 certe
1019 1129 1090 1172 non
1122 1107 1302 1172 minimum
1333 1109 1491 1190 pondus,
1522 1127 1603 1171 mea

320 1216 498 1299 opinione,
523 1215 626 1278 situm
652 1224 714 1279 est.
763 1215 1023 1297 Perpurganda
1048 1235 1189 1297 quoque
1209 1216 1340 1278 rudera
1364 1214 1503 1296 Curiae,
1527 1195 1601 1277 cur-

320 1325 513 1387 tisanorum
537 1322 673 1385 scilicet
698 1322 770 1403 fex,
793 1323 950 1405 bonique
965 1323 1209 1387 tantummodo
1226 1343 1268 1385 ac
1285 1322 1392 1404 docti,
1415 1322 1451 1385 in
1475 1322 1603 1405 quibus

320 1450 461 1513 semper
484 1429 676 1511 presidium
700 1430 735 1491 in
760 1439 927 1512 promptu
953 1440 1025 1511 est,
1049 1429 1291 1511 provehendi;
1324 1429 1360 1492 id
1384 1431 1481 1511 quod
1505 1437 1602 1492 certe

320 1539 360 1601 T.
385 1536 421 1602 S.
447 1536 514 1599 erit
538 1536 572 1598 in
597 1535 720 1619 primis
745 1556 887 1609 curare;
922 1546 1029 1618 atque
1053 1546 1091 1599 ut
1114 1537 1209 1599 idem
1233 1535 1297 1600 fiat
1320 1558 1342 1600 a
1365 1536 1533 1607 Patribus
1558 1539 1602 1599 ab

321 1644 508 1727 Episcopis
525 1654 585 1706 tua
601 1643 813 1706 auctoritate
831 1644 1064 1706 intercedere.
1113 1643 1203 1706 Nam
1227 1644 1257 1706 si
1281 1645 1406 1707 horum
1429 1647 1603 1709 hactenus

323 1751 433 1817 maior
456 1750 582 1813 fuisset
605 1751 728 1813 habita
752 1750 854 1831 rati0,
879 1760 977 1813 certe
1000 1770 1072 1813 non
1095 1761 1167 1813 tam
1191 1751 1346 1832 pessime
1360 1751 1467 1814 hodie
1482 1750 1603 1814 Eccle-

323 1859 397 1923 siae
422 1857 603 1940 negotium
629 1858 777 1920 audiret.
834 1858 1020 1920 Postremo
1054 1856 1268 1930 Germaniae
1301 1870 1445 1922 nostrae
1476 1877 1602 1940 grava-

322 1967 416 2031 mina
441 1966 638 2029 relaxanda
667 1975 778 2045 erunt,
804 1964 852 2026 ita
876 1964 971 2027 enim
995 1984 1065 2027 non
1090 1984 1283 2046 paucorum
1307 1965 1442 2028 animos
1465 1966 1507 2028 T.
1535 1963 1602 2027 sibi

323 2074 360 2138 S.
386 2070 634 2136 demerebitur.
682 2070 881 2135 Novissime
906 2091 993 2135 vero
1018 2071 1131 2134 omnis
1155 2071 1337 2135 Ecclesiae
1360 2073 1486 2156 facies,
1512 2092 1602 2154 quae

324 2192 421 2245 certe
446 2200 516 2242 non
540 2199 609 2241 una
633 2188 737 2260 parte
761 2179 951 2262 deturpata
982 2190 1052 2259 est,
1076 2178 1303 2243 reformanda
1326 2180 1403 2243 erit.
1450 2180 1551 2243 Haec
1574 2179 1603 2241 si

323 2290 362 2353 T.
389 2286 425 2350 S.
451 2285 653 2370 promiserit
668 2285 934 2367 prestiteritque
950 2285 1095 2347 dubium
1109 2286 1193 2348 mihi
1215 2306 1287 2350 nou
1311 2287 1378 2349 erit
1400 2297 1602 2370 presentem

323 2415 430 2477 posse
455 2401 703 2474 tempestatem
729 2393 857 2456 sedari.
905 2390 1049 2456 Suadeo
1081 2403 1199 2456 tamen
1224 2394 1362 2458 interea
1386 2404 1422 2457 et
1445 2394 1481 2458 in
1507 2394 1603 2456 Urbe

326 2512 361 2566 et
383 2502 420 2565 in
444 2498 543 2563 Orbe
567 2520 608 2563 ac
633 2500 766 2582 passim
789 2520 854 2581 per
887 2499 1028 2583 singula
1059 2501 1274 2564 monasteria
1307 2505 1452 2565 crebras
1484 2522 1603 2584 preca·

325 2609 446 2673 ciones
467 2606 555 2686 fieri,
576 2605 685 2668 indici
701 2607 842 2686 ieiunia,
870 2606 985 2669 Deum
1006 2606 1250 2671 communibus
1273 2608 1366 2671 votis
1385 2629 1427 2671 ac
1440 2608 1605 2691 lacrymis

326 2736 483 2781 exorare,
494 2726 532 2777 ut
548 2734 612 2778 nos
630 2717 675 2776 ab
699 2715 766 2776 hac
793 2724 992 2795 temporum
1016 2714 1151 2776 malitia
1173 2713 1312 2795 liberet,
1337 2726 1373 2779 et
1396 2719 1522 2797 procul
1545 2718 1603 2779 du-

326 2824 385 2885 bio
410 2843 473 2885 nos
498 2841 567 2883 non
593 2821 748 2900 deseret,
778 2822 842 2883 sed
874 2829 911 2883 et
934 2840 1089 2902 sponsae
1113 2818 1267 2884 Sanctae
1291 2822 1474 2887 Ecclesiae
1497 2844 1604 2905 exop-

326 2941 435 2993 tatam
461 2927 608 2991 donabit
632 2948 767 3009 pacem.
815 2927 933 2990 Unum
949 2938 1112 3011 superest
1129 2928 1224 3010 quod
1240 2928 1296 2991 his
1310 2930 1423 2994 turbis
1438 2930 1604 2994 sedandis

327 3035 478 3118 aliquid,
515 3033 550 3096 ni
585 3033 700 3113 fallor,
726 3034 953 3096 emolumenti
988 3030 1137 3100 adferet.
1196 3034 1276 3098 Hoc
1307 3046 1361 3099 est
1396 3037 1425 3101 si
1456 3050 1606 3103 caveant

327 3142 508 3227 principes
533 3152 684 3203 caveant
699 3152 734 3203 et
758 3140 932 3225 civitates,
956 3143 1053 3203 nulla
1076 3143 1291 3205 clancularia
1323 3143 1400 3208 fieri
1429 3144 1603 3210 conventi·

328 3251 418 3329 cula,
441 3248 558 3311 nullas
582 3246 881 3328 conspirationes;
907 3267 965 3311 res
990 3246 1082 3310 enirn
1105 3249 1219 3330 magis
1239 3250 1396 3315 factione
1412 3273 1517 3335 quam
1540 3272 1606 3334 pro

328 3357 479 3420 veritate
503 3355 639 3437 agitur;
666 3355 795 3418 deinde
813 3354 1009 3418 sediciosae
1027 3364 1067 3417 ut
1081 3355 1117 3418 in
1134 3356 1316 3438 publicum
1331 3360 1606 3424 declamationes

329 3463 586 3546 prohibeantur
609 3460 711 3547 simul
736 3472 771 3525 et
795 3462 855 3544 qui
879 3461 1037 3525 famosos
1061 3462 1202 3526 libellos
1232 3466 1291 3528 vel
1322 3467 1433 3529 edunt
1459 3469 1518 3531 vel
1548 3488 1605 3531 ex·

329 3572 463 3635 cudunt
488 3577 546 3631 aut
570 3568 677 3631 etiam
702 3569 900 3632 divendunt
929 3579 966 3632 ut
999 3569 1206 3651 puniantur;
1240 3571 1445 3655 deligantur
1467 3596 1607 3660 quoque

331 3677 392 3758 qui
416 3676 663 3758 perquirendis
687 3676 755 3739 illis
779 3676 916 3758 presint
939 3677 1102 3752 simulet
1126 3678 1379 3744 concionantes
1407 3684 1607 3750 observent.

331 3782 500 3866 Episcopi
540 3782 646 3846 etiam
677 3785 936 3846 auscultatores
969 3785 1163 3848 decernant
1193 3785 1252 3866 qui
1284 3789 1409 3852 horum
1440 3791 1608 3873 dogmata

331 3890 534 3955 diiudicent.

421 3998 522 4060 Haec
546 4018 612 4079 pro
637 4019 716 4062 mea
728 3998 939 4077 temeritate,
963 3997 1175 4063 Beatissime
1190 4000 1308 4083 Pater,
1332 4002 1494 4084 pluribus
1517 4003 1609 4067 forte

333 4126 437 4187 quam
463 4125 552 4186 opus
578 4115 665 4186 erat,
694 4106 734 4169 T.
759 4103 796 4167 S.
826 4125 1051 4168 commonere
1083 4094 1196 4186 uolui,
1228 4128 1298 4171 non
1330 4111 1425 4191 quod
1453 4111 1610 4174 dubitem

334 4214 460 4275 adesse
483 4212 548 4274 tibi
573 4213 630 4295 qui
666 4211 701 4275 S.
727 4212 767 4275 T.
799 4212 925 4277 similia
957 4220 993 4275 et
1020 4213 1162 4276 saniora
1193 4228 1403 4299 suggerant,
1434 4220 1497 4281 sed
1531 4219 1611 4301 quia

332 4339 388 4383 me
413 4318 522 4382 officii
546 4340 686 4402 quoque
702 4319 771 4382 mei
787 4319 961 4382 rationem
977 4321 1111 4383 habere
1129 4323 1307 4403 oportuit;
1332 4344 1413 4388 nam
1437 4324 1497 4389 ubi
1521 4347 1610 4388 com·

334 4448 437 4491 mune
453 4426 648 4509 periculum
664 4424 831 4504 imminet,
857 4425 907 4487 ibi
930 4435 1027 4489 certe
1042 4426 1078 4489 in
1099 4428 1280 4509 publicum
1297 4432 1520 4496 consultandi
1544 4453 1613 4496 om-

334 4536 437 4598 nibus
462 4552 578 4615 aequa
600 4531 752 4595 facultas
776 4542 839 4595 est⁴
887 4531 1027 4595 Vellem
1052 4553 1121 4615 ego
1145 4535 1238 4598 hunc
1262 4536 1415 4602 animum
1438 4559 1553 4603 meum
1577 4540 1612 4603 in

334 4640 461 4704 litteris
484 4659 582 4720 esse,
615 4649 653 4701 ut
684 4639 818 4702 scilicet
851 4659 923 4702 non
954 4639 1110 4703 consiliis
1132 4644 1238 4704 modo
1263 4645 1327 4706 sed
1351 4665 1390 4707 re
1413 4666 1554 4730 quoque
1578 4659 1614 4711 et

335 4767 445 4829 opera
458 4749 636 4809 turbatam
653 4745 838 4809 Ecclesiae
861 4766 987 4827 pacem
1010 4748 1235 4812 vindicarent
1245 4772 1253 4824 ;
1278 4770 1401 4813 verum
1416 4762 1615 4817 mutescunt

335 4853 538 4939 gymnasia,
572 4852 749 4915 dormiunt
779 4851 943 4915 monachi
967 4862 1004 4916 et
1026 4855 1133 4936 pauci
1162 4857 1352 4921 admodum
1384 4867 1466 4925 sunt
1493 4860 1553 4942 qui
1576 4880 1614 4923 se
