<?xml version="1.0" encoding="UTF-8"?>
<!DOCTYPE html PUBLIC "-//W3C//DTD XHTML 1.0 Transitional//EN"
    "http://www.w3.org/TR/xhtml1/DTD/xhtml1-transitional.dtd">
<html xmlns="http://www.w3.org/1999/xhtml" xml:lang="en" lang="en">
 <head>
  <title>
</title>
<meta http-equiv="Content-Type" content="text/html;charset=utf-8" />
  <meta name='ocr-system' content='tesseract 3.04.00' />
  <meta name='ocr-capabilities' content='ocr_page ocr_carea ocr_par ocr_line ocrx_word'/>
</head>
<body>
  <div class='ocr_page' id='page_1' title='image "./monumentareform01vatigoog_0420.png"; bbox 0 0 3559 5734; ppageno 0'>
   <div class='ocr_carea' id='block_1_1' title="bbox 747 483 994 540">
    <p class='ocr_par' dir='ltr' id='par_1_1' title="bbox 747 483 994 540">
     <span class='ocr_line' id='line_1_1' title="bbox 747 483 994 540; baseline -0.012 0"><span class='ocrx_word' id='word_1_1' title='bbox 747 483 994 540; x_wconf 44' lang='lat' dir='ltr'><strong>eosne*</strong></span> 
     </span>
    </p>
   </div>
   <div class='ocr_carea' id='block_1_2' title="bbox 230 625 1516 3069">
    <p class='ocr_par' dir='ltr' id='par_1_2' title="bbox 230 625 1515 1765">
     <span class='ocr_line' id='line_1_2' title="bbox 231 625 1514 713; baseline 0.001 -21"><span class='ocrx_word' id='word_1_2' title='bbox 231 629 366 694; x_wconf 88' lang='lat' dir='ltr'><strong>Svizeri</strong></span> <span class='ocrx_word' id='word_1_3' title='bbox 397 629 713 712; x_wconf 83' lang='lat' dir='ltr'><strong>sopragiugnendo</strong></span> <span class='ocrx_word' id='word_1_4' title='bbox 738 640 861 712; x_wconf 82' lang='lat' dir='ltr'>queste</span> <span class='ocrx_word' id='word_1_5' title='bbox 884 628 1007 692; x_wconf 74' lang='lat' dir='ltr'><strong>novitii</strong></span> <span class='ocrx_word' id='word_1_6' title='bbox 1043 631 1087 693; x_wconf 88' lang='lat' dir='ltr'><strong>de</strong></span> <span class='ocrx_word' id='word_1_7' title='bbox 1110 625 1260 712; x_wconf 85' lang='lat' dir='ltr'><strong>Milan0,</strong></span> <span class='ocrx_word' id='word_1_8' title='bbox 1276 641 1361 713; x_wconf 74' lang='lat' dir='ltr'><strong>per</strong></span> <span class='ocrx_word' id='word_1_9' title='bbox 1384 643 1514 713; x_wconf 84' lang='lat' dir='ltr'><strong>questa</strong></span> 
     </span>
     <span class='ocr_line' id='line_1_3' title="bbox 230 735 1512 821; baseline 0.002 -21"><span class='ocrx_word' id='word_1_10' title='bbox 230 737 417 800; x_wconf 84' lang='lat' dir='ltr'><strong>invernata</strong></span> <span class='ocrx_word' id='word_1_11' title='bbox 450 757 519 798; x_wconf 91' lang='lat' dir='ltr'><strong>non</strong></span> <span class='ocrx_word' id='word_1_12' title='bbox 553 736 582 798; x_wconf 87' lang='lat' dir='ltr'><strong>si</strong></span> <span class='ocrx_word' id='word_1_13' title='bbox 615 735 693 799; x_wconf 71' lang='lat' dir='ltr'><strong>fari</strong></span> <span class='ocrx_word' id='word_1_14' title='bbox 726 737 828 800; x_wconf 78' lang='lat' dir='ltr'><strong>altro,</strong></span> <span class='ocrx_word' id='word_1_15' title='bbox 875 737 1026 800; x_wconf 89' lang='lat' dir='ltr'><strong>Intendo</strong></span> <span class='ocrx_word' id='word_1_16' title='bbox 1060 739 1216 801; x_wconf 83' lang='lat' dir='ltr'>anchora</span> <span class='ocrx_word' id='word_1_17' title='bbox 1249 739 1315 802; x_wconf 89' lang='lat' dir='ltr'><strong>che</strong></span> <span class='ocrx_word' id='word_1_18' title='bbox 1340 739 1362 802; x_wconf 87' lang='lat' dir='ltr'><strong>&#39;l</strong></span> <span class='ocrx_word' id='word_1_19' title='bbox 1394 739 1512 821; x_wconf 82' lang='lat' dir='ltr'><strong>reggi-</strong></span> 
     </span>
     <span class='ocr_line' id='line_1_4' title="bbox 230 843 1512 925; baseline -0.001 -16"><span class='ocrx_word' id='word_1_20' title='bbox 230 854 349 909; x_wconf 87' lang='lat' dir='ltr'><strong>mento</strong></span> <span class='ocrx_word' id='word_1_21' title='bbox 373 843 556 925; x_wconf 88' lang='lat' dir='ltr'><strong>imperiale</strong></span> <span class='ocrx_word' id='word_1_22' title='bbox 580 843 615 906; x_wconf 92' lang='lat' dir='ltr'><strong>in</strong></span> <span class='ocrx_word' id='word_1_23' title='bbox 639 843 788 925; x_wconf 82' lang='lat' dir='ltr'><strong>Eslinga</strong></span> <span class='ocrx_word' id='word_1_24' title='bbox 810 865 856 906; x_wconf 90' lang='lat' dir='ltr'><strong>va</strong></span> <span class='ocrx_word' id='word_1_25' title='bbox 879 847 950 908; x_wconf 86' lang='lat' dir='ltr'><strong>mal</strong></span> <span class='ocrx_word' id='word_1_26' title='bbox 974 854 1141 908; x_wconf 90' lang='lat' dir='ltr'><strong>contento</strong></span> <span class='ocrx_word' id='word_1_27' title='bbox 1171 854 1206 908; x_wconf 83' lang='lat' dir='ltr'><strong>et</strong></span> <span class='ocrx_word' id='word_1_28' title='bbox 1230 845 1345 908; x_wconf 91' lang='lat' dir='ltr'><strong>vuolsi</strong></span> <span class='ocrx_word' id='word_1_29' title='bbox 1370 848 1415 908; x_wconf 90' lang='lat' dir='ltr'><strong>de</strong></span> <span class='ocrx_word' id='word_1_30' title='bbox 1439 866 1512 908; x_wconf 91' lang='lat' dir='ltr'><strong>non</strong></span> 
     </span>
     <span class='ocr_line' id='line_1_5' title="bbox 231 951 1513 1035; baseline -0.001 -19"><span class='ocrx_word' id='word_1_31' title='bbox 231 972 351 1016; x_wconf 84' lang='lat' dir='ltr'><strong>essere</strong></span> <span class='ocrx_word' id='word_1_32' title='bbox 381 955 474 1014; x_wconf 89' lang='lat' dir='ltr'><strong>bene</strong></span> <span class='ocrx_word' id='word_1_33' title='bbox 498 951 714 1013; x_wconf 87' lang='lat' dir='ltr'><strong>intertenuto</strong></span> <span class='ocrx_word' id='word_1_34' title='bbox 746 952 790 1013; x_wconf 89' lang='lat' dir='ltr'><strong>de</strong></span> <span class='ocrx_word' id='word_1_35' title='bbox 814 951 839 1014; x_wconf 92' lang='lat' dir='ltr'><strong>ll</strong></span> <span class='ocrx_word' id='word_1_36' title='bbox 863 951 940 1014; x_wconf 90' lang='lat' dir='ltr'><strong>suoi</strong></span> <span class='ocrx_word' id='word_1_37' title='bbox 965 951 1083 1015; x_wconf 86' lang='lat' dir='ltr'><strong>salarii</strong></span> <span class='ocrx_word' id='word_1_38' title='bbox 1114 954 1275 1035; x_wconf 86' lang='lat' dir='ltr'><strong>segondo</strong></span> <span class='ocrx_word' id='word_1_39' title='bbox 1309 954 1375 1015; x_wconf 89' lang='lat' dir='ltr'><strong>che</strong></span> <span class='ocrx_word' id='word_1_40' title='bbox 1399 952 1449 1034; x_wconf 87' lang='lat' dir='ltr'><strong>gli</strong></span> <span class='ocrx_word' id='word_1_41' title='bbox 1472 952 1513 1015; x_wconf 89' lang='lat' dir='ltr'><strong>fu</strong></span> 
     </span>
     <span class='ocr_line' id='line_1_6' title="bbox 230 1058 1513 1143; baseline -0.001 -20"><span class='ocrx_word' id='word_1_42' title='bbox 230 1079 415 1143; x_wconf 88' lang='lat' dir='ltr'><strong>promesso</strong></span> <span class='ocrx_word' id='word_1_43' title='bbox 440 1069 541 1122; x_wconf 85' lang='lat' dir='ltr'><strong>etue</strong></span> <span class='ocrx_word' id='word_1_44' title='bbox 565 1058 602 1120; x_wconf 83' lang='lat' dir='ltr'><strong>fa</strong></span> <span class='ocrx_word' id='word_1_45' title='bbox 626 1059 772 1140; x_wconf 82' lang='lat' dir='ltr'><strong>querela</strong></span> <span class='ocrx_word' id='word_1_46' title='bbox 796 1059 852 1121; x_wconf 92' lang='lat' dir='ltr'><strong>col</strong></span> <span class='ocrx_word' id='word_1_47' title='bbox 868 1058 1047 1141; x_wconf 78' lang='lat' dir='ltr'><strong>Principe,</strong></span> <span class='ocrx_word' id='word_1_48' title='bbox 1072 1062 1105 1122; x_wconf 93' lang='lat' dir='ltr'><strong>el</strong></span> <span class='ocrx_word' id='word_1_49' title='bbox 1129 1062 1234 1141; x_wconf 84' lang='lat' dir='ltr'><strong>quale</strong></span> <span class='ocrx_word' id='word_1_50' title='bbox 1251 1060 1420 1142; x_wconf 88' lang='lat' dir='ltr'><strong>risponde</strong></span> <span class='ocrx_word' id='word_1_51' title='bbox 1444 1061 1513 1122; x_wconf 86' lang='lat' dir='ltr'><strong>che</strong></span> 
     </span>
     <span class='ocr_line' id='line_1_7' title="bbox 231 1163 1514 1251; baseline 0.001 -21"><span class='ocrx_word' id='word_1_52' title='bbox 231 1188 297 1251; x_wconf 88' lang='lat' dir='ltr'><strong>per</strong></span> <span class='ocrx_word' id='word_1_53' title='bbox 319 1187 390 1228; x_wconf 85' lang='lat' dir='ltr'><strong>una</strong></span> <span class='ocrx_word' id='word_1_54' title='bbox 414 1175 512 1228; x_wconf 86' lang='lat' dir='ltr'><strong>certa</strong></span> <span class='ocrx_word' id='word_1_55' title='bbox 536 1175 638 1247; x_wconf 84' lang='lat' dir='ltr'><strong>parte</strong></span> <span class='ocrx_word' id='word_1_56' title='bbox 663 1165 713 1245; x_wconf 85' lang='lat' dir='ltr'><strong>gli</strong></span> <span class='ocrx_word' id='word_1_57' title='bbox 737 1164 955 1247; x_wconf 79' lang='lat' dir='ltr'><strong>provederi1;</strong></span> <span class='ocrx_word' id='word_1_58' title='bbox 980 1163 1103 1229; x_wconf 90' lang='lat' dir='ltr'><strong>dubito</strong></span> <span class='ocrx_word' id='word_1_59' title='bbox 1121 1168 1186 1229; x_wconf 89' lang='lat' dir='ltr'><strong>che</strong></span> <span class='ocrx_word' id='word_1_60' title='bbox 1202 1168 1369 1230; x_wconf 83' lang='lat' dir='ltr'><strong>andando</strong></span> <span class='ocrx_word' id='word_1_61' title='bbox 1387 1177 1514 1248; x_wconf 86' lang='lat' dir='ltr'><strong>queste</strong></span> 
     </span>
     <span class='ocr_line' id='line_1_8' title="bbox 231 1271 1513 1355; baseline -0.002 -17"><span class='ocrx_word' id='word_1_62' title='bbox 231 1295 314 1338; x_wconf 88' lang='lat' dir='ltr'><strong>cose</strong></span> <span class='ocrx_word' id='word_1_63' title='bbox 348 1275 393 1335; x_wconf 89' lang='lat' dir='ltr'><strong>de</strong></span> <span class='ocrx_word' id='word_1_64' title='bbox 417 1272 520 1335; x_wconf 83' lang='lat' dir='ltr'><strong>Italia</strong></span> <span class='ocrx_word' id='word_1_65' title='bbox 543 1272 685 1335; x_wconf 83' lang='lat' dir='ltr'><strong>sinistre</strong></span> <span class='ocrx_word' id='word_1_66' title='bbox 719 1292 790 1335; x_wconf 92' lang='lat' dir='ltr'><strong>non</strong></span> <span class='ocrx_word' id='word_1_67' title='bbox 823 1271 852 1334; x_wconf 93' lang='lat' dir='ltr'><strong>si</strong></span> <span class='ocrx_word' id='word_1_68' title='bbox 885 1271 1021 1335; x_wconf 90' lang='lat' dir='ltr'><strong>voltino</strong></span> <span class='ocrx_word' id='word_1_69' title='bbox 1050 1294 1071 1335; x_wconf 85' lang='lat' dir='ltr'><strong>a</strong></span> <span class='ocrx_word' id='word_1_70' title='bbox 1095 1293 1247 1355; x_wconf 83' lang='lat' dir='ltr'><strong>pensare</strong></span> <span class='ocrx_word' id='word_1_71' title='bbox 1279 1276 1429 1355; x_wconf 83' lang='lat' dir='ltr'><strong>qualche</strong></span> <span class='ocrx_word' id='word_1_72' title='bbox 1463 1274 1513 1336; x_wconf 91' lang='lat' dir='ltr'><strong>di·</strong></span> 
     </span>
     <span class='ocr_line' id='line_1_9' title="bbox 231 1379 1515 1461; baseline 0.001 -16"><span class='ocrx_word' id='word_1_73' title='bbox 231 1401 359 1445; x_wconf 88' lang='lat' dir='ltr'><strong>sconzo</strong></span> <span class='ocrx_word' id='word_1_74' title='bbox 392 1388 427 1442; x_wconf 91' lang='lat' dir='ltr'><strong>et</strong></span> <span class='ocrx_word' id='word_1_75' title='bbox 457 1379 491 1441; x_wconf 91' lang='lat' dir='ltr'><strong>di</strong></span> <span class='ocrx_word' id='word_1_76' title='bbox 516 1379 634 1461; x_wconf 89' lang='lat' dir='ltr'><strong>quelle</strong></span> <span class='ocrx_word' id='word_1_77' title='bbox 659 1400 742 1442; x_wconf 89' lang='lat' dir='ltr'><strong>cose</strong></span> <span class='ocrx_word' id='word_1_78' title='bbox 763 1380 818 1446; x_wconf 57' lang='lat' dir='ltr'><strong>,de</strong></span> <span class='ocrx_word' id='word_1_79' title='bbox 842 1379 899 1442; x_wconf 93' lang='lat' dir='ltr'><strong>chi</strong></span> <span class='ocrx_word' id='word_1_80' title='bbox 924 1400 990 1443; x_wconf 90' lang='lat' dir='ltr'><strong>con</strong></span> <span class='ocrx_word' id='word_1_81' title='bbox 1015 1380 1037 1443; x_wconf 89' lang='lat' dir='ltr'><strong>l&#39;</strong></span> <span class='ocrx_word' id='word_1_82' title='bbox 1054 1382 1143 1443; x_wconf 90' lang='lat' dir='ltr'><strong>altre</strong></span> <span class='ocrx_word' id='word_1_83' title='bbox 1166 1381 1236 1444; x_wconf 88' lang='lat' dir='ltr'><strong>mie</strong></span> <span class='ocrx_word' id='word_1_84' title='bbox 1260 1381 1345 1444; x_wconf 91' lang='lat' dir='ltr'><strong>dissi</strong></span> <span class='ocrx_word' id='word_1_85' title='bbox 1369 1401 1515 1446; x_wconf 86' lang='lat' dir='ltr'><strong>esserne</strong></span> 
     </span>
     <span class='ocr_line' id='line_1_10' title="bbox 232 1487 1513 1571; baseline 0.002 -21"><span class='ocrx_word' id='word_1_86' title='bbox 232 1489 381 1570; x_wconf 88' lang='lat' dir='ltr'><strong>qualche</strong></span> <span class='ocrx_word' id='word_1_87' title='bbox 405 1494 583 1568; x_wconf 89' lang='lat' dir='ltr'><strong>suspetto;</strong></span> <span class='ocrx_word' id='word_1_88' title='bbox 609 1506 676 1568; x_wconf 89' lang='lat' dir='ltr'><strong>pur</strong></span> <span class='ocrx_word' id='word_1_89' title='bbox 700 1506 812 1568; x_wconf 90' lang='lat' dir='ltr'><strong>penso</strong></span> <span class='ocrx_word' id='word_1_90' title='bbox 836 1488 903 1549; x_wconf 90' lang='lat' dir='ltr'><strong>che</strong></span> <span class='ocrx_word' id='word_1_91' title='bbox 928 1495 1069 1550; x_wconf 90' lang='lat' dir='ltr'><strong>costoro</strong></span> <span class='ocrx_word' id='word_1_92' title='bbox 1094 1508 1160 1550; x_wconf 89' lang='lat' dir='ltr'><strong>con</strong></span> <span class='ocrx_word' id='word_1_93' title='bbox 1182 1488 1217 1550; x_wconf 85' lang='lat' dir='ltr'><strong>la</strong></span> <span class='ocrx_word' id='word_1_94' title='bbox 1233 1487 1420 1571; x_wconf 83' lang='lat' dir='ltr'><strong>diligentia</strong></span> <span class='ocrx_word' id='word_1_95' title='bbox 1434 1491 1513 1552; x_wconf 93' lang='lat' dir='ltr'><strong>loro</strong></span> 
     </span>
     <span class='ocr_line' id='line_1_11' title="bbox 231 1593 1513 1679; baseline -0.001 -21"><span class='ocrx_word' id='word_1_96' title='bbox 231 1596 505 1679; x_wconf 89' lang='lat' dir='ltr'><strong>provederanno</strong></span> <span class='ocrx_word' id='word_1_97' title='bbox 523 1615 544 1655; x_wconf 87' lang='lat' dir='ltr'>a</span> <span class='ocrx_word' id='word_1_98' title='bbox 561 1603 662 1656; x_wconf 84' lang='lat' dir='ltr'><strong>tutto.</strong></span> <span class='ocrx_word' id='word_1_99' title='bbox 703 1593 797 1676; x_wconf 87' lang='lat' dir='ltr'><strong>Ogni</strong></span> <span class='ocrx_word' id='word_1_100' title='bbox 813 1594 994 1657; x_wconf 87' lang='lat' dir='ltr'><strong>disordine</strong></span> <span class='ocrx_word' id='word_1_101' title='bbox 1018 1595 1084 1656; x_wconf 89' lang='lat' dir='ltr'><strong>che</strong></span> <span class='ocrx_word' id='word_1_102' title='bbox 1100 1612 1211 1674; x_wconf 82' lang='lat' dir='ltr'><strong>segue</strong></span> <span class='ocrx_word' id='word_1_103' title='bbox 1227 1595 1385 1658; x_wconf 85' lang='lat' dir='ltr'><strong>darebbe</strong></span> <span class='ocrx_word' id='word_1_104' title='bbox 1402 1597 1513 1659; x_wconf 94' lang='lat' dir='ltr'><strong>molto</strong></span> 
     </span>
     <span class='ocr_line' id='line_1_12' title="bbox 232 1702 925 1765; baseline -0.003 0"><span class='ocrx_word' id='word_1_105' title='bbox 232 1702 455 1765; x_wconf 91' lang='lat' dir='ltr'><strong>incommodo</strong></span> <span class='ocrx_word' id='word_1_106' title='bbox 480 1702 550 1763; x_wconf 86' lang='lat' dir='ltr'><strong>alle</strong></span> <span class='ocrx_word' id='word_1_107' title='bbox 574 1720 658 1763; x_wconf 88' lang='lat' dir='ltr'><strong>cose</strong></span> <span class='ocrx_word' id='word_1_108' title='bbox 683 1710 802 1763; x_wconf 89' lang='lat' dir='ltr'><strong>nostre</strong></span> <span class='ocrx_word' id='word_1_109' title='bbox 807 1748 925 1764; x_wconf 92' lang='grc'><strong>.....</strong></span> 
     </span>
    </p>

    <p class='ocr_par' dir='ltr' id='par_1_3' title="bbox 232 1805 1514 1996">
     <span class='ocr_line' id='line_1_13' title="bbox 323 1805 1514 1890; baseline -0.002 -18"><span class='ocrx_word' id='word_1_110' title='bbox 323 1808 424 1872; x_wconf 89' lang='lat' dir='ltr'><strong>Colui</strong></span> <span class='ocrx_word' id='word_1_111' title='bbox 448 1809 514 1871; x_wconf 89' lang='lat' dir='ltr'><strong>che</strong></span> <span class='ocrx_word' id='word_1_112' title='bbox 531 1828 593 1869; x_wconf 86' lang='lat' dir='ltr'><strong>era</strong></span> <span class='ocrx_word' id='word_1_113' title='bbox 609 1809 863 1889; x_wconf 86' lang='lat' dir='ltr'><strong>luogotenente</strong></span> <span class='ocrx_word' id='word_1_114' title='bbox 885 1805 944 1888; x_wconf 88' lang='lat' dir='ltr'><strong>qui</strong></span> <span class='ocrx_word' id='word_1_115' title='bbox 961 1808 1020 1870; x_wconf 88' lang='lat' dir='ltr'><strong>del</strong></span> <span class='ocrx_word' id='word_1_116' title='bbox 1037 1807 1204 1890; x_wconf 87' lang='lat' dir='ltr'><strong>Principe</strong></span> <span class='ocrx_word' id='word_1_117' title='bbox 1221 1807 1239 1870; x_wconf 78' lang='lat' dir='ltr'><strong>d</strong></span> <span class='ocrx_word' id='word_1_118' title='bbox 1255 1817 1347 1871; x_wconf 84' lang='lat' dir='ltr'><strong>stato</strong></span> <span class='ocrx_word' id='word_1_119' title='bbox 1363 1808 1514 1871; x_wconf 87' lang='lat' dir='ltr'><strong>rimosso</strong></span> 
     </span>
     <span class='ocr_line' id='line_1_14' title="bbox 232 1914 961 1996; baseline -0.005 -17"><span class='ocrx_word' id='word_1_120' title='bbox 232 1926 267 1980; x_wconf 85' lang='lat' dir='ltr'><strong>et</strong></span> <span class='ocrx_word' id='word_1_121' title='bbox 291 1917 326 1979; x_wconf 94' lang='lat' dir='ltr'><strong>in</strong></span> <span class='ocrx_word' id='word_1_122' title='bbox 351 1916 483 1996; x_wconf 86' lang='lat' dir='ltr'><strong>luogho</strong></span> <span class='ocrx_word' id='word_1_123' title='bbox 508 1935 572 1977; x_wconf 91' lang='lat' dir='ltr'><strong>suo</strong></span> <span class='ocrx_word' id='word_1_124' title='bbox 596 1934 759 1977; x_wconf 91' lang='lat' dir='ltr'><strong>messono</strong></span> <span class='ocrx_word' id='word_1_125' title='bbox 784 1914 840 1975; x_wconf 90' lang='lat' dir='ltr'><strong>un’</strong></span> <span class='ocrx_word' id='word_1_126' title='bbox 859 1916 961 1976; x_wconf 82' lang='lat' dir='ltr'><strong>altro.</strong></span> 
     </span>
    </p>

    <p class='ocr_par' dir='ltr' id='par_1_4' title="bbox 232 2018 1516 2624">
     <span class='ocr_line' id='line_1_15' title="bbox 321 2018 1515 2102; baseline -0.001 -17"><span class='ocrx_word' id='word_1_127' title='bbox 321 2023 454 2085; x_wconf 84' lang='lat' dir='ltr'><strong>Mando</strong></span> <span class='ocrx_word' id='word_1_128' title='bbox 479 2042 501 2084; x_wconf 84' lang='lat' dir='ltr'>a</span> <span class='ocrx_word' id='word_1_129' title='bbox 521 2021 565 2083; x_wconf 90' lang='lat' dir='ltr'><strong>V.</strong></span> <span class='ocrx_word' id='word_1_130' title='bbox 591 2018 624 2083; x_wconf 90' lang='lat' dir='ltr'><strong>S.</strong></span> <span class='ocrx_word' id='word_1_131' title='bbox 650 2020 754 2102; x_wconf 85' lang='lat' dir='ltr'><strong>copia</strong></span> <span class='ocrx_word' id='word_1_132' title='bbox 778 2022 822 2082; x_wconf 88' lang='lat' dir='ltr'><strong>de</strong></span> <span class='ocrx_word' id='word_1_133' title='bbox 847 2039 917 2082; x_wconf 87' lang='lat' dir='ltr'><strong>una</strong></span> <span class='ocrx_word' id='word_1_134' title='bbox 940 2022 1038 2084; x_wconf 81' lang='lat' dir='ltr'><strong>bolla</strong></span> <span class='ocrx_word' id='word_1_135' title='bbox 1062 2020 1151 2084; x_wconf 81' lang='lat' dir='ltr'><strong>latta</strong></span> <span class='ocrx_word' id='word_1_136' title='bbox 1175 2023 1209 2084; x_wconf 94' lang='lat' dir='ltr'><strong>in</strong></span> <span class='ocrx_word' id='word_1_137' title='bbox 1227 2022 1372 2085; x_wconf 88' lang='lat' dir='ltr'><strong>Prussia</strong></span> <span class='ocrx_word' id='word_1_138' title='bbox 1395 2023 1442 2085; x_wconf 85' lang='lat' dir='ltr'><strong>da</strong></span> <span class='ocrx_word' id='word_1_139' title='bbox 1465 2042 1515 2086; x_wconf 92' lang='lat' dir='ltr'><strong>un</strong></span> 
     </span>
     <span class='ocr_line' id='line_1_16' title="bbox 232 2127 1515 2209; baseline -0.003 -14"><span class='ocrx_word' id='word_1_140' title='bbox 232 2150 387 2195; x_wconf 84' lang='lat' dir='ltr'><strong>vescovo</strong></span> <span class='ocrx_word' id='word_1_141' title='bbox 411 2131 446 2191; x_wconf 94' lang='lat' dir='ltr'><strong>in</strong></span> <span class='ocrx_word' id='word_1_142' title='bbox 471 2129 596 2191; x_wconf 82' lang='lat' dir='ltr'><strong>favore</strong></span> <span class='ocrx_word' id='word_1_143' title='bbox 621 2129 665 2190; x_wconf 92' lang='lat' dir='ltr'><strong>de</strong></span> <span class='ocrx_word' id='word_1_144' title='bbox 689 2129 725 2191; x_wconf 82' lang='lat' dir='ltr'><strong>la</strong></span> <span class='ocrx_word' id='word_1_145' title='bbox 748 2127 888 2190; x_wconf 88' lang='lat' dir='ltr'><strong>heresia</strong></span> <span class='ocrx_word' id='word_1_146' title='bbox 911 2128 1115 2200; x_wconf 83' lang='lat' dir='ltr'><strong>lutherana;</strong></span> <span class='ocrx_word' id='word_1_147' title='bbox 1140 2148 1253 2209; x_wconf 87' lang='lat' dir='ltr'><strong>penso</strong></span> <span class='ocrx_word' id='word_1_148' title='bbox 1277 2130 1343 2190; x_wconf 90' lang='lat' dir='ltr'><strong>che</strong></span> <span class='ocrx_word' id='word_1_149' title='bbox 1360 2132 1515 2192; x_wconf 82' lang='lat' dir='ltr'><strong>sarebbe</strong></span> 
     </span>
     <span class='ocr_line' id='line_1_17' title="bbox 232 2236 1515 2318; baseline -0.002 -17"><span class='ocrx_word' id='word_1_150' title='bbox 232 2241 340 2302; x_wconf 92' lang='lat' dir='ltr'><strong>molto</strong></span> <span class='ocrx_word' id='word_1_151' title='bbox 364 2245 565 2318; x_wconf 90' lang='lat' dir='ltr'><strong>opportuno</strong></span> <span class='ocrx_word' id='word_1_152' title='bbox 590 2244 626 2298; x_wconf 84' lang='lat' dir='ltr'><strong>et</strong></span> <span class='ocrx_word' id='word_1_153' title='bbox 642 2237 843 2298; x_wconf 88' lang='lat' dir='ltr'><strong>necessario</strong></span> <span class='ocrx_word' id='word_1_154' title='bbox 860 2236 1059 2318; x_wconf 71' lang='lat' dir='ltr'><strong>procedere</strong></span> <span class='ocrx_word' id='word_1_155' title='bbox 1074 2245 1198 2299; x_wconf 89' lang='lat' dir='ltr'><strong>contro</strong></span> <span class='ocrx_word' id='word_1_156' title='bbox 1223 2237 1259 2298; x_wconf 92' lang='lat' dir='ltr'><strong>di</strong></span> <span class='ocrx_word' id='word_1_157' title='bbox 1272 2236 1333 2316; x_wconf 86' lang='lat' dir='ltr'><strong>lui,</strong></span> <span class='ocrx_word' id='word_1_158' title='bbox 1359 2238 1391 2299; x_wconf 92' lang='lat' dir='ltr'><strong>el</strong></span> <span class='ocrx_word' id='word_1_159' title='bbox 1408 2239 1515 2317; x_wconf 82' lang='lat' dir='ltr'><strong>quale</strong></span> 
     </span>
     <span class='ocr_line' id='line_1_18' title="bbox 232 2342 1515 2424; baseline -0.002 -17"><span class='ocrx_word' id='word_1_160' title='bbox 232 2345 377 2408; x_wconf 88' lang='lat' dir='ltr'><strong>intendo</strong></span> <span class='ocrx_word' id='word_1_161' title='bbox 402 2345 467 2406; x_wconf 90' lang='lat' dir='ltr'><strong>che</strong></span> <span class='ocrx_word' id='word_1_162' title='bbox 492 2342 525 2405; x_wconf 67' lang='lat' dir='ltr'><strong>li</strong></span> <span class='ocrx_word' id='word_1_163' title='bbox 550 2343 641 2405; x_wconf 89' lang='lat' dir='ltr'><strong>oltre</strong></span> <span class='ocrx_word' id='word_1_164' title='bbox 665 2342 684 2404; x_wconf 80' lang='grc' dir='ltr'>ὲ</span> <span class='ocrx_word' id='word_1_165' title='bbox 709 2343 841 2405; x_wconf 77' lang='lat' dir='ltr'><strong>lassato</strong></span> <span class='ocrx_word' id='word_1_166' title='bbox 857 2344 991 2424; x_wconf 83' lang='lat' dir='ltr'><strong>luogho</strong></span> <span class='ocrx_word' id='word_1_167' title='bbox 1008 2352 1151 2405; x_wconf 87' lang='lat' dir='ltr'><strong>tenente</strong></span> <span class='ocrx_word' id='word_1_168' title='bbox 1168 2343 1225 2405; x_wconf 87' lang='lat' dir='ltr'><strong>del</strong></span> <span class='ocrx_word' id='word_1_169' title='bbox 1243 2342 1341 2406; x_wconf 88' lang='lat' dir='ltr'><strong>Gran</strong></span> <span class='ocrx_word' id='word_1_170' title='bbox 1359 2354 1515 2406; x_wconf 85' lang='lat' dir='ltr'><strong>maestro</strong></span> 
     </span>
     <span class='ocr_line' id='line_1_19' title="bbox 233 2449 1516 2531; baseline 0 -17"><span class='ocrx_word' id='word_1_171' title='bbox 233 2454 277 2515; x_wconf 88' lang='lat' dir='ltr'><strong>de</strong></span> <span class='ocrx_word' id='word_1_172' title='bbox 299 2450 460 2524; x_wconf 87' lang='lat' dir='ltr'><strong>Prussia;</strong></span> <span class='ocrx_word' id='word_1_173' title='bbox 484 2469 550 2531; x_wconf 90' lang='lat' dir='ltr'><strong>per</strong></span> <span class='ocrx_word' id='word_1_174' title='bbox 574 2450 609 2511; x_wconf 85' lang='lat' dir='ltr'><strong>la</strong></span> <span class='ocrx_word' id='word_1_175' title='bbox 632 2451 715 2530; x_wconf 86' lang='lat' dir='ltr'><strong>qual</strong></span> <span class='ocrx_word' id='word_1_176' title='bbox 738 2469 823 2511; x_wconf 85' lang='lat' dir='ltr'><strong>cosa</strong></span> <span class='ocrx_word' id='word_1_177' title='bbox 847 2449 875 2512; x_wconf 92' lang='lat' dir='ltr'><strong>si</strong></span> <span class='ocrx_word' id='word_1_178' title='bbox 900 2450 972 2531; x_wconf 84' lang='lat' dir='ltr'><strong>pud</strong></span> <span class='ocrx_word' id='word_1_179' title='bbox 995 2470 1063 2531; x_wconf 91' lang='lat' dir='ltr'><strong>pur</strong></span> <span class='ocrx_word' id='word_1_180' title='bbox 1087 2470 1183 2513; x_wconf 86' lang='lat' dir='ltr'><strong>esser</strong></span> <span class='ocrx_word' id='word_1_181' title='bbox 1207 2450 1328 2513; x_wconf 84' lang='lat' dir='ltr'><strong>chiaro</strong></span> <span class='ocrx_word' id='word_1_182' title='bbox 1353 2451 1398 2514; x_wconf 93' lang='lat' dir='ltr'><strong>de</strong></span> <span class='ocrx_word' id='word_1_183' title='bbox 1420 2450 1516 2514; x_wconf 89' lang='lat' dir='ltr'><strong>illius</strong></span> 
     </span>
     <span class='ocr_line' id='line_1_20' title="bbox 233 2561 428 2624; baseline -0.005 -3"><span class='ocrx_word' id='word_1_184' title='bbox 233 2561 428 2624; x_wconf 86' lang='lat' dir='ltr'><strong>voluntate.</strong></span> 
     </span>
    </p>

    <p class='ocr_par' dir='ltr' id='par_1_5' title="bbox 232 2662 1516 3069">
     <span class='ocr_line' id='line_1_21' title="bbox 323 2662 1515 2748; baseline 0 -19"><span class='ocrx_word' id='word_1_185' title='bbox 323 2666 473 2729; x_wconf 90' lang='lat' dir='ltr'><strong>Intendo</strong></span> <span class='ocrx_word' id='word_1_186' title='bbox 498 2665 632 2727; x_wconf 84' lang='lat' dir='ltr'><strong>anchor</strong></span> <span class='ocrx_word' id='word_1_187' title='bbox 656 2666 722 2727; x_wconf 86' lang='lat' dir='ltr'><strong>che</strong></span> <span class='ocrx_word' id='word_1_188' title='bbox 740 2663 762 2727; x_wconf 90' lang='lat' dir='ltr'><strong>’l</strong></span> <span class='ocrx_word' id='word_1_189' title='bbox 787 2662 958 2728; x_wconf 88' lang='lat' dir='ltr'><strong>Casimiro</strong></span> <span class='ocrx_word' id='word_1_190' title='bbox 973 2665 1299 2748; x_wconf 82' lang='lat' dir='ltr'><strong>Brandeburgense</strong></span> <span class='ocrx_word' id='word_1_191' title='bbox 1322 2685 1367 2727; x_wconf 85' lang='lat' dir='ltr'><strong>ne</strong></span> <span class='ocrx_word' id='word_1_192' title='bbox 1391 2667 1426 2729; x_wconf 95' lang='lat' dir='ltr'><strong>lo</strong></span> <span class='ocrx_word' id='word_1_193' title='bbox 1450 2686 1515 2729; x_wconf 91' lang='lat' dir='ltr'><strong>suo</strong></span> 
     </span>
     <span class='ocr_line' id='line_1_22' title="bbox 232 2767 1512 2856; baseline 0 -20"><span class='ocrx_word' id='word_1_194' title='bbox 232 2795 341 2856; x_wconf 75' lang='lat' dir='ltr'><strong>paese</strong></span> <span class='ocrx_word' id='word_1_195' title='bbox 364 2775 411 2836; x_wconf 86' lang='lat' dir='ltr'><strong>ha</strong></span> <span class='ocrx_word' id='word_1_196' title='bbox 434 2777 559 2835; x_wconf 86' lang='lat' dir='ltr'><strong>tenuta</strong></span> <span class='ocrx_word' id='word_1_197' title='bbox 583 2791 652 2833; x_wconf 83' lang='lat' dir='ltr'><strong>una</strong></span> <span class='ocrx_word' id='word_1_198' title='bbox 677 2769 773 2834; x_wconf 86' lang='lat' dir='ltr'><strong>dieta</strong></span> <span class='ocrx_word' id='word_1_199' title='bbox 802 2792 847 2834; x_wconf 86' lang='lat' dir='ltr'><strong>ne</strong></span> <span class='ocrx_word' id='word_1_200' title='bbox 871 2772 907 2834; x_wconf 84' lang='lat' dir='ltr'><strong>la</strong></span> <span class='ocrx_word' id='word_1_201' title='bbox 931 2771 1035 2852; x_wconf 78' lang='lat' dir='ltr'><strong>quale</strong></span> <span class='ocrx_word' id='word_1_202' title='bbox 1059 2769 1084 2834; x_wconf 92' lang='lat' dir='ltr'><strong>li</strong></span> <span class='ocrx_word' id='word_1_203' title='bbox 1108 2767 1185 2834; x_wconf 88' lang='lat' dir='ltr'><strong>suoi</strong></span> <span class='ocrx_word' id='word_1_204' title='bbox 1218 2767 1268 2853; x_wconf 80' lang='lat' dir='ltr'><strong>gli</strong></span> <span class='ocrx_word' id='word_1_205' title='bbox 1291 2772 1411 2836; x_wconf 83' lang='lat' dir='ltr'><strong>hanno</strong></span> <span class='ocrx_word' id='word_1_206' title='bbox 1434 2793 1512 2854; x_wconf 89' lang='lat' dir='ltr'><strong>pro·</strong></span> 
     </span>
     <span class='ocr_line' id='line_1_23' title="bbox 232 2873 1515 2961; baseline -0.001 -19"><span class='ocrx_word' id='word_1_207' title='bbox 232 2890 336 2961; x_wconf 90' lang='lat' dir='ltr'><strong>posto</strong></span> <span class='ocrx_word' id='word_1_208' title='bbox 370 2878 468 2942; x_wconf 91' lang='lat' dir='ltr'><strong>molti</strong></span> <span class='ocrx_word' id='word_1_209' title='bbox 493 2877 630 2940; x_wconf 74' lang='lat' dir='ltr'><strong>articoli</strong></span> <span class='ocrx_word' id='word_1_210' title='bbox 664 2877 729 2941; x_wconf 88' lang='lat' dir='ltr'><strong>che</strong></span> <span class='ocrx_word' id='word_1_211' title='bbox 763 2877 843 2940; x_wconf 83' lang='lat' dir='ltr'><strong>tutti</strong></span> <span class='ocrx_word' id='word_1_212' title='bbox 876 2898 994 2941; x_wconf 87' lang='lat' dir='ltr'><strong>vanno</strong></span> <span class='ocrx_word' id='word_1_213' title='bbox 1028 2879 1099 2942; x_wconf 82' lang='lat' dir='ltr'><strong>alla</strong></span> <span class='ocrx_word' id='word_1_214' title='bbox 1130 2878 1190 2941; x_wconf 85' lang='lat' dir='ltr'><strong>via</strong></span> <span class='ocrx_word' id='word_1_215' title='bbox 1213 2880 1418 2959; x_wconf 62' lang='lat' dir='ltr'><strong>lutheranis,</strong></span> <span class='ocrx_word' id='word_1_216' title='bbox 1454 2873 1515 2942; x_wconf 85' lang='lat' dir='ltr'><strong>alli</strong></span> 
     </span>
     <span class='ocr_line' id='line_1_24' title="bbox 235 2981 1516 3069; baseline 0 -20"><span class='ocrx_word' id='word_1_217' title='bbox 235 2988 330 3069; x_wconf 83' lang='lat' dir='ltr'><strong>quali</strong></span> <span class='ocrx_word' id='word_1_218' title='bbox 355 2986 427 3068; x_wconf 85' lang='lat' dir='ltr'><strong>egli</strong></span> <span class='ocrx_word' id='word_1_219' title='bbox 450 2988 496 3049; x_wconf 83' lang='lat' dir='ltr'><strong>he</strong></span> <span class='ocrx_word' id='word_1_220' title='bbox 520 2987 619 3048; x_wconf 86' lang='lat' dir='ltr'><strong>detto</strong></span> <span class='ocrx_word' id='word_1_221' title='bbox 635 3005 704 3048; x_wconf 90' lang='lat' dir='ltr'><strong>non</strong></span> <span class='ocrx_word' id='word_1_222' title='bbox 729 2993 854 3066; x_wconf 84' lang='lat' dir='ltr'><strong>potere</strong></span> <span class='ocrx_word' id='word_1_223' title='bbox 878 2987 967 3048; x_wconf 79' lang='lat' dir='ltr'><strong>hora</strong></span> <span class='ocrx_word' id='word_1_224' title='bbox 981 2981 1191 3069; x_wconf 82' lang='lat' dir='ltr'><strong>rispondere</strong></span> <span class='ocrx_word' id='word_1_225' title='bbox 1214 3005 1280 3067; x_wconf 90' lang='lat' dir='ltr'><strong>per</strong></span> <span class='ocrx_word' id='word_1_226' title='bbox 1296 3005 1415 3049; x_wconf 87' lang='lat' dir='ltr'><strong>essere</strong></span> <span class='ocrx_word' id='word_1_227' title='bbox 1432 3006 1516 3050; x_wconf 88' lang='lat' dir='ltr'><strong>cose</strong></span> 
     </span>
    </p>
   </div>
   <div class='ocr_carea' id='block_1_3' title="bbox 233 3089 1517 3602">
    <p class='ocr_par' dir='ltr' id='par_1_6' title="bbox 233 3089 1517 3602">
     <span class='ocr_line' id='line_1_25' title="bbox 234 3089 1517 3177; baseline -0.002 -20"><span class='ocrx_word' id='word_1_228' title='bbox 234 3096 279 3157; x_wconf 92' lang='lat' dir='ltr'><strong>de</strong></span> <span class='ocrx_word' id='word_1_229' title='bbox 303 3094 532 3177; x_wconf 83' lang='lat' dir='ltr'><strong>importenza,</strong></span> <span class='ocrx_word' id='word_1_230' title='bbox 557 3102 593 3155; x_wconf 87' lang='lat' dir='ltr'><strong>et</strong></span> <span class='ocrx_word' id='word_1_231' title='bbox 616 3090 690 3155; x_wconf 92' lang='lat' dir='ltr'><strong>cosi</strong></span> <span class='ocrx_word' id='word_1_232' title='bbox 712 3092 737 3154; x_wconf 93' lang='lat' dir='ltr'><strong>li</strong></span> <span class='ocrx_word' id='word_1_233' title='bbox 760 3093 807 3154; x_wconf 82' lang='lat' dir='ltr'><strong>ha</strong></span> <span class='ocrx_word' id='word_1_234' title='bbox 831 3092 968 3155; x_wconf 89' lang='lat' dir='ltr'><strong>rimessi</strong></span> <span class='ocrx_word' id='word_1_235' title='bbox 992 3105 1013 3155; x_wconf 80' lang='lat' dir='ltr'>a</span> <span class='ocrx_word' id='word_1_236' title='bbox 1036 3091 1093 3155; x_wconf 91' lang='lat' dir='ltr'><strong>un&#39;</strong></span> <span class='ocrx_word' id='word_1_237' title='bbox 1112 3089 1219 3164; x_wconf 78' lang='lat' dir='ltr'><strong>altra:</strong></span> <span class='ocrx_word' id='word_1_238' title='bbox 1243 3091 1279 3154; x_wconf 77' lang='lat' dir='ltr'><strong>la</strong></span> <span class='ocrx_word' id='word_1_239' title='bbox 1302 3091 1408 3174; x_wconf 82' lang='lat' dir='ltr'><strong>copia</strong></span> <span class='ocrx_word' id='word_1_240' title='bbox 1430 3094 1476 3156; x_wconf 88' lang='lat' dir='ltr'><strong>de</strong></span> <span class='ocrx_word' id='word_1_241' title='bbox 1492 3093 1517 3155; x_wconf 90' lang='lat' dir='ltr'><strong>li</strong></span> 
     </span>
     <span class='ocr_line' id='line_1_26' title="bbox 233 3197 1516 3282; baseline 0.001 -21"><span class='ocrx_word' id='word_1_242' title='bbox 233 3201 329 3282; x_wconf 83' lang='lat' dir='ltr'><strong>quali</strong></span> <span class='ocrx_word' id='word_1_243' title='bbox 353 3199 397 3263; x_wconf 89' lang='lat' dir='ltr'><strong>V.</strong></span> <span class='ocrx_word' id='word_1_244' title='bbox 422 3198 456 3262; x_wconf 89' lang='lat' dir='ltr'><strong>S.</strong></span> <span class='ocrx_word' id='word_1_245' title='bbox 487 3198 620 3262; x_wconf 69' lang='lat' dir='ltr'><strong>havere</strong></span> <span class='ocrx_word' id='word_1_246' title='bbox 653 3198 712 3280; x_wconf 90' lang='lat' dir='ltr'><strong>qui</strong></span> <span class='ocrx_word' id='word_1_247' title='bbox 742 3197 889 3281; x_wconf 80' lang='lat' dir='ltr'><strong>alligata</strong></span> <span class='ocrx_word' id='word_1_248' title='bbox 920 3209 956 3262; x_wconf 91' lang='lat' dir='ltr'><strong>et</strong></span> <span class='ocrx_word' id='word_1_249' title='bbox 979 3197 1092 3281; x_wconf 80' lang='lat' dir='ltr'><strong>perhd</strong></span> <span class='ocrx_word' id='word_1_250' title='bbox 1122 3197 1240 3262; x_wconf 90' lang='lat' dir='ltr'><strong>iudico</strong></span> <span class='ocrx_word' id='word_1_251' title='bbox 1271 3200 1338 3262; x_wconf 86' lang='lat' dir='ltr'><strong>che</strong></span> <span class='ocrx_word' id='word_1_252' title='bbox 1362 3202 1516 3263; x_wconf 85' lang='lat' dir='ltr'><strong>sarebbe</strong></span> 
     </span>
     <span class='ocr_line' id='line_1_27' title="bbox 234 3299 1515 3387; baseline 0.001 -20"><span class='ocrx_word' id='word_1_253' title='bbox 234 3310 353 3369; x_wconf 91' lang='lat' dir='ltr'><strong>buono</strong></span> <span class='ocrx_word' id='word_1_254' title='bbox 377 3308 466 3369; x_wconf 87' lang='lat' dir='ltr'><strong>hora</strong></span> <span class='ocrx_word' id='word_1_255' title='bbox 490 3308 659 3368; x_wconf 82' lang='lat' dir='ltr'><strong>mandare</strong></span> <span class='ocrx_word' id='word_1_256' title='bbox 683 3325 753 3368; x_wconf 92' lang='lat' dir='ltr'><strong>uno</strong></span> <span class='ocrx_word' id='word_1_257' title='bbox 778 3305 824 3368; x_wconf 91' lang='lat' dir='ltr'><strong>de</strong></span> <span class='ocrx_word' id='word_1_258' title='bbox 849 3303 957 3387; x_wconf 91' lang='lat' dir='ltr'><strong>quelli</strong></span> <span class='ocrx_word' id='word_1_259' title='bbox 980 3305 1112 3369; x_wconf 83' lang='lat' dir='ltr'><strong>fratelli</strong></span> <span class='ocrx_word' id='word_1_260' title='bbox 1135 3299 1173 3368; x_wconf 88' lang='lat' dir='ltr'><strong>dl</strong></span> <span class='ocrx_word' id='word_1_261' title='bbox 1190 3307 1308 3369; x_wconf 84' lang='lat' dir='ltr'><strong>Roma</strong></span> <span class='ocrx_word' id='word_1_262' title='bbox 1332 3305 1368 3367; x_wconf 89' lang='lat' dir='ltr'><strong>in</strong></span> <span class='ocrx_word' id='word_1_263' title='bbox 1392 3323 1462 3387; x_wconf 88' lang='lat' dir='ltr'><strong>qua</strong></span> <span class='ocrx_word' id='word_1_264' title='bbox 1487 3309 1515 3368; x_wconf 90' lang='lat' dir='ltr'><strong>sl</strong></span> 
     </span>
     <span class='ocr_line' id='line_1_28' title="bbox 234 3405 1517 3496; baseline -0.001 -19"><span class='ocrx_word' id='word_1_265' title='bbox 234 3434 300 3496; x_wconf 89' lang='lat' dir='ltr'><strong>per</strong></span> <span class='ocrx_word' id='word_1_266' title='bbox 322 3414 347 3476; x_wconf 90' lang='lat' dir='ltr'><strong>li</strong></span> <span class='ocrx_word' id='word_1_267' title='bbox 371 3412 574 3476; x_wconf 80' lang='lat' dir='ltr'><strong>andementi</strong></span> <span class='ocrx_word' id='word_1_268' title='bbox 599 3412 634 3475; x_wconf 92' lang='lat' dir='ltr'><strong>di</strong></span> <span class='ocrx_word' id='word_1_269' title='bbox 658 3413 781 3493; x_wconf 88' lang='lat' dir='ltr'><strong>costui,</strong></span> <span class='ocrx_word' id='word_1_270' title='bbox 807 3431 907 3475; x_wconf 87' lang='lat' dir='ltr'><strong>corne</strong></span> <span class='ocrx_word' id='word_1_271' title='bbox 931 3425 997 3495; x_wconf 82' lang='lat' dir='ltr'><strong>pet·</strong></span> <span class='ocrx_word' id='word_1_272' title='bbox 1020 3405 1129 3494; x_wconf 87' lang='lat' dir='ltr'><strong>quelli</strong></span> <span class='ocrx_word' id='word_1_273' title='bbox 1153 3415 1210 3475; x_wconf 91' lang='lat' dir='ltr'><strong>del</strong></span> <span class='ocrx_word' id='word_1_274' title='bbox 1236 3429 1326 3493; x_wconf 82' lang='lat' dir='ltr'><strong>gran</strong></span> <span class='ocrx_word' id='word_1_275' title='bbox 1350 3421 1517 3492; x_wconf 82' lang='lat' dir='ltr'><strong>maestro,</strong></span> 
     </span>
     <span class='ocr_line' id='line_1_29' title="bbox 234 3515 987 3602; baseline 0.001 -20"><span class='ocrx_word' id='word_1_276' title='bbox 234 3521 396 3602; x_wconf 84' lang='lat' dir='ltr'><strong>segondo</strong></span> <span class='ocrx_word' id='word_1_277' title='bbox 421 3521 486 3582; x_wconf 90' lang='lat' dir='ltr'><strong>che</strong></span> <span class='ocrx_word' id='word_1_278' title='bbox 511 3520 601 3582; x_wconf 84' lang='lat' dir='ltr'><strong>altre</strong></span> <span class='ocrx_word' id='word_1_279' title='bbox 626 3519 721 3582; x_wconf 91' lang='lat' dir='ltr'><strong>volte</strong></span> <span class='ocrx_word' id='word_1_280' title='bbox 745 3519 858 3601; x_wconf 75' lang='lat' dir='ltr'><strong>penso</strong></span> <span class='ocrx_word' id='word_1_281' title='bbox 882 3515 925 3583; x_wconf 88' lang='lat' dir='ltr'><strong>N.</strong></span> <span class='ocrx_word' id='word_1_282' title='bbox 951 3517 987 3584; x_wconf 88' lang='lat' dir='ltr'><strong>S.</strong></span> 
     </span>
    </p>
   </div>
   <div class='ocr_carea' id='block_1_4' title="bbox 324 3635 1044 3710">
    <p class='ocr_par' dir='ltr' id='par_1_7' title="bbox 324 3635 1044 3710">
     <span class='ocr_line' id='line_1_30' title="bbox 324 3635 1044 3710; baseline 0.007 -5"><span class='ocrx_word' id='word_1_283' title='bbox 324 3644 487 3707; x_wconf 78' lang='lat' dir='ltr'><strong>Viennae</strong></span> <span class='ocrx_word' id='word_1_284' title='bbox 511 3643 563 3706; x_wconf 92' lang='lat' dir='ltr'><strong>IV</strong></span> <span class='ocrx_word' id='word_1_285' title='bbox 587 3642 800 3707; x_wconf 87' lang='lat' dir='ltr'><strong>Novembris</strong></span> <span class='ocrx_word' id='word_1_286' title='bbox 825 3635 1044 3710; x_wconf 83' lang='lat' dir='ltr'><strong>MDXXIV.</strong></span> 
     </span>
    </p>
   </div>
   <div class='ocr_carea' id='block_1_5' title="bbox 767 3841 973 3853">
    <p class='ocr_par' dir='ltr' id='par_1_8' title="bbox 767 3841 973 3853">
     <span class='ocr_line' id='line_1_31' title="bbox 767 3841 973 3853; baseline -0.005 0"><span class='ocrx_word' id='word_1_287' title='bbox 767 3841 924 3853; x_wconf 54' lang='lat' dir='ltr'><strong>mesrl-VM</strong></span> <span class='ocrx_word' id='word_1_288' title='bbox 929 3841 973 3852; x_wconf 70' lang='grc' dir='ltr'><strong>»νυν</strong></span> 
     </span>
    </p>
   </div>
   <div class='ocr_carea' id='block_1_6' title="bbox 845 4071 917 4138">
    <p class='ocr_par' dir='ltr' id='par_1_9' title="bbox 845 4071 917 4138">
     <span class='ocr_line' id='line_1_32' title="bbox 845 4071 917 4138; baseline 0.056 -3"><span class='ocrx_word' id='word_1_289' title='bbox 845 4071 917 4138; x_wconf 81' lang='grc'><strong>178,</strong></span> 
     </span>
    </p>
   </div>
   <div class='ocr_carea' id='block_1_7' title="bbox 566 4186 1181 4401">
    <p class='ocr_par' dir='ltr' id='par_1_10' title="bbox 566 4186 1181 4401">
     <span class='ocr_line' id='line_1_33' title="bbox 566 4186 1181 4290; baseline -0.007 -19"><span class='ocrx_word' id='word_1_290' title='bbox 566 4190 732 4271; x_wconf 75' lang='lat' dir='ltr'><strong>Consules</strong></span> <span class='ocrx_word' id='word_1_291' title='bbox 760 4189 956 4290; x_wconf 84' lang='lat' dir='ltr'><strong>Prugeuses</strong></span> <span class='ocrx_word' id='word_1_292' title='bbox 984 4186 1181 4289; x_wconf 67' lang='lat' dir='ltr'><strong>campagis</strong></span> 
     </span>
     <span class='ocr_line' id='line_1_34' title="bbox 687 4326 1064 4401; baseline -0.011 -14"><span class='ocrx_word' id='word_1_293' title='bbox 687 4327 745 4401; x_wconf 72' lang='lat' dir='ltr'><strong>(ep.</strong></span> <span class='ocrx_word' id='word_1_294' title='bbox 764 4326 923 4400; x_wconf 61' lang='lat' dir='ltr'><strong>muium</strong></span> <span class='ocrx_word' id='word_1_295' title='bbox 941 4326 977 4384; x_wconf 86' lang='lat' dir='ltr'><strong>u</strong></span> <span class='ocrx_word' id='word_1_296' title='bbox 997 4326 1064 4398; x_wconf 79' lang='lat' dir='ltr'><strong>ur.)</strong></span> 
     </span>
    </p>
   </div>
   <div class='ocr_carea' id='block_1_8' title="bbox 706 4435 1050 4507">
    <p class='ocr_par' dir='ltr' id='par_1_11' title="bbox 706 4435 1050 4507">
     <span class='ocr_line' id='line_1_35' title="bbox 706 4435 1050 4507; baseline 0 -19"><span class='ocrx_word' id='word_1_297' title='bbox 706 4436 761 4507; x_wconf 84' lang='lat'>(10.</span> <span class='ocrx_word' id='word_1_298' title='bbox 780 4439 940 4488; x_wconf 79' lang='lat' dir='ltr'><strong>Novembris</strong></span> <span class='ocrx_word' id='word_1_299' title='bbox 964 4435 1050 4506; x_wconf 81' lang='lat'><strong>1524.)</strong></span> 
     </span>
    </p>
   </div>
   <div class='ocr_carea' id='block_1_9' title="bbox 237 4577 1521 4881">
    <p class='ocr_par' dir='ltr' id='par_1_12' title="bbox 237 4577 1521 4881">
     <span class='ocr_line' id='line_1_36' title="bbox 326 4577 1519 4663; baseline -0.001 -18"><span class='ocrx_word' id='word_1_300' title='bbox 326 4581 485 4645; x_wconf 86' lang='lat' dir='ltr'><strong>Salutem</strong></span> <span class='ocrx_word' id='word_1_301' title='bbox 520 4602 598 4644; x_wconf 90' lang='lat' dir='ltr'><strong>cum</strong></span> <span class='ocrx_word' id='word_1_302' title='bbox 634 4597 751 4645; x_wconf 87' lang='lat' dir='ltr'><strong>rerum</strong></span> <span class='ocrx_word' id='word_1_303' title='bbox 785 4580 940 4644; x_wconf 86' lang='lat' dir='ltr'><strong>omniurn</strong></span> <span class='ocrx_word' id='word_1_304' title='bbox 975 4579 1225 4663; x_wconf 81' lang='lat' dir='ltr'><strong>prosperitatis</strong></span> <span class='ocrx_word' id='word_1_305' title='bbox 1260 4577 1440 4643; x_wconf 84' lang='lat' dir='ltr'><strong>desiderio</strong></span> <span class='ocrx_word' id='word_1_306' title='bbox 1475 4601 1519 4644; x_wconf 81' lang='lat' dir='ltr'><strong>ec</strong></span> 
     </span>
     <span class='ocr_line' id='line_1_37' title="bbox 237 4681 1520 4768; baseline -0.003 -15"><span class='ocrx_word' id='word_1_307' title='bbox 237 4689 435 4754; x_wconf 86' lang='lat' dir='ltr'><strong>officiorum</strong></span> <span class='ocrx_word' id='word_1_308' title='bbox 459 4689 561 4752; x_wconf 87' lang='lat' dir='ltr'><strong>simul</strong></span> <span class='ocrx_word' id='word_1_309' title='bbox 586 4697 621 4751; x_wconf 92' lang='lat' dir='ltr'><strong>et</strong></span> <span class='ocrx_word' id='word_1_310' title='bbox 646 4687 896 4768; x_wconf 89' lang='lat' dir='ltr'><strong>obsequiorum</strong></span> <span class='ocrx_word' id='word_1_311' title='bbox 920 4696 1121 4751; x_wconf 86' lang='lat' dir='ltr'><strong>nostrorum</strong></span> <span class='ocrx_word' id='word_1_312' title='bbox 1142 4685 1357 4750; x_wconf 81' lang='lat' dir='ltr'><strong>sincerorum</strong></span> <span class='ocrx_word' id='word_1_313' title='bbox 1382 4681 1520 4749; x_wconf 83' lang='lat' dir='ltr'><strong>exhibi-</strong></span> 
     </span>
     <span class='ocr_line' id='line_1_38' title="bbox 237 4789 1521 4881; baseline -0.003 -20"><span class='ocrx_word' id='word_1_314' title='bbox 237 4799 334 4861; x_wconf 90' lang='lat' dir='ltr'><strong>tione</strong></span> <span class='ocrx_word' id='word_1_315' title='bbox 355 4815 496 4881; x_wconf 87' lang='lat' dir='ltr'><strong>semper</strong></span> <span class='ocrx_word' id='word_1_316' title='bbox 509 4808 674 4879; x_wconf 81' lang='lat' dir='ltr'><strong>prompta</strong></span> <span class='ocrx_word' id='word_1_317' title='bbox 689 4795 838 4858; x_wconf 86' lang='lat' dir='ltr'><strong>dicimus</strong></span> <span class='ocrx_word' id='word_1_318' title='bbox 860 4805 897 4858; x_wconf 87' lang='lat' dir='ltr'><strong>et</strong></span> <span class='ocrx_word' id='word_1_319' title='bbox 913 4793 1162 4877; x_wconf 83' lang='lat' dir='ltr'><strong>significamus.</strong></span> <span class='ocrx_word' id='word_1_320' title='bbox 1203 4789 1521 4858; x_wconf 86' lang='lat' dir='ltr'><strong>Reverendissime</strong></span> 
     </span>
    </p>
   </div>
   <div class='ocr_carea' id='block_1_10' title="bbox 0 0 1794 5732">
    <p class='ocr_par' dir='ltr' id='par_1_13' title="bbox 0 0 1794 5732">
     <span class='ocr_line' id='line_1_39' title="bbox 0 0 1794 5732; baseline 0 0"><span class='ocrx_word' id='word_1_321' title='bbox 0 0 1794 5732; x_wconf 95' lang='lat' dir='ltr'><strong> </strong></span> 
     </span>
    </p>
   </div>
  </div>
 </body>
</html>
