3559 5734
696 563 926 621 ΗΒΒΒΕἉ

171 709 288 770 avanti
324 709 531 772 exacerbati
560 719 685 773 contro
722 712 757 773 la
797 712 925 774 Chiesa
965 711 1001 772 di
1039 711 1159 773 Roma
1199 710 1453 792 congiungono

170 817 336 878 13031133
360 816 455 879 della
478 815 576 897 fede,
601 816 672 879 imo
696 819 731 881 la
756 838 1008 900 sommergono
1035 817 1070 879 in
1095 817 1120 879 li
1145 818 1222 879 loro
1248 816 1361 880 affetti
1385 817 1453 897 pri·

172 922 242 984 vati
266 933 303 985 et
326 922 460 987 invidie
484 925 551 987 che
581 925 701 988 hanno
735 934 858 988 contra
884 926 920 987 di
946 925 1081 987 Roma:
1128 924 1190 987 Ma
1221 926 1255 986 13
1285 926 1392 1007 plebe
1425 923 1454 985 si
1486 918 1491 929 ‘

171 1049 321 1112 correge
345 1029 432 1113 ogni
466 1032 500 1092 (11
531 1051 596 1112 per
629 1041 754 1113 queste
783 1032 955 1115 prediche
987 1040 1023 1094 et
1054 1031 1356 1094 abbrusciamenti
1388 1032 1455 1094 che

170 1137 199 1198 si
222 1136 332 1200 fanno
358 1146 394 1201 et
421 1138 481 1219 piu
508 1159 546 1201 se
572 1159 862 1221 correggeranno
887 1160 952 1221 per
977 1140 999 1200 l’
1013 1140 1168 1201 advento
1193 1147 1230 1201 et
1253 1148 1451 1221 quattrage-

169 1244 266 1307 sima.
309 1243 442 1308 Contro
473 1245 498 1307 li
531 1246 612 1308 altri
644 1267 750 1327 spero
782 1249 849 1310 che
879 1247 916 1309 111
950 1255 1075 1327 questa
1107 1246 1202 1308 dieta
1234 1247 1263 1308 si
1295 1245 1382 1308 dara
1413 1242 1453 1306 ri·

168 1351 286 1414 medio
312 1372 379 1414 con
405 1351 558 1415 l’adiuto
582 1353 618 1414 di
642 1353 711 1416 Dio
737 1362 772 1416 et
795 1356 831 1417 la
854 1352 965 1416 bonta
990 1353 1025 1414 di
1050 1351 1191 1416 Cesare.

258 1459 336 1522 Ben
362 1459 525 1541 supplico
550 1480 615 1540 per
639 1460 763 1523 l'amor
787 1460 822 1522 di
846 1460 927 1536 Dio,
953 1470 989 1522 et
1013 1458 1087 1523 cosi
1110 1459 1221 1522 fanno
1246 1459 1327 1522 tutti
1351 1458 1376 1521 li
1401 1478 1454 1520 or·

167 1566 329 1643 thodoxi,
363 1567 429 1629 che
459 1566 489 1628 si
513 1577 623 1629 metta
645 1566 716 1630 fine
741 1588 763 1630 a
786 1575 884 1629 tante
910 1587 1054 1630 reserve
1079 1577 1115 1630 et
1140 1567 1307 1649 dispense
1332 1576 1367 1628 et
1395 1567 1452 1627 de·

167 1673 348 1754 rogationi
382 1673 437 1736 de'
464 1674 671 1737 concordati
703 1675 738 1736 di
762 1674 983 1755 Alemagna,
1016 1672 1263 1756 compositioni
1298 1682 1333 1735 et
1365 1674 1455 1735 altre

166 1780 273 1843 simili
298 1781 451 1844 novelle.
499 1782 694 1845 Praeterea
719 1783 784 1844 che
810 1782 839 1843 si
864 1782 963 1844 metti
988 1781 1091 1844 freno
1116 1784 1162 1844 ad
1187 1780 1274 1844 certi
1309 1783 1375 1842 che
1406 1780 1452 1841 in-

166 1887 327 1950 triccano
369 1888 450 1949 tutti
489 1887 514 1950 11
552 1887 716 1951 beneficii
753 1890 798 1952 de
837 1888 1051 1970 Alemagna,
1093 1909 1163 1951 non
1197 1887 1354 1951 contenti
1388 1889 1454 1949 che

165 1995 351 2057 habbiano
375 1993 502 2056 infiniti
514 1994 690 2075 beneficii,
714 1997 847 2077 perche
863 1995 978 2077 questi
1003 1995 1128 2077 populi
1145 1994 1351 2058 nominatim
1373 2014 1452 2056 con·

166 2103 355 2183 giungono
392 2102 427 2163 la
457 2101 606 2164 materia
639 2102 674 2164 di
707 2103 837 2164 Lutero
871 2123 939 2165 con
973 2102 1085 2184 quest’
1118 2104 1208 2165 altre
1241 2122 1324 2164 cose
1356 2110 1392 2164 et
1423 2101 1454 2163 ci

166 2208 279 2271 fanno
312 2209 349 2271 di
381 2228 494 2290 grave
518 2210 637 2271 danno
670 2209 705 2270 in
738 2210 771 2272 el
802 2209 979 2291 principal
1004 2211 1070 2272 che
1103 2230 1279 2272 concerne
1308 2210 1342 2271 13
1372 2207 1455 2270 13113

166 2316 358 2396 catholica,
393 2315 439 2378 ne
470 2337 509 2378 se
541 2335 673 2378 curano
705 2317 741 2378 di
772 2316 919 2398 rinegar
943 2318 1012 2379 Dio
1044 2336 1109 2398 per
1140 2316 1196 2378 far
1224 2317 1395 2378 vendetta
1421 2315 1456 2375 di

165 2432 295 2503 questa
326 2424 534 2504 sopradette
559 2424 788 2503 enormitadi,
819 2425 852 2487 le
877 2425 972 2505 quali
997 2443 1129 2486 ancora
1152 2425 1219 2486 che
1244 2423 1351 2486 creda
1385 2442 1456 2484 non

165 2550 268 2592 esser
292 2535 320 2590 si
345 2529 474 2611 grandi
500 2551 600 2593 corne
623 2533 700 2593 loro
726 2532 758 2593 le
782 2529 909 2609 fanno,
935 2543 970 2593 et
995 2531 1028 2592 io
1054 2532 1099 2593 ad
1125 2532 1264 2593 oculum
1290 2550 1398 2611 saepe
1431 2530 1455 2591 11

166 2638 388 2717 (1311003110,
414 2638 604 2699 tuttavolta
619 2637 655 2699 in
673 2646 800 2718 questo
814 2639 964 2699 tumulto
989 2638 1018 2699 si
1043 2640 1134 2701 deve
1159 2637 1347 2701 removerli
1371 2636 1456 2720 ogni

166 2764 257 2806 ansa
282 2754 318 2806 et
343 2744 531 2806 occasione
558 2746 602 2807 de
627 2745 683 2807 131
707 2746 740 2808 13
764 2750 900 2826 paccie.

258 2850 377 2913 Credo
402 2852 467 2914 che
492 2856 580 2914 costi
606 2851 634 2914 si
659 2852 750 2935 sapii
775 2851 869 2915 assai
894 2855 938 2914 de
970 2852 992 2913 l'
1019 2871 1131 2933 opera
1156 2850 1191 2913 di
1216 2861 1343 2932 questo
1367 2851 1456 2913 Ario

166 2958 209 3019 dc
233 2956 423 3041 captivitate
447 2957 655 3043 babylonico,
689 2960 787 3040 cujus
820 2979 928 3041 supra
951 2958 1022 3022 feci
1046 2958 1277 3037 mentionem,
1315 2960 1348 3020 13
1373 2959 1455 3039 (11131

169 3084 236 3146 per
252 3074 384 3148 troppa
399 3085 463 3127 sua
478 3066 640 3128 tristezza
665 3076 700 3128 et
713 3066 948 3129 enormissina
972 3065 1119 3148 impieta
1135 3067 1243 3128 molto
1269 3064 1306 3126 13
1330 3066 1361 3126 31
1378 3085 1456 3145 1110-

167 3172 288 3252 posito
320 3184 461 3245 nostro;
495 3172 530 3234 io
555 3172 703 3235 l'harrei
728 3175 907 3253 mandata,
932 3195 988 3235 ma
1012 3173 1145 3254 perche
1178 3192 1233 3234 me
1263 3192 1307 3234 ne
1336 3172 1456 3234 adiuto

169 3279 275 3357 assai,
301 3281 335 3341 la
359 3290 522 3361 retengo.

261 3387 365 3449 Altre
399 3407 508 3468 opere
543 3387 579 3448 in
605 3387 782 3449 Alemano
815 3388 861 3449 ha
894 3388 1062 3449 mandato
1093 3385 1196 3475 111013
1230 3388 1262 3448 el
1291 3387 1456 3468 predetto

170 3493 311 3555 ribaldo
337 3505 461 3555 contra
485 3496 520 3556 13
535 3494 639 3556 Bulla
664 3504 699 3556 et
724 3513 796 3556 non
822 3513 861 3555 so
887 3496 952 3556 che
970 3496 1060 3556 altre
1076 3500 1212 3574 pacche,
1237 3494 1333 3574 quali
1347 3513 1456 3575 spero

169 3601 215 3660 de
241 3600 343 3662 brevi
368 3601 514 3662 mandar
539 3622 560 3662 3
583 3599 689 3663 111000
715 3612 750 3661 31
765 3599 905 3662 fiamma
921 3614 1051 3681 quante
1069 3600 1129 3681 11111
1152 3621 1196 3662 113
1212 3600 1317 3681 potro
1334 3603 1455 3663 haver.

261 3707 422 3769 Hutteno
446 3718 568 3789 satyro
593 3709 639 3769 ha
663 3706 753 3769 fatto
770 3727 817 3768 un
834 3715 1034 3769 commento
1054 3727 1162 3788 sopra
1178 3708 1213 3768 13
1229 3706 1333 3768 Β11113
1349 3706 1456 3787 1113110

172 3815 207 3875 (11
232 3813 422 3877 virulentia
447 3825 571 3876 contro
597 3813 639 3875 N.
665 3812 701 3876 S.
727 3814 814 3876 item
840 3823 982 3893 quattro
1008 3833 1028 3875 0
1054 3813 1105 3875 sei
1130 3813 1281 3896 epistole
1305 3815 1351 3874 ad
1372 3812 1454 3876 Cae-

171 3942 288 3984 sarem
312 3930 348 3983 et
371 3921 478 4004 alios,
502 3921 537 3984 111
562 3922 689 4002 quibus
714 3923 759 3983 de
783 3942 837 3984 me
862 3920 1018 4002 loquitur
1043 3921 1160 3984 multis
1184 3921 1219 3982 in
1244 3920 1348 4002 locis,
1378 3941 1455 4002 sup·

172 4049 296 4109 presso
327 4038 445 4091 tamen
476 4028 636 4108 nomine,
669 4038 810 4110 sumpta
843 4028 1032 4091 occasione
1057 4030 1115 4091 dal
1140 4031 1251 4091 breve
1276 4028 1398 4089 scritto
1422 4030 1457 4090 31

173 4134 385 4218 Mogontino
423 4137 483 4198 del
519 4136 623 4217 quale
659 4137 776 4197 hanne
812 4139 946 4197 havuto
987 4136 1091 4217 copia
1128 4134 1239 4197 inscio
1277 4134 1457 4197 Cardinali

173 4263 239 4324 per
269 4242 412 4323 meggio
446 4244 495 4323 (ut
519 4244 619 4324 puto)
651 4242 736 4305 delli
770 4244 898 4305 occulti
931 4242 1125 4305 Lutherani
1158 4243 1224 4304 che
1255 4262 1405 4304 serveno
1437 4264 1458 4304 a

174 4352 271 4412 detto
302 4350 443 4432 signer,
479 4350 524 4411 de
556 4352 622 4413 che
656 4370 725 4412 non
757 4349 862 4431 potrd
890 4348 946 4412 131
971 4352 1036 4412 che
1061 4369 1132 4411 non
1156 4369 1200 4411 ne
1226 4350 1306 4411 dica
1328 4349 1388 4430 piir
1413 4351 1456 4411 de

175 4477 244 4519 una
265 4458 402 4538 parola.

261 4564 320 4627 Ha
344 4565 429 4627 dato
453 4563 557 4626 fuora
580 4572 616 4626 et
640 4565 740 4626 detto
758 4563 917 4626 Hutteno
942 4583 1074 4625 ancora
1098 4564 1187 4626 certi
1211 4563 1292 4625 libri
1316 4563 1350 4625 in
1369 4564 1457 4626 rima

176 4681 210 4733 et
233 4672 269 4733 in
292 4691 401 4753 prosa
426 4671 677 4749 Alemanniea,
712 4672 836 4753 quales
860 4670 979 4732 statim
1003 4669 1139 4733 iudices
1164 4690 1209 4732 ex
1234 4670 1382 4733 Hutteni
1407 4670 1456 4733 01-

175 4775 278 4840 ficina
300 4777 488 4859 prodiisse.
534 4778 601 4840 Lui
626 4777 729 4858 equi
754 4798 927 4860 appresso
952 4778 999 4840 ad
1023 4798 1126 4840 meno
1152 4777 1186 4839 di
1203 4797 1274 4838 una
1291 4778 1457 4858 giornata

177 4883 209 4946 in
233 4905 279 4947 un
303 4886 453 4947 castello
478 4883 513 4947 di
537 4884 737 4947 Francesco
763 4883 1003 4967 Sichinghen,
1038 4885 1073 4946 in
1099 4878 1244 4968 specula
1273 4885 1307 4945 di
1339 4886 1457 4966 quello

205 5009 283 5062 Brun,
296 5011 442 5049 Documenta
451 5009 588 5051 Lutheranr.
1281 4991 1297 5043 3
