3559 5734
715 545 962 603 wilm&

199 698 293 778 apud
317 695 478 759 homines
502 694 711 775 gloriosum:
748 692 851 756 nobis
892 712 977 755 vero
1008 692 1058 782 ita
1082 700 1222 773 gratum
1247 700 1285 753 ut
1309 699 1479 771 quantum

200 802 380 867 devotioni
404 812 487 865 tuae
519 823 586 884 pro
610 822 653 864 eo
685 801 880 863 debeamus
910 801 989 861 loco
1023 807 1058 861 et
1089 807 1250 879 tempore
1281 797 1388 860 simus
1421 797 1478 858 de-

200 909 376 990 claraturi,
400 909 490 972 sicut
514 909 618 972 latius
643 919 760 971 tecum
783 907 896 970 nuntii
920 905 1032 969 nostri
1055 914 1177 968 nostro
1194 904 1335 968 nomine
1358 912 1479 985 agent,

199 1018 325 1101 quibus
362 1016 470 1080 fidem
504 1015 664 1080 habebis.
712 1015 844 1080 Datum
867 1013 1046 1080 Malianae
1083 1012 1141 1075 die
1177 1012 1239 1074 IV.
1271 1009 1358 1073 Maii
1397 1031 1476 1090 1521

200 1146 291 1189 anno
315 1145 421 1189 nono.
1439 1155 1442 1163 ·

815 1589 868 1654 88.

627 1705 711 1787 Leo
752 1706 794 1786 X.
835 1704 1051 1786 ludensi

654 1853 794 1921 maniat.
814 1854 904 1913 tem.
932 1854 962 1912 L.
981 1853 1033 1912 ΒΞ.)

600 1971 676 2040 (Cum
705 1973 800 2022 litteris
832 1986 870 2039 14.
897 1975 962 2024 Maii
994 1980 1081 2035 1521.)

290 2104 438 2165 Praeter
470 2119 597 2162 nomen
622 2098 760 2161 virtutis
785 2107 821 2161 et
844 2099 1040 2162 litterarum
1065 2120 1135 2180 quo
1161 2098 1372 2161 fraternitati
1397 2110 1478 2161 tuae

203 2209 269 2271 iam
293 2208 431 2291 pridem
457 2227 595 2270 eramus
620 2205 749 2286 affecti,
774 2227 853 2269 cum
876 2206 1158 2288 intelligeremus
1183 2215 1217 2269 te
1233 2205 1381 2288 egregia
1395 2226 1478 2287 qua-

203 2317 282 2378 dam
306 2314 440 2398 ingenii
466 2324 501 2376 et
525 2312 763 2376 doctrinarum
789 2313 894 2375 laude
918 2312 1064 2390 florere,
1089 2314 1227 2376 accedit
1251 2315 1385 2395 duplex
1409 2313 1477 2376 iam

202 2420 355 2483 officium
388 2431 424 2482 ut
449 2421 494 2483 de
518 2430 579 2482 tua
602 2418 636 2482 in
662 2440 831 2482 summum
856 2420 970 2482 Deum
996 2420 1141 2502 pietate,
1166 2419 1201 2482 in
1226 2440 1291 2482 nos
1314 2422 1477 2502 hancque

201 2525 369 2590 Sanctam
393 2525 524 2590 Sedem
549 2519 814 2589 observantiam
837 2525 995 2589 iudicare
1019 2527 1156 2608 liquido
1180 2526 1372 2608 possimus;
1397 2548 1478 2592 nam

201 2634 235 2695 in
270 2637 337 2697 hac
362 2636 443 2697 labe
475 2633 647 2716 pestifera
671 2654 762 2715 quae
787 2654 851 2716 per
873 2633 1091 2715 impietatem
1116 2642 1152 2695 et
1176 2635 1291 2696 scelus
1314 2633 1478 2697 lutheria-

201 2762 281 2804 num
305 2741 341 2804 in
366 2739 490 2824 gregis
525 2739 629 2803 nobis
652 2740 778 2804 crediti
802 2741 996 2823 perniciem
1034 2741 1139 2804 latius
1175 2744 1362 2822 manabat,
1398 2762 1476 2804 cum

200 2849 319 2911 talium
345 2848 500 2911 virorum
525 2846 639 2928 qualis
664 2868 702 2910 es
726 2859 763 2909 tu
787 2849 967 2929 praesidio
991 2848 1025 2910 in
1042 2846 1165 2929 primis
1181 2847 1382 2911 Christiana
1396 2868 1477 2929 ege·

200 2965 254 3017 ret
277 2954 497 3036 respublica,
527 2953 713 3036 suscepisti
745 2965 781 3017 tu
815 2975 940 3018 munus
964 2974 1035 3018 non
1060 2956 1172 3017 solum
1196 2954 1327 3037 agendi
1352 2966 1388 3018 et
1412 2975 1478 3037 pro

200 3061 375 3124 catholica
398 3061 468 3123 fide
493 3062 699 3143 laborandi,
734 3063 829 3144 quod
860 3062 924 3124 tibi
949 3061 1015 3124 fuit
1038 3082 1224 3125 commune
1248 3083 1324 3126 cum
1350 3062 1478 3142 multis,

200 3170 262 3232 sed
294 3168 401 3231 etiam
433 3178 557 3231 contra
588 3168 714 3250 impios
747 3169 975 3232 defendenda
1006 3179 1128 3232 vetere
1152 3168 1334 3252 religionis
1359 3172 1477 3233 obser·

199 3276 320 3338 vantia
344 3274 540 3356 scribendi,
571 3274 605 3338 in
638 3295 707 3357 quo
731 3275 961 3358 praecipuam
986 3285 1082 3339 certe
1106 3276 1245 3339 laudem
1271 3287 1306 3339 et
1330 3298 1351 3339 a
1374 3276 1478 3339 nobis

198 3382 284 3464 ipsis
306 3391 343 3446 et
360 3382 514 3444 omnium
539 3381 756 3445 eruditorum
779 3382 910 3445 iudicio
936 3403 974 3446 es
998 3392 1219 3464 consecutus,
1243 3403 1285 3445 ac
1310 3405 1374 3446 nos
1399 3405 1477 3446 cum

197 3490 294 3553 illam
331 3490 474 3572 quidem
509 3492 730 3571 praeclaram
765 3489 962 3552 orationem
1000 3499 1094 3553 tuam
1133 3490 1285 3554 libenter
1316 3491 1477 3573 legimus,
1557 3572 1559 3576 Ι

197 3606 269 3659 tum
294 3598 385 3659 haec
412 3596 602 3659 novissima
634 3596 824 3659 laetissime
855 3596 1056 3678 accepimus
1089 3606 1125 3660 te
1156 3608 1194 3660 ut
1217 3598 1362 3661 Martini
1396 3600 1476 3660 hae·

196 3703 298 3767 retici
321 3703 481 3784 pravitas
506 3712 543 3765 et
565 3702 715 3785 perfidia
738 3702 847 3766 totius
875 3702 1026 3766 concilio
1050 3703 1263 3767 Germaniae
1297 3706 1476 3768 damnare-

197 3819 264 3889 tur,
289 3810 391 3891 isque
415 3830 481 3891 pro
506 3809 687 3872 haeretico
711 3819 947 3892 reputaretur,
972 3810 1066 3873 omni
1091 3821 1151 3874 tua
1174 3832 1294 3895 opera,
1320 3810 1478 3893 consilio,

197 3917 332 3999 gratia,
358 3916 568 3980 auctoritate
602 3916 846 3997 contendisse,
877 3938 943 3999 pro
968 3939 1038 4000 quo
1063 3919 1284 3982 sanctissimo
1309 3939 1418 4002 opere
1443 3928 1478 3982 et

197 4026 322 4087 labore
355 4033 416 4086 tuo
441 4025 578 4104 agimus
612 4024 826 4087 fraternitati
862 4035 944 4089 tuae
978 4046 1126 4109 magnas
1154 4026 1297 4108 gratias,
1345 4025 1477 4089 Fecisti

198 4131 291 4194 enim
316 4132 413 4212 quod
438 4141 473 4194 te
498 4128 662 4213 dignum,
687 4135 782 4214 quod
807 4132 928 4196 virtuti
959 4144 1042 4197 tuae
1067 4145 1102 4197 et
1127 4133 1183 4196 isti
1208 4154 1313 4216 quam
1337 4134 1478 4196 obtines

198 4237 364 4319 dignitati
389 4251 684 4319 consentaneum,
720 4242 783 4303 sed
821 4240 915 4303 idem
946 4241 1025 4303 Deo
1059 4241 1341 4324 acceptissimum
1374 4242 1478 4305 nobis

197 4344 454 4426 gratissimum,
484 4345 542 4426 qui
575 4348 847 4429 hocnunquam
879 4368 926 4410 ex
959 4348 1075 4410 animo
1105 4357 1141 4410 et
1165 4347 1332 4411 memoria
1355 4358 1478 4411 nostra

198 4451 361 4515 amissuri
396 4471 524 4515 sumus.
571 4453 696 4535 Itaque
735 4463 770 4516 et
805 4463 927 4516 nostra
964 4454 1029 4516 tibi
1053 4463 1219 4536 prompta
1253 4456 1418 4518 voluntas
1442 4465 1477 4518 et

198 4558 402 4641 benignitas
425 4558 461 4620 in
491 4559 585 4622 omni
614 4560 800 4624 occasione
824 4560 944 4623 futura
969 4572 1022 4623 est
1046 4571 1182 4644 parata.
1230 4561 1349 4643 Nunc,
1379 4564 1474 4644 quod

197 4676 371 4747 superest,
394 4686 502 4747 quum
519 4675 557 4729 ut
580 4678 790 4731 exarescant
809 4667 875 4730 rivi
901 4687 1023 4730 omnes
1040 4688 1199 4730 errorum
1216 4668 1297 4732 fons
1321 4668 1399 4751 ipse
1416 4669 1475 4731 im·

198 4772 340 4853 pietatis
369 4771 512 4854 penitus
536 4774 756 4837 excidendus
787 4783 858 4855 est,
894 4775 1075 4837 hortamur
1099 4775 1356 4838 fraternitatem
1380 4785 1475 4839 tuam

197 4877 234 4945 in
261 4877 415 4946 Domino
450 4889 488 4946 ut
523 4901 626 4966 quarn
662 4881 829 4947 adhibuitv
857 4881 1024 4946 virtutem
1059 4904 1080 4944 a
1115 4881 1289 4967 principio
1325 4885 1475 4948 eandem
