3559 5734
799 597 1046 654 ς><3532ἱ>0

283 746 417 808 rebelle
442 747 512 807 alla
536 743 664 807 Chiesa
689 756 724 808 et
748 745 779 806 a’
809 746 884 808 suoi
918 746 1063 826 signori.
1118 745 1255 809 Tacerb
1290 747 1446 809 anchora
1478 750 1561 828 quel

283 854 349 915 che
374 852 403 914 si
427 852 444 914 ἐ
469 851 560 914 fatto
585 872 651 915 con
677 853 762 934 ogni
787 862 883 914 sorte
908 854 953 914 de
978 852 1085 915 officii
1110 861 1146 915 et
1176 854 1338 935 obsequii
1370 855 1426 916 col
1457 852 1562 917 serm

283 958 462 1041 principe,
491 960 557 1021 che
588 959 657 1020 Dio
686 979 725 1021 sa
754 979 792 1021 se
825 980 895 1021 non
930 959 961 1021 ci
994 959 1091 1022 fusse
1120 968 1212 1022 stato
1244 981 1344 1023 come
1368 963 1563 1023 sarebbero

282 1067 413 1129 andate
437 1067 470 1128 le
496 1086 589 1144 cose,
614 1076 650 1128 et
673 1066 734 1147 poi
758 1067 811 1127 eh’
832 1066 867 1128 io
897 1086 962 1128 son
987 1076 1079 1129 stato
1104 1068 1253 1129 absente
1287 1067 1315 1130 si
1348 1087 1395 1150 po
1432 1068 1563 1129 vedere

284 1175 404 1255 quello
430 1174 494 1235 che
526 1193 547 1235 o
579 1193 644 1254 per
676 1173 877 1236 necessario
909 1193 930 1235 o
964 1193 1030 1254 per
1058 1174 1148 1235 altro
1183 1172 1235 1235 sia
1263 1173 1323 1255 poi
1355 1173 1495 1256 seguito
1529 1184 1565 1234 et

282 1281 567 1343 massimamente
591 1300 636 1341 ne
661 1279 685 1341 li
709 1280 851 1342 aecordi
880 1301 946 1342 con
978 1280 1003 1341 li
1035 1279 1111 1342 suoi
1136 1281 1195 1341 del
1219 1280 1324 1342 conta
1349 1281 1408 1342 del
1430 1279 1564 1343 Tirolo

283 1386 417 1468 Questo
446 1391 522 1450 solo
548 1386 625 1449 diro
650 1390 715 1450 che
738 1407 804 1467 per
828 1408 926 1450 esser
950 1398 1094 1468 passato
1119 1387 1207 1450 varii
1232 1396 1268 1450 et
1291 1387 1394 1470 gravi
1416 1387 1565 1468 pericoli

283 1505 318 1556 et
341 1493 431 1556 fatto
456 1494 624 1575 passagio
649 1504 685 1556 et
709 1505 830 1556 stanza
854 1494 889 1555 in
914 1494 1037 1576 luoghi
1062 1497 1169 1557 molto
1195 1495 1364 1558 contrarii
1387 1496 1456 1557 alle
1480 1515 1565 1557 cose

283 1600 558 1681 ecclesiastiche,
583 1620 650 1681 pur
672 1600 708 1663 in
734 1601 898 1684 Augusta
923 1613 958 1664 et
979 1600 1225 1684 Nuremberga
1243 1603 1380 1667 sentine
1396 1603 1430 1664 di
1446 1604 1566 1683 quella

281 1707 370 1787 fece,
395 1705 446 1769 fui
470 1709 763 1770 honoratamente
792 1707 951 1770 ricevuto
976 1711 1041 1771 che
1073 1729 1138 1791 per
1172 1721 1263 1772 tutto
1295 1711 1341 1772 ho
1370 1709 1465 1771 visso
1497 1729 1564 1770 con

282 1814 508 1895 reputatione
533 1824 568 1876 et
591 1815 743 1886 honore;
769 1825 804 1876 et
820 1834 886 1895 per
901 1826 1107 1877 mantenere
1131 1816 1156 1878 il
1171 1818 1284 1898 grado
1309 1816 1378 1879 mio
1403 1827 1439 1878 et
1462 1816 1507 1878 de
1531 1816 1567 1877 la

283 1917 378 1983 Sede
402 1921 612 2002 Apostolica
637 1930 672 1982 et
696 1941 761 2002 per
782 1921 960 1984 rendermi
987 1923 1151 1985 benevoli
1179 1923 1288 2004 quelli
1305 1922 1458 2004 principi
1471 1923 1566 1985 oltra

284 2029 318 2090 le
342 2028 468 2109 larghe
493 2026 689 2109 provisioni
718 2030 784 2090 che
812 2029 859 2090 ho
890 2030 1023 2090 havuto
1055 2030 1101 2091 da
1132 2029 1174 2092 N.
1208 2027 1243 2093 S.
1277 2032 1312 2092 la
1342 2029 1412 2092 mia
1436 2031 1565 2092 debole

282 2138 389 2197 borsa
412 2136 459 2196 ha
483 2143 623 2196 sentuto
648 2137 782 2196 anehor
806 2155 875 2197 non
901 2155 993 2216 poco
1018 2135 1205 2198 incomodo
1231 2145 1266 2198 et
1291 2136 1427 2209 dann0;
1456 2156 1513 2198 ma
1531 2138 1565 2198 la

282 2241 604 2304 inconsideratione
629 2242 665 2302 di
690 2243 806 2323 quelle
832 2244 955 2323 parole
981 2262 1052 2305 non
1077 2242 1096 2303 ὸ
1120 2245 1192 2305 tale
1217 2246 1283 2305 che
1307 2243 1341 2305 io
1374 2244 1494 2305 debba
1529 2242 1563 2305 in

284 2359 407 2431 questa
431 2359 534 2430 parte
557 2350 667 2411 molto
692 2347 876 2412 dilatarmi.

372 2455 427 2518 Ne
450 2457 486 2518 la
510 2453 698 2517 elementia
723 2466 758 2516 et
781 2455 966 2536 benigniter
990 2455 1025 2517 di
1049 2455 1092 2519 N.
1118 2453 1154 2518 S.
1180 2475 1284 2537 spero
1305 2455 1370 2517 che
1385 2456 1563 2535 havendo,

284 2582 383 2625 come
408 2562 452 2626 V.
477 2559 513 2624 S.
538 2560 664 2638 scrive,
689 2561 778 2624 fatta
803 2563 837 2623 la
860 2572 963 2643 parte
999 2562 1085 2641 mia,
1116 2563 1151 2624 la
1180 2561 1258 2625 sara
1290 2572 1458 2624 contenta
1492 2583 1562 2624 non

283 2669 330 2732 mi
353 2689 507 2751 gravare
531 2668 590 2751 pio
616 2671 708 2731 oltra
731 2668 767 2730 in
792 2679 917 2750 questa
941 2669 1139 2751 legatione,
1168 2670 1203 2730 la
1227 2672 1331 2751 quale
1355 2669 1424 2731 mai
1447 2670 1563 2750 petrei

283 2797 348 2839 con
372 2779 491 2837 buono
516 2776 631 2838 animo
656 2785 835 2837 accettare
860 2775 1035 2837 stimando
1069 2778 1133 2837 che
1169 2774 1203 2837 S.
1238 2772 1377 2837 Santiti
1409 2796 1563 2838 conosca

284 2887 350 2947 che
375 2893 465 2945 tutta
490 2895 615 2965 questa
638 2883 794 2965 impresa
817 2883 969 2945 accettai
994 2884 1070 2944 solo
1094 2903 1160 2963 per
1184 2881 1389 2945 obedientia
1413 2893 1449 2944 et
1463 2902 1562 2944 reve-

219 2996 222 3001 '
286 2991 401 3053 rentia
438 2991 473 3052 di
505 2988 541 3053 S.
578 2990 656 3051 Bne
692 3000 727 3052 et
762 3011 800 3053 se
835 2990 879 3054 V.
912 2987 962 3051 Sia
1000 3000 1035 3052 et
1066 2992 1135 3053 ella
1159 3009 1345 3070 sapessero
1369 2989 1392 3052 li
1416 2989 1562 3071 pericoli

282 3097 393 3160 scorsi
417 3099 525 3160 molto
550 3097 579 3158 si
603 3096 975 3178 maravigliarebbono
1001 3099 1066 3159 che
1090 3117 1157 3178 pur
1181 3097 1205 3159 li
1228 3097 1390 3178 pensassi
1408 3117 1478 3157 non
1496 3098 1562 3157 che

283 3206 318 3266 di
346 3225 463 3266 nuovo
488 3203 511 3267 li
536 3204 699 3281 tornassi,
724 3204 855 3285 perche
881 3204 916 3265 in
941 3204 1081 3285 potesta
1097 3206 1151 3296 ⁸de
1177 3205 1262 3286 ogni
1286 3205 1416 3265 huomo
1441 3223 1502 3264 era
1526 3202 1559 3263 in

282 3311 382 3374 molti
406 3311 529 3391 luoghi
552 3309 655 3372 farmi
679 3309 832 3391 tagliare
856 3310 890 3372 in
916 3310 1014 3391 pezzi
1037 3331 1104 3373 con
1130 3310 1210 3372 tutti
1234 3310 1258 3371 li
1281 3309 1382 3381 miei,
1413 3309 1458 3371 ne
1481 3308 1562 3370 tutti

283 3420 309 3481 li
334 3418 487 3500 principi
511 3438 620 3480 erano
645 3416 836 3480 sufficienti
867 3438 887 3479 a
920 3417 1142 3479 diffendermi
1171 3427 1206 3479 et
1234 3417 1256 3479 il
1282 3419 1387 3478 modo
1412 3436 1473 3477 era
1497 3417 1563 3477 che

286 3527 485 3588 havesseno
517 3544 642 3587 acceso
677 3524 701 3586 il
732 3523 838 3588 fuoco
871 3525 953 3586 nell'
981 3523 1201 3587 habitatione
1226 3525 1295 3586 mia
1323 3536 1358 3586 et
1385 3533 1562 3604 prometto

282 3654 304 3695 a
318 3632 361 3694 V.
375 3629 412 3694 S.
429 3633 494 3694 che
510 3632 745 3712 quantumche
759 3634 793 3693 la
809 3640 908 3692 notte
926 3641 961 3692 et
978 3631 1012 3692 in
1031 3651 1114 3692 casa
1131 3643 1165 3692 et
1183 3630 1275 3694 fuori
1289 3631 1325 3692 di
1339 3651 1420 3693 casa
1434 3628 1561 3691 facessi

281 3739 358 3802 fare
382 3740 416 3801 le
440 3738 601 3820 guardie,
626 3757 714 3819 pure
731 3738 815 3819 ogni
831 3739 930 3799 volta
946 3740 1013 3800 che
1028 3740 1168 3800 andavo
1186 3739 1220 3800 al
1235 3739 1322 3800 letto
1338 3739 1385 3799 mi
1401 3756 1560 3817 segnavo

282 3845 638 3908 reccomandandomi
664 3867 685 3906 a
711 3845 777 3907 Dio
802 3845 856 3906 ch'
877 3845 911 3906 io
936 3866 1006 3907 non
1036 3865 1170 3926 sapevo
1202 3866 1239 3907 se
1272 3846 1307 3907 la
1338 3845 1484 3907 mattina
1514 3843 1560 3905 mi

281 3952 436 4015 troverei
458 3972 525 4033 per
547 3954 598 4012 tal
611 3972 705 4042 {caso
729 3951 812 4014 vivo
837 3961 873 4013 et
897 3971 936 4013 so
961 3953 1027 4013 che
1042 3953 1130 4013 hora
1147 3952 1182 4014 in
1199 3953 1365 4033 Augusta
1381 3971 1451 4013 non
1471 3970 1560 4013 sono

282 4060 434 4140 migliori
458 4062 523 4122 che
541 4060 570 4121 si
585 4059 683 4121 sieno
701 4059 783 4121 stati
799 4058 832 4119 in
847 4059 1096 4140 Nuremberga
1113 4069 1149 4120 et
1163 4059 1309 4139 altrove,
1328 4060 1371 4120 nd
1388 4078 1560 4139 appresso

282 4189 303 4229 a
327 4177 452 4248 questo
476 4166 635 4247 pericolo
661 4166 807 4227 contero
831 4165 929 4226 molti
954 4164 1033 4226 altri
1058 4164 1234 4246 maggiori
1258 4184 1323 4245 per
1343 4184 1413 4226 non
1439 4163 1563 4225 esserli

280 4274 428 4337 tedios0.
476 4273 546 4335 Per
570 4283 695 4354 questo
720 4272 881 4353 supplico
907 4274 976 4333 ben
1002 4270 1045 4336 V,
1070 4268 1107 4333 S.
1132 4284 1168 4334 et
1192 4293 1257 4334 con
1283 4281 1374 4334 tutto
1398 4272 1419 4333 l'
1436 4270 1560 4333 affetto

281 4382 339 4443 del
364 4401 426 4442 cor
449 4380 518 4442 mio
543 4383 578 4442 la
600 4399 715 4460 prego
740 4400 761 4441 a
786 4378 862 4442 fare
887 4379 1074 4441 intendere
1098 4401 1120 4441 a
1142 4379 1185 4442 N.
1211 4376 1246 4441 S.
1272 4380 1338 4442 che
1363 4399 1432 4442 non
1457 4378 1561 4459 pensi

281 4489 316 4549 di
340 4486 519 4569 gravarmi
542 4486 601 4567 pin
628 4486 664 4547 di
688 4497 788 4548 tanto
811 4506 909 4566 pes0.
958 4485 1032 4548 Che
1058 4487 1198 4567 quando
1227 4506 1295 4548 non
1329 4486 1375 4548 mi
1407 4485 1560 4548 trovassi

281 4593 403 4656 debito
427 4594 463 4654 di
491 4592 568 4653 XX
592 4592 674 4655 mila
699 4591 816 4654 ducati
842 4602 876 4653 et
902 4612 970 4653 non
996 4593 1138 4654 havessi
1160 4600 1251 4654 tutta
1275 4595 1309 4653 la
1326 4612 1461 4675 povera
1476 4613 1560 4654 casa

280 4713 315 4763 et
340 4700 501 4780 famiglia
530 4700 600 4761 mia
632 4720 671 4761 su
700 4700 734 4761 le
768 4701 900 4779 spalle,
936 4701 971 4760 la
1000 4700 1113 4761 salute
1149 4708 1184 4761 et
1208 4701 1309 4762 ruina
1337 4700 1381 4761 de
1405 4700 1439 4761 le
1463 4699 1560 4779 quali

279 4816 371 4869 tutta
394 4807 412 4867 ὲ
437 4817 541 4887 posta
565 4808 622 4866 nel
636 4815 728 4868 stato
745 4806 826 4886 mie,
851 4815 1067 4868 certamente
1091 4826 1157 4887 per
1181 4806 1325 4869 servitio
1341 4807 1386 4868 de
1403 4803 1438 4868 S.
1453 4803 1506 4866 8¹⁶
1523 4817 1560 4868 et

280 4915 325 4975 de
350 4915 384 4976 la
409 4910 521 4974 Santa
545 4911 640 4974 Sede
665 4913 698 4973 io
723 4933 793 4974 non
818 4912 966 4974 temerei
991 4912 1026 4974 di
1050 4933 1156 4995 porre
1181 4924 1305 4993 questa
1322 4933 1456 4994 povera
1480 4933 1557 4996 per-
