3559 5734
837 479 1199 577 eeaaeoo'

322 685 435 750 pocco
459 667 525 728 che
550 665 659 729 niuno
696 668 729 728 el
762 669 939 748 potrebbe
964 669 1106 746 crerier,
1142 689 1199 731 ma
1234 688 1300 750 per
1333 670 1367 731 el
1403 669 1522 730 danno
1557 667 1600 729 de

322 783 421 835 tante
444 792 579 853 povere
603 772 736 835 anime:
771 783 807 835 et
837 774 969 857 perche
993 774 1146 837 amando
1172 772 1245 837 Sua
1268 773 1405 837 Maesta
1434 775 1479 836 de
1503 793 1601 837 amor

322 880 530 960 Paternale,
555 880 579 942 li
604 881 700 959 dole,
726 883 792 943 che
840 902 861 944 a
889 882 913 944 li
947 882 1057 963 tempi
1081 883 1127 945 de
1152 884 1286 963 quella,
1320 880 1599 945 smembrandosi

321 987 379 1049 dal
404 1006 516 1068 grege
541 988 578 1050 di
601 987 671 1050 Dio
696 990 729 1051 la
753 988 875 1051 nation
901 988 1132 1070 Germanica,
1163 1010 1203 1053 se
1234 990 1445 1071 imputasse,
1473 1009 1499 1059 ,a
1529 986 1602 1052 Sua

320 1093 461 1157 Maesta
485 1097 550 1157 che
574 1115 640 1176 per
665 1095 800 1158 defetto
825 1097 870 1158 de
895 1096 1085 1179 prudentia
1114 1097 1304 1161 l'havesse
1332 1099 1464 1160 lassato
1489 1096 1600 1159 incor-

321 1221 378 1264 rer
402 1202 518 1283 questi
543 1200 667 1285 populi
692 1203 745 1265 soi
769 1204 901 1266 subditi
924 1204 961 1267 in
984 1214 1084 1267 tanto
1109 1224 1227 1286 error,
1256 1225 1278 1267 o
1306 1204 1403 1268 fusse
1426 1213 1521 1267 stata
1544 1222 1600 1266 ne·

321 1307 543 1389 gligente'in
567 1310 754 1372 retraherli
779 1313 824 1373 de
849 1319 947 1374 tanto
971 1313 1081 1374 male:
1107 1311 1245 1374 Perche
1268 1332 1340 1375 non
1365 1312 1383 1374 ὸ
1405 1312 1451 1373 de
1475 1311 1602 1373 credet

320 1417 387 1478 che
414 1414 487 1479 Sua
516 1416 656 1480 Maesta
683 1418 825 1481 manchi
855 1438 921 1500 per
953 1421 988 1481 la
1016 1418 1215 1500 piccolezza
1246 1421 1291 1481 de
1318 1418 1432 1499 forae,
1464 1427 1602 1480 attento

227 1583 231 1597 ,
321 1524 386 1585 che
411 1523 519 1586 niuno
549 1524 749 1605 Imperator
779 1525 824 1588 de
855 1523 1048 1589 Germania
1078 1526 1147 1588 mai
1181 1526 1222 1588 sii
1255 1535 1348 1588 stato
1377 1525 1406 1587 si
1439 1531 1602 1606 potente:

324 1630 354 1693 Il
379 1632 444 1692 che
469 1651 534 1712 par
558 1632 623 1694 che
647 1632 683 1694 la
710 1630 840 1694 Divina
864 1630 1091 1715 providentia
1120 1631 1216 1696 habii
1247 1631 1410 1695 ordinato
1443 1651 1465 1694 a
1492 1630 1606 1693 nostri

322 1737 447 1820 tempi,
471 1758 537 1819 per
561 1739 626 1801 dar
649 1738 807 1801 remedio
841 1759 862 1800 a
897 1739 1012 1820 questi
1047 1739 1177 1820 errori,
1208 1738 1243 1802 in
1273 1739 1297 1802 li
1328 1738 1425 1821 quali
1453 1739 1523 1801 Dio
1556 1739 1605 1801 ha

323 1865 505 1927 permesso
541 1866 612 1908 una
653 1857 756 1929 parte
792 1847 851 1910 del
886 1843 960 1909 Suo
996 1846 1135 1928 Populo
1170 1846 1330 1909 incorrer
1363 1865 1429 1928 per
1464 1845 1490 1909 li
1524 1846 1604 1908 loro

320 1953 470 2035 peccati.

410 2060 455 2123 Et
485 2082 551 2143 per
583 2061 705 2125 ultima
734 2063 961 2126 conclusione
991 2062 1081 2144 sapii
1111 2058 1184 2125 Sua
1207 2060 1347 2125 Maesta
1376 2063 1443 2124 che
1470 2059 1604 2123 Nostro

321 2165 476 2250 Signore
501 2169 609 2250 dopoi
632 2168 723 2231 satta
747 2169 832 2251 ogni
857 2169 1043 2251 diligentia
1068 2169 1133 2232 che
1157 2170 1265 2232 adse
1295 2168 1506 2250 appartiene
1536 2186 1606 2248 per

322 2295 392 2338 non
416 2270 535 2339 lassar>
554 2276 651 2358 perir
674 2286 800 2358 questa
823 2276 994 2356 Natione,
1028 2277 1057 2339 si
1089 2275 1200 2340 vedra
1231 2279 1297 2340 che
1329 2274 1483 2339 d'altrui
1507 2295 1603 2338 man·

321 2382 426 2445 chino
450 2383 475 2445 li
500 2383 612 2446 debiti
634 2385 793 2465 remedii,
818 2406 856 2448 se
880 2395 1082 2465 remettera‚
1107 2405 1128 2447 a
1152 2386 1186 2448 la
1210 2386 1356 2448 volunta
1380 2382 1425 2445 de
1448 2382 1536 2462 Dio,
1565 2391 1605 2445 et

320 2489 507 2552 attendere
531 2510 610 2554 cum
634 2492 669 2554 lo
694 2491 815 2554 adiuto
840 2492 876 2554 di
900 2492 1176 2575 Diogubernar
1209 2493 1241 2555 el
1274 2501 1370 2554 resto
1395 2491 1453 2553 del
1479 2488 1604 2572 Grege

320 2598 366 2660 ad
390 2616 429 2660 se
454 2618 667 2678 commess0‚
693 2608 729 2661 et
752 2619 834 2662 sara
858 2619 1004 2681 sempre,
1024 2619 1111 2662 vero
1136 2598 1327 2673 Pontifice;
1352 2607 1389 2661 et
1412 2596 1481 2659 iam
1505 2598 1604 2659 bona

320 2702 539 2767 conscientia
563 2726 632 2768 non
657 2717 762 2788 potra
791 2727 889 2770 esser
919 2727 957 2770 se
981 2727 1051 2770 non
1076 2705 1231 2787 grande:
1255 2705 1318 2767 Ma
1341 2705 1407 2768 che
1432 2701 1505 2766 Sua
1528 2703 1604 2766 Ma·

321 2810 397 2873 esta
425 2832 470 2875 ne
492 2812 579 2875 hara
603 2812 663 2895 piu
698 2835 720 2877 a
744 2815 892 2896 perdet,
924 2814 1184 2877 considerando
1213 2813 1305 2876 oltra
1336 2813 1369 2875 el
1401 2811 1518 2873 carico
1558 2811 1603 2874 de

320 2917 341 2979 l'
362 2918 479 2982 anima
509 2930 544 2983 et
568 2920 618 2983 dil
642 2923 776 3002 honor,
813 2923 919 2984 etiam
955 2924 989 2984 la
1025 2922 1161 2984 iactura
1196 2923 1263 2984 che
1297 2918 1376 2981 fara
1400 2920 1444 2981 de
1469 2918 1494 2981 li
1518 2918 1603 2981 beni

320 3027 522 3108 temporali,
561 3029 618 3092 del
652 3031 718 3092 che
752 3049 821 3093 non
854 3029 967 3092 solum
998 3026 1071 3092 Sua
1101 3028 1239 3092 Maesta
1270 3048 1327 3090 ma
1357 3046 1466 3089 ancor
1499 3026 1524 3088 li
1548 3026 1603 3088 soi

321 3130 528 3197 Successori
560 3144 595 3197 et
624 3139 655 3198 el
681 3155 817 3217 sangue
848 3155 912 3198 suo
937 3156 982 3199 ne
1007 3134 1113 3199 barra
1135 3133 1378 3214 incommodo,
1411 3134 1602 3213 deshonor,

324 3248 359 3302 et
382 3240 511 3322 dann0,
536 3262 606 3305 non
632 3244 708 3306 solo
733 3241 768 3305 in
792 3244 826 3306 le
851 3263 934 3306 cose
960 3245 1005 3306 de
1029 3241 1231 3322 Germania,
1255 3262 1313 3304 ma
1336 3242 1417 3320 (che
1433 3239 1505 3302 Dio
1530 3259 1601 3302 non

320 3346 355 3409 lo
378 3347 476 3430 volii)
500 3348 596 3412 forse
621 3357 730 3413 ancor
753 3370 798 3412 ne
822 3350 846 3411 li
871 3350 951 3412 altri
976 3349 1028 3412 soi
1052 3348 1155 3430 regni
1180 3358 1216 3411 et
1247 3347 1420 3426 Dominii‚
1445 3348 1513 3410 che
1536 3367 1603 3428 per

320 3453 420 3518 simel
450 3457 615 3538 exemplo
654 3477 692 3519 se
727 3459 952 3539 potrebbeno
985 3457 1189 3520 facilmente
1224 3457 1340 3536 levar,
1376 3456 1542 3517 vedendo
1578 3453 1604 3516 li

321 3561 433 3625 errori
458 3563 502 3626 de
534 3561 704 3627 Germani
739 3585 835 3628 esser
875 3562 1042 3647 perSua
1073 3563 1210 3627 Maesta
1244 3562 1414 3645 impuniti.
1462 3562 1602 3625 Perchd

320 3668 344 3730 li
376 3668 505 3751 Populi
542 3690 682 3753 sempre
714 3693 802 3735 sono
835 3672 954 3754 cupidi
991 3673 1036 3734 de
1067 3670 1249 3750 novitade,
1282 3679 1317 3732 et
1347 3668 1603 3751 specialmente

321 3773 532 3841 desiderano
557 3777 686 3844 levarsi
711 3780 770 3847 dal
795 3781 887 3846 collo
911 3779 936 3841 il
962 3777 1045 3864 iugo
1070 3779 1115 3845 de
1138 3779 1174 3843 la
1197 3775 1429 3841 subiectione.

858 3963 864 3971 ,
871 3957 896 3967 Λ·
901 3957 927 3970 -oev
951 3957 1032 3968 Μωνιη
1036 3959 1061 3969 u«

925 4130 999 4197 155.

623 4241 783 4323 Gleuens
810 4239 888 4321 vn.
919 4236 1113 4318 Arrhiduoi
1140 4235 1316 4319 Ausuiua

719 4390 841 4460 (mar.
858 4387 908 4446 n.
927 4402 999 4461 caps.
1018 4385 1081 4444 m.
1099 4385 1133 4444 ll.
1152 4384 1205 4454 1³.)

838 4508 893 4576 (11.
912 4508 978 4557 Maii
1001 4502 1087 4573 1524.)

411 4637 552 4700 Dilecta
575 4635 625 4698 fili
650 4646 718 4699 etc.
775 4635 831 4698 De
855 4644 916 4697 tuo
948 4630 1123 4716 prestanti
1157 4629 1275 4693 animo
1305 4628 1341 4691 in
1374 4627 1603 4691 christianam

323 4765 398 4808 rem
422 4756 457 4809 et
480 4744 598 4823 fidem,
622 4762 742 4806 amore
767 4762 855 4825 erga
878 4762 953 4821 nos²
977 4741 1013 4803 in
1038 4736 1207 4802 Sanctam
1223 4733 1353 4799 Sedem
1370 4734 1603 4816 apostolicam

323 4850 453 4934 officio,
479 4851 548 4920 iam
572 4849 737 4921 usitatum
762 4859 816 4912 est
839 4847 942 4911 nobis
967 4845 1099 4927 aliquid
1123 4841 1246 4908 audire
1265 4840 1442 4924 quotidie3
1468 4849 1505 4904 et
1521 4860 1602 4923 quo·
