3559 5734
700 565 946 629 *dimid-⁶

184 713 242 784 ille
267 716 424 802 peccatis
448 717 577 784 nostris
594 721 639 783 ad
655 718 873 783 iracundiam
896 729 1122 802 provocatus,
1147 715 1294 802 exigere
1318 735 1464 802 poenas,

184 848 317 909 suaque
342 829 533 891 severitate
557 849 621 910 per
644 828 783 891 Italiam
808 829 937 891 acriter
961 837 997 890 et
1021 825 1173 890 Galliam
1198 837 1234 890 et
1255 828 1463 909 Hispaniam

183 937 387 1016 excanduit,
411 956 503 1017 quae
527 934 734 1016 provinciae
758 936 864 1016 bell0,
888 934 998 1014 farne,
1032 934 1236 1015 pestilentia
1260 933 1463 1015 aliquandiu

183 1054 336 1106 vexatae
372 1054 408 1105 et
442 1044 635 1124 populatae
671 1042 828 1113 fuerunt;
873 1041 1098 1105 Germaniam
1142 1060 1226 1103 vero
1262 1041 1464 1103 haereticae

182 1150 351 1233 pravitati
379 1150 541 1232 permisit
568 1150 806 1214 lacerandam.
869 1148 941 1211 Sed
971 1169 1049 1212 cum
1074 1168 1252 1230 nunquam
1277 1148 1456 1210 oblivisca-

183 1269 239 1320 tur
274 1256 557 1334 misericordiae,
595 1276 673 1318 cum
708 1258 842 1318 habeat
873 1275 1014 1337 semper
1057 1257 1173 1317 oleum
1204 1255 1349 1337 pietatis
1380 1275 1465 1318 suae

184 1375 347 1446 paratum
372 1366 418 1425 ad
443 1363 652 1426 medicinam
677 1362 787 1424 nostri
812 1362 979 1442 vulneris,
1003 1363 1218 1443 praevidens
1232 1362 1368 1425 heresis
1388 1382 1464 1443 per-

183 1471 310 1534 niciem
335 1491 443 1551 supra
467 1469 584 1531 omnia
608 1470 701 1531 mala
725 1490 803 1531 esse
827 1469 1049 1550 graviorem,
1083 1468 1206 1531 habuit
1240 1479 1383 1550 gentem
1412 1491 1462 1532 se·

183 1580 327 1657 lectam,
367 1579 537 1659 populum
566 1576 788 1658 precipuum,
821 1577 1031 1639 catholicam
1065 1578 1264 1657 nationem,
1301 1577 1464 1640 civitates

183 1689 276 1748 bene
301 1697 467 1764 moratas,
492 1683 660 1765 egregios
686 1685 803 1760 duces,
827 1682 1039 1746 fortissimos
1064 1684 1256 1765 exercitus,
1288 1704 1377 1765 quos
1403 1685 1462 1746 Sa-

183 1795 312 1855 thanae
338 1792 479 1854 nimium
514 1790 686 1852 saevienti
719 1801 755 1852 et
790 1790 864 1853 eius
900 1791 1016 1872 impiis
1051 1790 1218 1853 ministris
1254 1802 1463 1871 opponeret.

184 1900 289 1981 Quod
313 1899 481 1961 iudicium
507 1897 573 1959 Dei
599 1896 851 1978 omnipotentis
881 1897 1014 1960 factum
1039 1918 1127 1979 erga
1150 1917 1215 1960 vos
1238 1906 1464 1979 vestramque

182 2019 376 2090 propterea
400 2006 549 2088 gloriam
574 2016 608 2067 et
632 2006 776 2086 pietatis
810 2007 949 2067 laudem
979 2005 1083 2067 vobis
1114 2017 1148 2066 et
1180 2003 1245 2066 toti
1278 2003 1392 2067 sederi
1422 2027 1462 2067 ac

183 2114 403 2197 colligationi
435 2125 576 2175 vestrae
612 2132 657 2174 ex
687 2122 762 2173 toto
796 2114 905 2174 corde
938 2122 1060 2175 nostro
1094 2126 1129 2173 et
1160 2132 1205 2175 ex
1240 2124 1316 2175 tota
1348 2113 1464 2175 anima

182 2223 415 2305 gratulamur,
448 2219 498 2281 ita
522 2218 639 2280 animo
663 2219 780 2302 parati
804 2240 892 2301 erga
916 2237 994 2298 vos,
1018 2220 1067 2280 ita
1092 2239 1212 2281 amore
1236 2220 1390 2298 incitati,
1426 2231 1464 2283 ut

182 2330 268 2392 nihil
293 2330 337 2391 sit
362 2328 456 2410 quod
479 2326 584 2389 vobis
608 2327 740 2388 debere
765 2346 829 2388 nos
854 2346 925 2388 non
949 2327 1139 2396 fateamur;
1172 2326 1199 2388 si
1232 2327 1325 2389 enirn
1349 2348 1462 2390 sacer-

183 2436 312 2498 dotalis
336 2434 493 2517 dignitas
517 2432 620 2495 nobis
645 2431 743 2494 cordi
768 2441 819 2494 est
845 2432 946 2494 sicuti
978 2452 1056 2495 esse
1080 2434 1198 2512 debet,
1229 2445 1267 2496 ut
1298 2455 1389 2516 quae
1418 2437 1463 2497 ad

184 2545 385 2625 exemplum
411 2539 616 2604 coelestium
633 2539 795 2602 ordinum
810 2539 972 2601 instituta
987 2559 1176 2602 maximum
1200 2541 1305 2603 affert
1322 2554 1357 2604 et
1372 2563 1461 2604 com·

182 2652 278 2715 muni
302 2651 397 2712 vitae
429 2656 673 2711 ornamentum
707 2657 742 2707 et
770 2646 815 2708 ad
845 2646 960 2707 Deum
990 2647 1177 2709 colendum
1208 2650 1462 2712 venerandum-

182 2780 252 2840 que
276 2759 532 2835 adiumentum,
562 2775 604 2816 ea
627 2773 693 2835 per
717 2773 781 2816 vos
804 2773 874 2815 non
900 2755 1012 2816 solum
1038 2753 1187 2817 defensa
1210 2776 1332 2818 verum
1358 2756 1462 2818 etiam

182 2867 345 2930 restituta
369 2875 439 2936 est;
466 2863 495 2925 si
524 2862 719 2924 animarum
752 2860 875 2924 salutis
899 2860 1129 2942 praecipuam
1154 2882 1273 2925 curam
1298 2864 1462 2944 gerimus,

182 2972 294 3036 veluti
317 2993 405 3054 quas
428 2970 512 3033 boni
536 2989 634 3032 more
658 2968 812 3050 pastoris
836 2970 942 3031 etiam
966 2968 1139 3050 sanguine
1156 2981 1191 3032 et
1208 2971 1335 3052 capitis
1351 2972 1462 3034 nostri

182 3079 341 3161 periculo
366 3077 472 3140 tutari
497 3078 669 3139 debemus
693 3094 759 3157 per
783 3086 938 3138 vestram
962 3076 1127 3138 virtutem
1152 3089 1277 3158 erepta
1292 3088 1328 3140 et
1342 3081 1464 3142 ablata
1496 3099 1498 3103 ·

183 3198 237 3249 est
260 3186 376 3268 impiis
399 3195 559 3267 potestas
576 3184 654 3245 illas
668 3183 864 3263 populandi
883 3193 917 3245 et
934 3183 1138 3246 dilaniandi.
1164 3181 1203 3245 Si
1222 3185 1298 3264 Dei,
1315 3186 1388 3247 vita
1404 3187 1461 3247 ho-

182 3314 305 3356 norem
318 3303 439 3356 nostra
453 3303 613 3355 tenemur
624 3292 758 3353 habere
771 3290 954 3370 cariorem,
967 3289 1181 3371 periclitanti
1195 3290 1244 3352 illi
1259 3303 1294 3354 et
1306 3312 1328 3354 a
1340 3291 1461 3356 furore

181 3400 341 3464 heretico
364 3401 573 3481 perturbato
599 3407 718 3459 vestra
741 3396 907 3459 subvenit
931 3396 1046 3477 pietas
1070 3407 1106 3458 et
1129 3397 1310 3479 fortitudo,
1335 3410 1374 3461 ut
1393 3421 1461 3463 orn·

182 3508 285 3571 nibus
309 3507 424 3570 causis
448 3517 569 3569 noster
593 3505 778 3568 devinctus
802 3525 902 3567 amor
925 3506 970 3566 ad
994 3525 1162 3567 summam
1187 3505 1462 3570 benivolentiam

184 3626 220 3678 et
248 3615 293 3677 ad
326 3635 465 3676 omnem
508 3612 611 3674 vobis
649 3611 799 3691 gratiam
837 3612 1039 3673 habendam
1077 3621 1252 3692 perpetuo
1289 3621 1462 3679 teneatur.

183 3721 421 3803 Quamobrem
446 3719 549 3782 vobis
572 3717 788 3781 affirmamus
813 3738 990 3799 nunquam
1016 3738 1081 3780 nos
1104 3718 1208 3782 huius
1239 3720 1348 3782 vestri
1378 3720 1463 3783 facti

184 3829 303 3891 eximii
327 3839 434 3910 atque
458 3826 666 3889 immortalis
689 3825 893 3888 memoriam
918 3824 1160 3908 depositurOS,
1194 3846 1371 3907 nunquam
1405 3849 1461 3890 ve·

183 3948 291 3999 stram
320 3937 460 3998 laudem
490 3943 526 3996 et
559 3932 725 3995 virtutem
762 3932 945 4005 tacituros;
982 3935 1077 4015 quod
1108 3934 1138 3995 si
1172 3934 1257 4014 quid
1289 3936 1334 3996 ad
1367 3936 1461 3998 illam

183 4044 296 4124 ipsam
320 4043 485 4105 virtutem
509 4053 663 4103 vestram
688 4042 882 4103 ornandam
907 4052 1016 4121 atque
1039 4040 1284 4104 illustrandam
1304 4041 1381 4105 fieri
1398 4063 1462 4125 per

184 4172 249 4214 nos
273 4162 403 4233 potest,
428 4149 564 4231 siquid
590 4146 694 4211 Sedis
719 4145 873 4211 Sanctae
898 4146 1131 4229 Apostolicae
1156 4169 1283 4211 nomen
1309 4149 1461 4212 studium

184 4257 374 4321 auctoritas
398 4260 443 4319 ad
468 4256 677 4334 dignitatem
708 4265 743 4316 et
774 4256 995 4317 commodum
1027 4265 1183 4317 vestrum
1216 4255 1379 4318 conferre
1408 4267 1463 4319 est

184 4377 278 4448 apta,
320 4367 482 4427 volumus
518 4384 582 4425 vos
624 4362 827 4425 existimare
866 4382 1003 4424 omnem
1039 4372 1195 4424 nostram
1232 4364 1462 4444 voluntatem,

185 4494 323 4536 omnem
347 4470 604 4551 benignitatem
629 4467 730 4530 vobis
754 4467 832 4530 fore
856 4488 998 4548 semper
1022 4478 1058 4530 et
1080 4468 1274 4531 honoribus
1306 4470 1460 4533 utilitati-

184 4584 320 4662 busque
347 4578 473 4641 vestris
497 4587 698 4660 promptam
729 4585 764 4638 et
794 4586 972 4657 paratam:
1012 4575 1222 4638 devotiones
1255 4585 1392 4639 vestras
1425 4577 1458 4640 in

185 4687 327 4750 domino
351 4688 551 4763 hortantes,
576 4694 614 4745 ut
639 4702 730 4763 quae
754 4683 846 4745 bene
870 4703 891 4743 a
915 4681 1018 4744 vobis
1042 4692 1147 4762 cepta
1171 4693 1252 4744 sunt
1276 4684 1322 4745 ad
1346 4694 1460 4747 extre·

186 4815 276 4857 mum
302 4794 479 4855 deducere
504 4804 539 4853 et
562 4789 703 4852 firmare
727 4787 913 4861 studeatis,
938 4788 1281 4869 prestantissimique
1306 4791 1459 4853 omnium

186 4923 275 4986 quae
299 4900 417 4963 multis
440 4898 507 4961 iam
533 4897 661 4960 seculis
685 4906 788 4978 gesta
812 4907 893 4958 sunt
912 4894 1008 4973 facti,
1032 4896 1231 4957 absolutam
1252 4896 1459 4977 perfectam-
