3559 5734
264 941 268 947 .
778 890 793 952 l
845 939 852 953 -
1315 938 1320 943 ·

370 1004 619 1086 lerdinundus
648 1006 751 1087 Aroh.
781 890 949 1085 iimina
977 1004 1148 1085 Clementi
1176 1003 1254 1085 VII.

600 1152 751 1226 (spurcus
768 1153 936 1226 Principum
954 1151 975 1211 1.
994 1151 1029 1224 7.)

647 1269 700 1341 (17.
720 1273 876 1323 Decembris
899 1278 985 1336 1523.)

265 1415 431 1479 Commisi
457 1414 567 1478 nobili
590 1413 687 1477 fideli
711 1414 813 1478 nobis
837 1414 967 1478 dilecto
991 1417 1073 1478 Don
1094 1416 1202 1478 Petro
1226 1416 1271 1476 de
1289 1413 1456 1477 Corduba

176 1521 302 1586 Comiti
325 1522 464 1604 Caprae
488 1520 587 1583 militi
612 1521 745 1584 ordinis
769 1522 881 1584 sancti
897 1521 1023 1601 Jacobi
1048 1520 1249 1585 consiliario
1273 1530 1395 1583 nostro
1420 1528 1455 1581 et

175 1650 340 1711 supremo
365 1629 551 1710 scutifero,
584 1639 623 1691 ut
645 1638 727 1711 post
749 1631 1025 1711 gratulationem
1049 1630 1191 1693 nomine
1214 1649 1294 1691 meo
1325 1626 1454 1689 factam

176 1747 211 1799 et
234 1736 494 1820 paratissimam
526 1735 778 1817 obsequiorum
802 1757 959 1800 meorum
988 1746 1154 1818 tanquam
1178 1731 1454 1798 obedientissimi

174 1843 236 1906 filii
260 1843 313 1907 sui
338 1843 611 1923 exhibitionem,
644 1845 814 1906 nonnulla
833 1843 886 1933 'Sil
913 1853 1055 1906 vestrae
1079 1844 1237 1906 declaret
1260 1862 1351 1924 quae
1376 1861 1454 1903 con-

176 1960 323 2014 cernunt
353 1950 584 2014 necessitates
608 1970 705 2013 meas
736 1960 772 2012 et
796 1952 925 2013 damna
948 1972 1096 2032 quorum
1127 1958 1265 2032 partem
1289 1950 1358 2011 iam
1390 1968 1455 2030 per

177 2057 334 2140 perfidos
365 2060 487 2121 hostes
511 2058 646 2120 Turcos
669 2056 810 2138 accepi,
837 2066 872 2120 et
896 2068 995 2121 certa
1019 2058 1123 2120 etiam
1147 2055 1281 2120 maiora
1312 2065 1455 2118 manent

175 2186 244 2228 non
269 2166 382 2227 solum
406 2165 452 2226 ab
477 2161 538 2241 eis,
563 2164 626 2225 sed
652 2163 757 2226 etiam
782 2164 985 2227 domesticis
1009 2164 1159 2227 inimicis
1183 2162 1241 2246 qui
1261 2161 1455 2226 Daemonis

174 2272 339 2335 instinctu
356 2270 611 2351 Evangelicam
632 2271 841 2334 charitatem
858 2280 1112 2354 praetexentes
1135 2271 1188 2333 ira
1204 2271 1297 2333 intus
1321 2279 1356 2332 et
1371 2268 1454 2331 odio

174 2378 354 2457 stimulati,
379 2397 529 2459 gregem
554 2376 684 2440 Christi
708 2378 743 2440 in
768 2379 834 2441 hac
859 2377 1004 2442 natione
1035 2399 1128 2442 nova
1153 2378 1316 2441 doctrina
1346 2375 1453 2438 imbu-

175 2497 254 2565 unt,
290 2484 500 2549 sanctissimi
525 2483 708 2547 Pontificis
743 2505 870 2548 nomen
905 2485 1177 2567 proscindentes
1213 2493 1247 2547 et
1281 2492 1455 2566 quotquot

174 2597 309 2675 absque
330 2592 470 2655 delectu
491 2592 597 2654 etiam
618 2593 677 2674 qui
697 2595 744 2655 ab
759 2593 1011 2656 ecclesiasticis
1026 2593 1150 2657 ritibus
1171 2601 1206 2655 et
1225 2589 1454 2655 sacramentis

174 2702 287 2764 adhuc
312 2712 407 2763 stant
431 2698 741 2782 nihilipendentes.
788 2701 983 2765 Praeterea
997 2713 1115 2764 certas
1138 2698 1223 2763 mihi
1245 2696 1360 2762 factas
1374 2715 1453 2778 gra-

174 2808 240 2881 tias
272 2817 309 2871 et
331 2817 499 2890 paternas
523 2808 660 2870 abista
684 2805 779 2871 Sede
803 2808 1028 2889 provisiones
1061 2817 1235 2890 exponet,
1271 2825 1360 2888 quas
1382 2824 1453 2867 non

173 2918 284 2979 solum
316 2936 337 2977 a
361 2914 588 2978 Beatitudine
611 2923 731 2978 vestra
754 2924 851 2977 ratas
875 2925 912 2978 et
935 2924 1074 2997 gratas,
1109 2934 1233 2977 verum
1260 2912 1385 2993 etiam,
1415 2920 1454 2974 ut

175 3034 227 3086 est
250 3020 582 3103 beneficentissima,
606 3022 798 3102 ampliores
818 3022 1139 3103 locupletioresque
1155 3018 1374 3102 speraverim
1397 3039 1453 3081 me

174 3131 459 3213 impetraturum,
494 3128 648 3192 maxime
676 3129 771 3210 quod
803 3148 873 3211 ego
905 3129 981 3192 dies
1011 3138 1204 3210 noctesque
1236 3125 1388 3190 meditor
1417 3133 1454 3192 et

174 3235 328 3319 cogitem
352 3236 396 3298 de
420 3236 534 3299 modis
558 3236 686 3318 quibus
709 3237 882 3299 adversus
898 3236 1053 3299 Turcum
1076 3234 1214 3298 hostem
1232 3252 1453 3296 communem

174 3343 387 3407 christianae
410 3342 493 3407 fidei
506 3352 553 3415 et
576 3351 772 3407 sectatores
796 3342 899 3407 nimis
923 3345 995 3406 alte
1014 3343 1186 3407 iactorum
1203 3339 1358 3405 zizaniae
1374 3358 1451 3421 ger·

173 3451 303 3515 minum
334 3471 390 3514 me
414 3449 569 3514 obiicere
601 3450 750 3532 possim,
785 3450 875 3514 sicut
899 3450 1003 3514 latius
1036 3472 1083 3514 ex
1114 3449 1279 3531 praefato
1309 3456 1451 3510 oratore

174 3579 250 3622 meo
274 3557 497 3621 haecomnia
519 3567 555 3621 et
570 3578 661 3639 quae
679 3578 726 3620 ex
742 3557 810 3620 illis
825 3559 1041 3642 dependent,
1065 3557 1252 3639 intelliget.
1299 3555 1452 3636 Rogans

175 3666 273 3730 omni·
290 3663 389 3727 filiali
413 3664 529 3728 studio
553 3674 738 3746 paternam
763 3664 985 3728 clementiam
1009 3675 1164 3728 vestram
1188 3672 1321 3727 utnon
1346 3662 1451 3724 modo

175 3773 241 3856 ipsi
264 3771 435 3836 referenti
459 3791 562 3835 aures
586 3792 667 3835 suas
690 3775 844 3854 prebere
868 3772 969 3853 velit,
994 3774 1057 3835 sed
1082 3771 1187 3836 etiam
1212 3769 1325 3851 cordi,
1351 3777 1385 3831 et
1409 3789 1453 3831 ea

174 3879 244 3943 fide
271 3879 459 3962 percipere
488 3887 527 3942 ut
556 3878 634 3961 ipse
657 3879 808 3943 sentiam
831 3889 867 3943 et
890 3900 995 3962 opem
1027 3888 1063 3941 et
1092 3876 1371 3943 consolationem
1394 3875 1453 3937 13¹⁸

177 3987 282 4051 Vrac.
329 3986 420 4050 Nam
444 4006 487 4048 eo
511 4006 568 4049 res
591 3985 697 4049 rediit
727 3996 766 4049 ut
789 3986 875 4049 meis
899 3986 1033 4049 viribus
1056 3987 1165 4066 longe
1189 3985 1302 4066 impar
1326 3983 1390 4045 sim
1415 3992 1452 4046 ut

176 4096 232 4157 vel
255 4093 359 4157 alteri
383 4092 535 4156 hostium
559 4114 614 4155 me
639 4113 828 4174 opponam.
875 4093 921 4155 Et
944 4102 1063 4156 tamen
1087 4092 1258 4167 decimus,
1283 4090 1452 4175 utqaiunt‚

176 4211 323 4265 conatus
346 4200 538 4263 tentandus
562 4209 635 4279 est,
660 4220 764 4281 quem
787 4200 897 4263 alacri
921 4199 1052 4263 affectu
1075 4199 1325 4280 intrepidoque
1345 4205 1381 4260 et
1403 4197 1451 4260 in-

175 4307 288 4371 fracto
313 4306 430 4370 animo
454 4306 531 4388 ipse
556 4327 624 4389 ego
647 4306 813 4389 experiar
837 4310 920 4370 dum
944 4307 1027 4370 mihi
1043 4307 1137 4370 vires
1161 4306 1305 4370 aliunde
1325 4324 1451 4386 suppe-

175 4415 308 4478 ditatae
332 4413 473 4495 fuerint,
497 4433 595 4495 quaS,
619 4423 659 4476 ut
682 4412 902 4477 confidenter
925 4415 1078 4496 requir0‚
1103 4414 1153 4477 ita
1172 4421 1321 4495 propter
1337 4431 1451 4475 comu-

176 4543 254 4586 nem
278 4521 544 4601 necessitatem,
574 4541 689 4603 neque
714 4519 806 4584 enim
831 4522 897 4584 soli
920 4522 1004 4585 mihi
1029 4543 1143 4585 seram
1168 4530 1203 4584 et
1227 4529 1372 4598 metam,
1397 4538 1452 4581 me

175 4650 280 4711 spero
304 4636 566 4713 reportaturum
590 4650 611 4691 a
634 4627 862 4691 Beatitudine
883 4628 1025 4692 Vestra.
1071 4629 1112 4690 In
1136 4648 1206 4709 qua
1229 4625 1313 4690 mihi
1336 4626 1452 4689 adhuc

175 4756 245 4799 una
276 4734 400 4799 salutis
430 4755 513 4817 spes
543 4742 680 4815 manet,
716 4734 814 4797 cuius
852 4734 982 4798 effectu
1019 4746 1057 4796 ut
1089 4733 1314 4815 dignissimus
1344 4731 1454 4795 faciat

176 4842 346 4924 Christus,
370 4840 448 4907 sine.
469 4839 568 4904 cuius
591 4839 714 4904 favore
735 4840 906 4923 quidquid
931 4843 1098 4906 mortales
1121 4849 1241 4926 agunt,
1266 4840 1382 4904 fumus
1399 4848 1454 4904 est
