3559 5734
688 534 936 602 marre*

169 689 390 775 principibus
417 710 483 773 pro
506 689 599 755 virili
622 712 702 756 mea
725 712 860 756 summo
885 692 1002 756 studio
1027 697 1205 777 conabor,
1240 702 1279 757 ut
1309 689 1453 760 tandem

169 800 236 861 hec
259 799 337 861 lues
354 807 431 862 toto
453 800 608 880 pellatur
624 801 669 862 ab
685 801 784 864 orbe.
822 797 1012 865 Coeterum
1026 801 1155 865 adhoc
1172 802 1354 885 negotium
1369 802 1454 868 Cae·

169 903 259 967 saris
282 914 319 968 et
334 903 517 969 Catholice
533 904 731 986 Maiestatis
754 906 947 971 auotoritas
970 910 1230 990 propemodum
1251 911 1455 974 necessaria

167 1020 239 1092 est,
276 1031 382 1093 quam
406 1009 583 1075 Sanctitas
607 1011 739 1075 Vestra
770 1014 895 1076 sedulo
928 1034 1074 1078 monere
1105 1016 1240 1079 hortari
1269 1017 1454 1100 impellere

167 1119 396 1200 animareque
420 1117 466 1182 ad
490 1120 581 1182 hanc
605 1127 678 1182 tam
702 1131 862 1184 sanctam
886 1142 961 1184 rem
985 1142 1056 1184 non
1081 1123 1246 1203 desistat,
1278 1133 1317 1186 ut
1340 1124 1453 1207 Impe-

167 1225 303 1289 ratorio
327 1245 473 1289 munere
505 1226 542 1288 in
568 1225 754 1289 turbandis
787 1227 1103 1311 opprimendisque
1132 1229 1328 1293 novitatum
1356 1243 1453 1297 auto·

167 1332 269 1395 ribus
300 1332 492 1414 defungat,
524 1331 584 1413 qui
608 1353 664 1396 me
688 1332 756 1395 sibi
780 1334 1001 1415 potissimum
1025 1355 1171 1418 scopum
1195 1338 1329 1400 habent
1353 1359 1454 1403 exer·

167 1441 284 1502 cende
308 1438 453 1519 malitie,
476 1458 548 1502 non
573 1438 715 1502 aliunde
739 1438 873 1503 inducti
900 1461 1004 1523 quam
1030 1440 1163 1505 invidia
1187 1443 1453 1528 cupiditateque

166 1546 325 1609 habendi
349 1566 393 1609 ea
415 1564 484 1628 que
504 1544 808 1629 Arohiepiscopus
827 1546 1152 1631 Magdeburgensis
1175 1550 1356 1632 posside0,
1384 1572 1455 1634 qua

168 1651 303 1717 diocesi
326 1651 396 1716 illis
412 1650 562 1716 vicinior
577 1673 669 1726 sum;
694 1671 843 1735 quorum
859 1663 898 1717 ut
918 1653 1100 1736 improbos
1121 1664 1270 1720 conatus
1286 1659 1454 1739 prudenti

166 1759 315 1824 oonsilio
358 1757 539 1823 vincerem
574 1759 829 1823 Reverendum
866 1780 910 1823 ac
952 1760 1229 1825 illustrissimum
1264 1764 1453 1829 Dominum

166 1868 342 1948 Joannem
358 1867 547 1931 Albertum
565 1866 768 1931 Patruelem
783 1887 901 1931 meum
918 1867 955 1930 in
975 1867 1218 1932 coadiutorem
1241 1868 1276 1932 in
1295 1869 1455 1935 Ecclesia

166 1975 473 2058 Magdeburgensi
512 1975 687 2057 assumpsi
726 1996 771 2039 ne
804 1978 870 2038 sub
903 1975 1026 2038 mortis
1061 1995 1139 2038 mee
1171 1985 1311 2059 tempus
1345 1979 1454 2062 (quod

167 2083 273 2147 avide
297 2082 505 2164 expectant)
528 2080 733 2144 invadende
757 2083 1038 2164 occupandeque
1061 2082 1224 2146 Diocesis
1239 2084 1454 2166 Magdebur-

167 2189 290 2273 gensis
305 2189 446 2263 occasio
463 2187 551 2270 ipsis
565 2198 639 2252 tum
654 2188 779 2253 relicta
796 2190 951 2271 dataque
966 2189 1157 2255 videretur.
1190 2190 1454 2259 Coadiutoriam

165 2297 264 2360 illam
287 2306 326 2360 ut
349 2316 416 2379 per
437 2296 580 2359 lieteras
608 2293 769 2359 eiusdem
791 2296 963 2378 patruelis
987 2295 1055 2359 mei
1088 2295 1217 2360 certior
1241 2319 1318 2362 sum
1341 2299 1456 2366 factus

171 2404 208 2467 in
239 2403 354 2486 primo
386 2401 498 2486 ipsius
522 2400 742 2466 Consistorio
773 2403 931 2486 gratiose
962 2412 998 2466 et
1029 2404 1222 2467 clementer
1249 2406 1390 2470 admisit
1420 2418 1456 2472 et

168 2509 394 2575 confirmavit
425 2530 496 2591 quo
521 2530 591 2573 non
623 2518 697 2573 tam
726 2507 842 2591 ipsum
873 2511 1071 2592 patruelem
1094 2530 1226 2591 meum,
1262 2531 1368 2593 quam
1398 2535 1455 2578 me

167 2618 285 2701 ipsum
308 2637 350 2681 ac
366 2617 566 2681 Ecclesiam
590 2616 811 2699 potissimum
836 2637 971 2681 summo
994 2615 1170 2682 beneficio
1194 2617 1359 2683 affectam
1383 2621 1454 2684 exi-

169 2725 284 2806 stim0,
301 2721 456 2806 novique
472 2723 639 2787 beneficii
654 2724 878 2805 accessionis,
895 2745 951 2787 me
967 2724 1082 2788 eidem
1095 2722 1286 2789 Sanctitati
1302 2726 1455 2791 Vestrae

171 2831 286 2916 magis
310 2831 505 2895 obnoxium
529 2851 698 2914 agnosco.
745 2831 944 2913 Coeterum,
969 2851 1043 2913 oro,
1070 2831 1256 2896 beatitudo
1282 2843 1401 2898 vestra
1419 2833 1455 2898 in

169 2938 487 3022 compositionibus
518 2959 560 3002 ac
585 2949 794 3003 annatarum
820 2939 1033 3003 solutionum
1065 2950 1100 3003 et
1125 2939 1202 3004 aliis
1225 2941 1274 3004 ita
1297 2941 1456 3024 benigne

171 3048 371 3130 patruelem
395 3066 511 3110 meum
535 3046 640 3110 solita
663 3046 799 3129 pietate
823 3057 977 3110 tractare
1002 3047 1186 3129 dignetur,
1216 3056 1256 3109 ut
1279 3047 1457 3132 intelligat

170 3152 516 3218 commendationem
539 3154 631 3217 hanc
656 3173 770 3217 meam
787 3174 858 3217 non
874 3174 1001 3236 parum
1018 3152 1178 3217 utilitatis
1202 3154 1271 3218 sibi
1286 3155 1456 3222 attulisse.

170 3260 339 3325 Feliciter
369 3280 411 3322 ac
442 3258 638 3324 diutissime
663 3261 782 3324 valeat
805 3259 851 3325 ὃς
867 3260 912 3323 V.
946 3263 990 3324 ad
1016 3259 1204 3324 Christiani
1236 3261 1333 3325 orbis
1363 3270 1456 3326 tran·

171 3367 380 3450 quillitatem
411 3366 511 3430 cuius
541 3366 781 3431 Sanctissimis
811 3368 965 3451 pedibus
995 3388 1051 3431 me
1076 3368 1328 3452 Ecclesiasque
1359 3390 1456 3434 meas

171 3495 295 3538 omnes
318 3473 511 3538 humillime
536 3476 756 3539 commendo.

260 3580 378 3644 Hallis
402 3579 460 3644 die
485 3579 577 3644 XIV
601 3581 761 3661 Januarii
783 3581 891 3646 Anno
916 3581 1135 3646 MDXXIV.

440 3687 479 3751 E.
504 3687 546 3751 B.
571 3687 657 3752 Vre.

992 3778 1153 3828 Humillima
1171 3780 1297 3828 Creatura

918 3864 1052 3929 Albutius
1072 3874 1150 3929 Card.
1169 3876 1349 3938 Mogontiuus.

713 4034 920 4045 ΜΜΛΛΜΑΑΛΜ

779 4175 853 4242 143.

474 4281 634 4362 Glemona
661 4282 740 4363 1111
768 4281 970 4363 1111111111
997 4282 1160 4364 Badensi.

638 4420 700 4490 (Br.
725 4419 769 4483 ad
792 4421 906 4494 prino.
937 4420 1006 4489 190.)

659 4529 725 4597 ,(17·
745 4533 854 4597 11111111·
877 4535 965 4596 15141

264 4652 406 4717 Dilecte
429 4652 490 4733 fili,
515 4656 665 4719 salutem
689 4664 755 4719 etc.
803 4654 890 4719 Cum
915 4675 980 4739 pro
1003 4664 1126 4718 nostro
1154 4652 1291 4736 officio,
1319 4675 1457 4739 proque

176 4781 219 4824 ea
241 4760 517 4840 benevolentia,
549 4781 620 4843 qua
651 4762 753 4825 istam
788 4760 1017 4824 fortissimam
1041 4761 1229 4825 Nationem
1253 4782 1395 4845 semper
1421 4765 1456 4827 in

177 4868 370 4932 minoribus
394 4866 575 4951 prosecuti
598 4888 728 4950 sumus,
762 4879 798 4931 et
822 4888 915 4930 nunc
938 4878 1088 4950 paterne
1112 4868 1374 4951 prosequimur,
1408 4870 1456 4933 di·

203 4993 284 5045 Balsn,
294 4992 441 5033 Documenta
449 4992 588 5033 liutbertus.
1262 4975 1296 5029 21
