3559 5734
793 839 846 903 31.

555 956 734 1037 Aleuuder
761 955 1074 1037 lieeemcelleno.

480 1095 596 1168 (lluut.
622 1093 776 1153 German.
802 1092 833 1151 1..
857 1093 915 1152 fol.
938 1093 995 1152 112
1017 1095 1054 1153 et
1076 1096 1153 1168 seq.)

687 1195 741 1263 (27.
762 1197 840 1245 Febr.
864 1192 950 1264 1521.)

266 1321 582 1387 Reverendissime
597 1331 632 1384 et
649 1320 889 1384 illustrissime
905 1321 1058 1383 Domine
1075 1322 1119 1385 D.
1141 1322 1187 1385 mi
1204 1320 1459 1385 Colendissime

180 1430 406 1495 humillimam
430 1428 783 1493 commendationem.

267 1538 394 1601 Scrissi
426 1537 486 1600 alli
518 1539 552 1599 dl
580 1534 715 1618 passati
738 1556 760 1597 a
784 1535 917 1599 Vostra
941 1534 1109 1619 Signoria
1133 1536 1461 1619 Reverendissima,

179 1647 244 1708 che
273 1666 344 1709 non
377 1647 542 1708 obstante
573 1644 639 1706 che
663 1645 771 1706 molto
796 1642 1110 1724 rechiamassemo,
1143 1646 1209 1708 che
1233 1665 1304 1707 non
1329 1645 1358 1707 si
1381 1665 1456 1726 pro·

178 1774 329 1836 ponesse
360 1753 395 1815 in
420 1751 526 1815 Dieta
556 1752 592 1814 la
624 1771 732 1813 causa
762 1750 797 1813 di
821 1751 977 1814 Martino
1008 1773 1073 1835 per
1097 1752 1121 1815 li
1146 1751 1401 1815 evidentissimi
1425 1761 1462 1815 et

178 1859 421 1922 absurdissimi
443 1857 560 1921 favori
584 1859 650 1921 che
674 1858 699 1920 li
723 1867 894 1939 prestano
925 1858 1006 1921 tutti
1038 1859 1153 1942 questi
1177 1858 1351 1941 Principi,
1386 1860 1460 1923 Imo

178 1988 242 2048 per
265 1969 299 2030 le
322 1986 434 2049 pacce
458 1975 495 2029 et
518 1965 757 2028 abominevoli
775 1966 997 2046 persuasioni
1014 1968 1093 2030 chel
1111 1966 1265 2029 Diabolo
1282 1968 1328 2029 ha
1345 1987 1460 2030 messn

178 2075 236 2137 nel
266 2093 358 2156 capo
382 2094 404 2135 a
427 2080 519 2136 tutta
549 2074 584 2135 la
607 2069 810 2151 Germania,
847 2072 1055 2136 Tuttavolta
1079 2073 1212 2137 Caesar
1242 2073 1356 2156 peril
1381 2095 1460 2138 con·

180 2180 264 2243 selio
295 2182 340 2243 de
372 2179 449 2243 suoi
482 2179 628 2259 secreti,
663 2181 687 2243 li
718 2180 813 2261 quali
837 2182 993 2244 volendo
1017 2181 1218 2263 complacet
1242 2202 1264 2244 a
1287 2182 1357 2245 Dio
1383 2203 1402 2245 e
1427 2185 1460 2245 al

179 2289 319 2367 mundo,
342 2286 453 2350 fanno
478 2288 572 2349 delle
596 2307 680 2350 cose
704 2289 770 2350 che
794 2286 1002 2369 displaceno
1020 2298 1055 2351 et
1075 2309 1096 2350 a
1113 2289 1134 2350 l'
1148 2309 1219 2351 uno
1235 2298 1271 2351 et
1285 2309 1307 2351 a
1322 2290 1344 2352 l'
1358 2290 1460 2368 altr0,

179 2398 275 2458 volse
306 2395 373 2458 che
406 2395 436 2458 si
466 2414 687 2476 proponesse
712 2404 807 2459 sotto
831 2403 957 2476 questo
982 2397 1103 2459 colore
1128 2397 1194 2458 che
1218 2397 1327 2459 molto
1354 2396 1459 2460 melio

178 2512 213 2564 et
235 2501 295 2584 piir
320 2500 589 2584 pacificamente
614 2502 643 2565 si
675 2502 960 2584 extinguerebbe
992 2511 1118 2584 questo
1150 2502 1331 2584 incendio,
1365 2526 1403 2567 se
1436 2504 1461 2567 li

178 2609 333 2672 mandati
364 2608 400 2670 di
424 2605 474 2671 Sd
498 2608 638 2672 Maesta
670 2608 808 2673 fussero
840 2609 921 2672 fatti
955 2611 999 2673 de
1033 2630 1209 2673 consensu
1243 2619 1278 2673 et
1302 2612 1460 2675 conselio

179 2716 391 2797 Principum,
416 2726 452 2778 et
475 2718 666 2799 allegando
691 2716 749 2779 noi
774 2717 808 2779 el
830 2717 991 2799 periculo
1016 2718 1082 2780 che
1107 2716 1336 2794 evenirebbe,
1371 2739 1409 2780 se
1434 2718 1458 2781 li

178 2822 334 2904 Principi
366 2823 614 2887 dissentissero
639 2824 686 2887 da
710 2823 851 2906 Cesare,
876 2825 943 2887 che
967 2834 1049 2887 tunc
1073 2824 1288 2887 l’harrebbe
1312 2826 1346 2887 le
1366 2826 1461 2887 mani

177 2932 312 3013 legate,
346 2950 404 2993 ma
427 2931 494 2994 che
521 2931 582 3012 piu
606 2930 722 2995 sicuro
747 2934 900 2995 sarebbe
925 2934 992 2995 che
1016 2930 1126 2994 Cesar
1150 2953 1214 2995 sua
1238 2930 1460 3011 auctoritate,

176 3038 266 3101 sicut
289 3047 408 3120 potest
432 3048 468 3101 et
498 3039 620 3119 debet,
652 3039 841 3122 exequisse
873 3041 932 3103 nel
957 3037 1110 3121 Imperio
1142 3041 1177 3102 la
1201 3038 1377 3101 sententia
1402 3038 1462 3101 del

177 3145 351 3209 Pontifice
381 3146 417 3208 in
449 3166 556 3208 causa
585 3144 686 3227 fidei,
720 3167 820 3209 come
852 3146 912 3227 gia
936 3146 970 3207 in
996 3165 1058 3208 sue
1081 3157 1177 3209 terre
1202 3146 1239 3208 di
1263 3146 1460 3228 Borgogna

177 3263 212 3315 et
234 3253 391 3316 Fiandra
415 3253 463 3315 lui
487 3255 603 3315 havea
627 3253 728 3334 fatto,
761 3262 796 3315 et
820 3253 856 3314 di
881 3261 1007 3334 questa
1031 3252 1199 3335 opinione
1223 3273 1291 3316 con
1315 3251 1374 3316 noi
1399 3273 1461 3315 era

177 3363 211 3423 la
233 3359 398 3443 maggior
421 3370 533 3441 parte,
558 3360 628 3423 imo
653 3358 754 3441 quasi
777 3360 882 3422 tuttol
906 3360 1065 3422 conselio
1082 3360 1127 3422 de
1144 3360 1351 3433 Germania3
1388 3360 1459 3423 Re-

177 3489 281 3550 spose
305 3468 330 3530 il
347 3466 559 3531 Cancellieri
583 3468 648 3530 che
673 3487 743 3529 non
768 3466 797 3530 si
821 3466 1009 3549 ligarebbe
1027 3468 1116 3548 perd
1143 3469 1176 3529 le
1193 3467 1288 3531 mani
1304 3489 1325 3530 a
1340 3468 1459 3548 Cesar,

178 3576 269 3637 Anci
293 3577 361 3637 che
384 3574 475 3637 satta
498 3576 532 3637 la
556 3574 626 3637 mia
650 3573 894 3655 propositione
921 3573 1065 3636 nomine
1078 3573 1271 3654 Pontificis‚
1296 3578 1363 3639 che
1388 3573 1462 3638 Sua

178 3681 315 3745 Maesta
347 3702 409 3745 era
439 3702 505 3763 per
536 3682 629 3760 dire,
663 3682 729 3744 che
760 3683 795 3744 in
827 3672 953 3764 questa
983 3702 1067 3743 cosa
1097 3682 1144 3744 lui
1169 3681 1229 3763 gia
1253 3682 1298 3745 de
1323 3693 1459 3745 maturo

178 3789 324 3852 consilio
350 3788 385 3850 di
409 3797 498 3851 tutte
523 3808 585 3851 sue
609 3787 743 3851 nationi
767 3789 816 3851 lui
839 3791 981 3851 haveva
1004 3788 1167 3851 ordinato
1191 3798 1228 3852 et
1251 3800 1395 3873 passato
1427 3792 1459 3852 el

178 3898 321 3959 decreto
346 3906 470 3958 contra
494 3895 627 3958 Luther
652 3904 688 3958 et
711 3895 734 3957 li
757 3894 839 3957 libri
863 3895 899 3955 di
924 3897 1052 3975 quellO,
1079 3897 1111 3959 el
1135 3899 1217 3977 qual
1242 3897 1387 3959 decreto
1411 3897 1459 3958 lui

178 4005 340 4066 absolute
362 4005 467 4065 volea
491 4022 529 4065 se
554 4000 742 4084 exequisse
767 4002 850 4065 nelli
874 4001 952 4064 suoi
975 4001 1099 4084 Regni
1123 4011 1158 4065 et
1183 4002 1327 4066 dominii
1355 4003 1459 4085 patri·

178 4109 336 4188 moniali,
371 4119 406 4172 et
437 4109 662 4172 nihilominus
696 4110 791 4172 nello
822 4109 993 4191 Imperio:
1041 4110 1102 4172 Ma
1135 4119 1260 4191 questo
1294 4110 1339 4173 de
1371 4110 1459 4173 scitu

178 4217 374 4298 principum
398 4236 470 4279 non
494 4216 554 4298 gia
578 4216 740 4296 consili0‚
765 4237 880 4298 neque
904 4237 1070 4297 assensu,
1095 4217 1119 4280 li
1144 4218 1240 4298 quali
1264 4218 1368 4280 etiam
1394 4218 1459 4280 che

176 4325 471 4402 rechiamasser0‚
503 4323 604 4386 dicea
638 4325 671 4385 el
696 4322 924 4403 Cancellieri,
958 4334 994 4385 et
1025 4324 1105 4386 tutti
1138 4325 1159 4386 li
1191 4324 1382 4388 consiliarii
1407 4345 1458 4387 se-

177 4431 282 4513 creti,
314 4434 380 4494 che
404 4431 618 4493 nondimeno
644 4427 694 4492 Sir
718 4430 857 4493 Maesta
880 4430 1185 4513 proseguirebbe,
1221 4433 1315 4513 quod
1340 4440 1458 4494 tamen

176 4540 291 4602 adhuc
315 4559 385 4601 non
411 4547 465 4600 est
493 4537 636 4603 factum.
684 4538 776 4600 Anci
807 4559 918 4601 ancor
941 4539 1006 4602 che
1032 4538 1156 4618 Cesar,
1181 4540 1240 4601 nel
1266 4539 1459 4602 medesimo

177 4645 212 4709 di
227 4648 294 4709 che
313 4646 348 4708 io
372 4645 529 4728 proposi,
555 4646 782 4709 dechiarasse
806 4648 841 4709 la
864 4654 982 4709 mente
1007 4666 1080 4727 sua,
1106 4667 1207 4709 come
1232 4645 1266 4707 di
1290 4666 1398 4728 sopra
1412 4648 1458 4708 ho

177 4753 294 4831 detto,
327 4763 363 4815 et
388 4753 495 4834 dopoi
520 4753 553 4816 el
578 4754 612 4816 dl
637 4763 808 4836 sequente
833 4755 1021 4816 mandasse
1045 4756 1115 4817 alla
1140 4754 1215 4816 sala
1240 4753 1275 4816 di
1300 4752 1458 4835 Principi

176 4880 244 4923 uno
268 4859 448 4924 consilieri
471 4881 493 4922 a
517 4859 702 4924 dechiarar
727 4862 761 4923 di
778 4881 895 4923 nuovo
911 4870 1037 4943 questo
1053 4881 1117 4924 suo
1133 4862 1242 4943 voler,
1267 4862 1457 4926 tuttavolta
