<?xml version="1.0" encoding="UTF-8"?>
<!DOCTYPE html PUBLIC "-//W3C//DTD XHTML 1.0 Transitional//EN"
    "http://www.w3.org/TR/xhtml1/DTD/xhtml1-transitional.dtd">
<html xmlns="http://www.w3.org/1999/xhtml" xml:lang="en" lang="en">
 <head>
  <title>
</title>
<meta http-equiv="Content-Type" content="text/html;charset=utf-8" />
  <meta name='ocr-system' content='tesseract 3.04.00' />
  <meta name='ocr-capabilities' content='ocr_page ocr_carea ocr_par ocr_line ocrx_word'/>
</head>
<body>
  <div class='ocr_page' id='page_1' title='image "./monumentareform01vatigoog_0074.png"; bbox 0 0 3559 5734; ppageno 0'>
   <div class='ocr_carea' id='block_1_1' title="bbox 888 738 940 800">
    <p class='ocr_par' dir='ltr' id='par_1_1' title="bbox 888 738 940 800">
     <span class='ocr_line' id='line_1_1' title="bbox 888 738 940 800; baseline 0 0"><span class='ocrx_word' id='word_1_1' title='bbox 888 738 940 800; x_wconf 88' lang='grc'>18.</span> 
     </span>
    </p>
   </div>
   <div class='ocr_carea' id='block_1_2' title="bbox 540 852 1279 934">
    <p class='ocr_par' dir='ltr' id='par_1_2' title="bbox 540 852 1279 934">
     <span class='ocr_line' id='line_1_2' title="bbox 540 852 1279 934; baseline 0 0"><span class='ocrx_word' id='word_1_2' title='bbox 540 852 1003 934; x_wconf 69' lang='lat' dir='ltr'>vicecancellarius</span> <span class='ocrx_word' id='word_1_3' title='bbox 1030 853 1279 934; x_wconf 78' lang='lat' dir='ltr'>Alcandrc.</span> 
     </span>
    </p>
   </div>
   <div class='ocr_carea' id='block_1_3' title="bbox 415 982 1488 1170">
    <p class='ocr_par' dir='ltr' id='par_1_3' title="bbox 415 982 1488 1170">
     <span class='ocr_line' id='line_1_3' title="bbox 669 982 1159 1055; baseline 0 -15"><span class='ocrx_word' id='word_1_4' title='bbox 669 982 767 1055; x_wconf 67' lang='lat' dir='ltr'>munt.</span> <span class='ocrx_word' id='word_1_5' title='bbox 785 983 912 1040; x_wconf 66' lang='lat' dir='ltr'>eomas</span> <span class='ocrx_word' id='word_1_6' title='bbox 931 982 961 1041; x_wconf 73' lang='lat'>11.</span> <span class='ocrx_word' id='word_1_7' title='bbox 979 983 1025 1041; x_wconf 77' lang='lat' dir='ltr'>fol.</span> <span class='ocrx_word' id='word_1_8' title='bbox 1044 982 1159 1047; x_wconf 72' lang='lat'>10-17.)</span> 
     </span>
     <span class='ocr_line' id='line_1_4' title="bbox 415 1083 1488 1170; baseline -0.002 -34"><span class='ocrx_word' id='word_1_9' title='bbox 415 1089 487 1149; x_wconf 83' lang='lat' dir='ltr'>(Dat.</span> <span class='ocrx_word' id='word_1_10' title='bbox 508 1086 661 1135; x_wconf 80' lang='lat' dir='ltr'>Florentiae</span> <span class='ocrx_word' id='word_1_11' title='bbox 680 1083 705 1133; x_wconf 81' lang='lat'>6.</span> <span class='ocrx_word' id='word_1_12' title='bbox 725 1085 804 1135; x_wconf 83' lang='lat' dir='ltr'>Febr.</span> <span class='ocrx_word' id='word_1_13' title='bbox 824 1112 858 1122; x_wconf 91' lang='lat'><em>-</em></span> <span class='ocrx_word' id='word_1_14' title='bbox 879 1088 949 1137; x_wconf 89' lang='lat' dir='ltr'>Rec.</span> <span class='ocrx_word' id='word_1_15' title='bbox 969 1085 1135 1135; x_wconf 80' lang='lat' dir='ltr'>Wormctiac</span> <span class='ocrx_word' id='word_1_16' title='bbox 1158 1095 1197 1147; x_wconf 86' lang='lat'>15.</span> <span class='ocrx_word' id='word_1_17' title='bbox 1218 1086 1295 1134; x_wconf 64' lang='lat' dir='ltr'>Febr·</span> <span class='ocrx_word' id='word_1_18' title='bbox 1319 1083 1405 1148; x_wconf 83' lang='lat'>1521.)</span> <span class='ocrx_word' id='word_1_19' title='bbox 1483 1163 1488 1170; x_wconf 32' lang='grc' dir='ltr'>ι</span> 
     </span>
    </p>
   </div>
   <div class='ocr_carea' id='block_1_4' title="bbox 270 1200 1564 4920">
    <p class='ocr_par' dir='ltr' id='par_1_4' title="bbox 482 1200 1321 1282">
     <span class='ocr_line' id='line_1_5' title="bbox 482 1200 1321 1282; baseline -0.002 -18"><span class='ocrx_word' id='word_1_20' title='bbox 482 1200 708 1264; x_wconf 83' lang='lat' dir='ltr'><strong>Venerabilis</strong></span> <span class='ocrx_word' id='word_1_21' title='bbox 734 1200 799 1262; x_wconf 87' lang='lat' dir='ltr'>Vir</span> <span class='ocrx_word' id='word_1_22' title='bbox 823 1200 950 1263; x_wconf 84' lang='lat' dir='ltr'>Amice</span> <span class='ocrx_word' id='word_1_23' title='bbox 975 1210 1096 1263; x_wconf 89' lang='lat' dir='ltr'>noster</span> <span class='ocrx_word' id='word_1_24' title='bbox 1119 1200 1321 1282; x_wconf 83' lang='lat' dir='ltr'>praecipue.</span> 
     </span>
    </p>

    <p class='ocr_par' dir='ltr' id='par_1_5' title="bbox 270 1307 1564 4920">
     <span class='ocr_line' id='line_1_6' title="bbox 359 1307 1555 1388; baseline -0.003 -15"><span class='ocrx_word' id='word_1_25' title='bbox 359 1311 443 1373; x_wconf 86' lang='lat' dir='ltr'>Alle</span> <span class='ocrx_word' id='word_1_26' title='bbox 466 1321 589 1373; x_wconf 69' lang='lat' dir='ltr'>vostre</span> <span class='ocrx_word' id='word_1_27' title='bbox 613 1309 660 1371; x_wconf 84' lang='lat' dir='ltr'>de</span> <span class='ocrx_word' id='word_1_28' title='bbox 683 1307 808 1371; x_wconf 83' lang='lat' dir='ltr'>XXII.</span> <span class='ocrx_word' id='word_1_29' title='bbox 833 1309 890 1369; x_wconf 90' lang='lat' dir='ltr'>del</span> <span class='ocrx_word' id='word_1_30' title='bbox 916 1317 1072 1388; x_wconf 87' lang='lat' dir='ltr'>passato,</span> <span class='ocrx_word' id='word_1_31' title='bbox 1097 1307 1194 1388; x_wconf 84' lang='lat' dir='ltr'>quali</span> <span class='ocrx_word' id='word_1_32' title='bbox 1217 1307 1247 1369; x_wconf 91' lang='lat' dir='ltr'>si</span> <span class='ocrx_word' id='word_1_33' title='bbox 1270 1327 1362 1370; x_wconf 82' lang='lat' dir='ltr'>sono</span> <span class='ocrx_word' id='word_1_34' title='bbox 1383 1316 1555 1370; x_wconf 78' lang='lat' dir='ltr'>mostrate</span> 
     </span>
     <span class='ocr_line' id='line_1_7' title="bbox 270 1413 1555 1498; baseline -0.002 -20"><span class='ocrx_word' id='word_1_35' title='bbox 270 1438 290 1478; x_wconf 88' lang='lat' dir='ltr'>a</span> <span class='ocrx_word' id='word_1_36' title='bbox 315 1416 445 1478; x_wconf 87' lang='lat' dir='ltr'>Nostro</span> <span class='ocrx_word' id='word_1_37' title='bbox 471 1413 641 1497; x_wconf 85' lang='lat' dir='ltr'>Signore,</span> <span class='ocrx_word' id='word_1_38' title='bbox 673 1415 828 1495; x_wconf 85' lang='lat' dir='ltr'>bisogna</span> <span class='ocrx_word' id='word_1_39' title='bbox 852 1435 944 1498; x_wconf 91' lang='lat' dir='ltr'>poco</span> <span class='ocrx_word' id='word_1_40' title='bbox 969 1414 1189 1495; x_wconf 91' lang='lat' dir='ltr'>respondere</span> <span class='ocrx_word' id='word_1_41' title='bbox 1220 1413 1353 1495; x_wconf 74' lang='lat' dir='ltr'>perche</span> <span class='ocrx_word' id='word_1_42' title='bbox 1377 1413 1437 1494; x_wconf 79' lang='lat' dir='ltr'>gia</span> <span class='ocrx_word' id='word_1_43' title='bbox 1462 1422 1497 1476; x_wconf 91' lang='lat' dir='ltr'>et</span> <span class='ocrx_word' id='word_1_44' title='bbox 1521 1416 1555 1476; x_wconf 90' lang='lat' dir='ltr'>le</span> 
     </span>
     <span class='ocr_line' id='line_1_8' title="bbox 270 1519 1556 1599; baseline -0.003 -14"><span class='ocrx_word' id='word_1_45' title='bbox 270 1524 365 1585; x_wconf 88' lang='lat' dir='ltr'>bolle</span> <span class='ocrx_word' id='word_1_46' title='bbox 396 1531 432 1585; x_wconf 90' lang='lat' dir='ltr'>et</span> <span class='ocrx_word' id='word_1_47' title='bbox 456 1523 564 1585; x_wconf 83' lang='lat' dir='ltr'>Brevi</span> <span class='ocrx_word' id='word_1_48' title='bbox 596 1523 642 1583; x_wconf 93' lang='lat' dir='ltr'>da</span> <span class='ocrx_word' id='word_1_49' title='bbox 666 1522 724 1585; x_wconf 93' lang='lat' dir='ltr'>voi</span> <span class='ocrx_word' id='word_1_50' title='bbox 749 1521 873 1585; x_wconf 89' lang='lat' dir='ltr'>chiesti</span> <span class='ocrx_word' id='word_1_51' title='bbox 899 1521 934 1584; x_wconf 93' lang='lat' dir='ltr'>vi</span> <span class='ocrx_word' id='word_1_52' title='bbox 958 1540 1047 1583; x_wconf 88' lang='lat' dir='ltr'>sono</span> <span class='ocrx_word' id='word_1_53' title='bbox 1072 1519 1154 1583; x_wconf 88' lang='lat' dir='ltr'>stati</span> <span class='ocrx_word' id='word_1_54' title='bbox 1179 1520 1352 1599; x_wconf 87' lang='lat' dir='ltr'>mandati,</span> <span class='ocrx_word' id='word_1_55' title='bbox 1387 1519 1461 1582; x_wconf 88' lang='lat' dir='ltr'>cosi</span> <span class='ocrx_word' id='word_1_56' title='bbox 1484 1541 1556 1582; x_wconf 89' lang='lat' dir='ltr'>una</span> 
     </span>
     <span class='ocr_line' id='line_1_9' title="bbox 270 1627 1555 1706; baseline -0.002 -16"><span class='ocrx_word' id='word_1_57' title='bbox 270 1630 305 1691; x_wconf 92' lang='lat' dir='ltr'>di</span> <span class='ocrx_word' id='word_1_58' title='bbox 337 1629 475 1692; x_wconf 88' lang='lat' dir='ltr'>cambio</span> <span class='ocrx_word' id='word_1_59' title='bbox 506 1629 566 1692; x_wconf 89' lang='lat' dir='ltr'>alli</span> <span class='ocrx_word' id='word_1_60' title='bbox 590 1628 765 1692; x_wconf 89' lang='lat' dir='ltr'>Foccheri</span> <span class='ocrx_word' id='word_1_61' title='bbox 797 1631 842 1691; x_wconf 92' lang='lat' dir='ltr'>de</span> <span class='ocrx_word' id='word_1_62' title='bbox 875 1649 940 1706; x_wconf 79' lang='lat'>400</span> <span class='ocrx_word' id='word_1_63' title='bbox 972 1627 1107 1699; x_wconf 75' lang='lat' dir='ltr'>ducati:</span> <span class='ocrx_word' id='word_1_64' title='bbox 1141 1635 1238 1689; x_wconf 87' lang='lat' dir='ltr'>resta</span> <span class='ocrx_word' id='word_1_65' title='bbox 1268 1628 1362 1706; x_wconf 83' lang='lat' dir='ltr'>solu,</span> <span class='ocrx_word' id='word_1_66' title='bbox 1396 1629 1461 1689; x_wconf 92' lang='lat' dir='ltr'>che</span> <span class='ocrx_word' id='word_1_67' title='bbox 1495 1627 1555 1689; x_wconf 92' lang='lat' dir='ltr'>voi</span> 
     </span>
     <span class='ocr_line' id='line_1_10' title="bbox 270 1734 1557 1817; baseline -0.002 -18"><span class='ocrx_word' id='word_1_68' title='bbox 270 1757 370 1799; x_wconf 90' lang='lat' dir='ltr'>corne</span> <span class='ocrx_word' id='word_1_69' title='bbox 409 1738 539 1799; x_wconf 88' lang='lat' dir='ltr'>havete</span> <span class='ocrx_word' id='word_1_70' title='bbox 578 1735 828 1799; x_wconf 87' lang='lat' dir='ltr'>incominciato</span> <span class='ocrx_word' id='word_1_71' title='bbox 865 1734 1054 1817; x_wconf 81' lang='lat' dir='ltr'>segnitiate</span> <span class='ocrx_word' id='word_1_72' title='bbox 1089 1734 1483 1816; x_wconf 89' lang='lat' dir='ltr'>prudentissimamente</span> <span class='ocrx_word' id='word_1_73' title='bbox 1519 1743 1557 1798; x_wconf 90' lang='lat' dir='ltr'>et</span> 
     </span>
     <span class='ocr_line' id='line_1_11' title="bbox 270 1839 1556 1925; baseline -0.002 -20"><span class='ocrx_word' id='word_1_74' title='bbox 270 1864 337 1907; x_wconf 90' lang='lat' dir='ltr'>con</span> <span class='ocrx_word' id='word_1_75' title='bbox 362 1841 479 1906; x_wconf 90' lang='lat' dir='ltr'>animo</span> <span class='ocrx_word' id='word_1_76' title='bbox 503 1842 692 1925; x_wconf 87' lang='lat' dir='ltr'>gagliardo</span> <span class='ocrx_word' id='word_1_77' title='bbox 718 1841 954 1924; x_wconf 87' lang='lat' dir='ltr'>supplicando</span> <span class='ocrx_word' id='word_1_78' title='bbox 975 1852 1011 1904; x_wconf 94' lang='lat' dir='ltr'>et</span> <span class='ocrx_word' id='word_1_79' title='bbox 1025 1843 1275 1925; x_wconf 88' lang='lat' dir='ltr'>persuadendo</span> <span class='ocrx_word' id='word_1_80' title='bbox 1293 1839 1423 1904; x_wconf 82' lang='lat' dir='ltr'>Cesare</span> <span class='ocrx_word' id='word_1_81' title='bbox 1439 1840 1556 1903; x_wconf 84' lang='lat' dir='ltr'>faccia</span> 
     </span>
     <span class='ocr_line' id='line_1_12' title="bbox 271 1948 1555 2029; baseline -0.001 -17"><span class='ocrx_word' id='word_1_82' title='bbox 271 1970 370 2012; x_wconf 88' lang='lat' dir='ltr'>come</span> <span class='ocrx_word' id='word_1_83' title='bbox 400 1948 438 2012; x_wconf 88' lang='lat' dir='ltr'>fa</span> <span class='ocrx_word' id='word_1_84' title='bbox 467 1949 489 2011; x_wconf 88' lang='lat' dir='ltr'>l&#39;</span> <span class='ocrx_word' id='word_1_85' title='bbox 503 1948 621 2012; x_wconf 87' lang='lat' dir='ltr'>officio</span> <span class='ocrx_word' id='word_1_86' title='bbox 657 1948 693 2011; x_wconf 93' lang='lat' dir='ltr'>di</span> <span class='ocrx_word' id='word_1_87' title='bbox 725 1948 902 2013; x_wconf 86' lang='lat' dir='ltr'>catholico</span> <span class='ocrx_word' id='word_1_88' title='bbox 933 1959 969 2012; x_wconf 91' lang='lat' dir='ltr'>et</span> <span class='ocrx_word' id='word_1_89' title='bbox 1000 1948 1299 2012; x_wconf 88' lang='lat' dir='ltr'>Christianissimo</span> <span class='ocrx_word' id='word_1_90' title='bbox 1324 1948 1555 2029; x_wconf 81' lang='lat' dir='ltr'>Imperatore,</span> 
     </span>
     <span class='ocr_line' id='line_1_13' title="bbox 271 2053 1556 2138; baseline 0.001 -21"><span class='ocrx_word' id='word_1_91' title='bbox 271 2068 305 2117; x_wconf 90' lang='lat' dir='ltr'>et</span> <span class='ocrx_word' id='word_1_92' title='bbox 330 2076 431 2119; x_wconf 91' lang='lat' dir='ltr'>come</span> <span class='ocrx_word' id='word_1_93' title='bbox 455 2055 694 2138; x_wconf 89' lang='lat' dir='ltr'>primogenito</span> <span class='ocrx_word' id='word_1_94' title='bbox 719 2055 854 2137; x_wconf 86' lang='lat' dir='ltr'>figliolo</span> <span class='ocrx_word' id='word_1_95' title='bbox 879 2065 916 2119; x_wconf 92' lang='lat' dir='ltr'>et</span> <span class='ocrx_word' id='word_1_96' title='bbox 935 2057 1110 2119; x_wconf 85' lang='lat' dir='ltr'>honorato</span> <span class='ocrx_word' id='word_1_97' title='bbox 1127 2076 1235 2137; x_wconf 87' lang='lat' dir='ltr'>sopra</span> <span class='ocrx_word' id='word_1_98' title='bbox 1249 2056 1330 2118; x_wconf 90' lang='lat' dir='ltr'>tutti</span> <span class='ocrx_word' id='word_1_99' title='bbox 1348 2055 1443 2118; x_wconf 88' lang='lat' dir='ltr'>dalla</span> <span class='ocrx_word' id='word_1_100' title='bbox 1459 2053 1556 2118; x_wconf 83' lang='lat' dir='ltr'>Sede</span> 
     </span>
     <span class='ocr_line' id='line_1_14' title="bbox 272 2161 1557 2245; baseline -0.001 -20"><span class='ocrx_word' id='word_1_101' title='bbox 272 2163 499 2245; x_wconf 87' lang='lat' dir='ltr'>Apostolica,</span> <span class='ocrx_word' id='word_1_102' title='bbox 538 2183 645 2245; x_wconf 83' lang='lat' dir='ltr'>sopra</span> <span class='ocrx_word' id='word_1_103' title='bbox 674 2162 756 2225; x_wconf 90' lang='lat' dir='ltr'>tutti</span> <span class='ocrx_word' id='word_1_104' title='bbox 789 2165 904 2226; x_wconf 84' lang='lat' dir='ltr'>anche</span> <span class='ocrx_word' id='word_1_105' title='bbox 938 2163 1049 2243; x_wconf 82' lang='lat' dir='ltr'>voglii</span> <span class='ocrx_word' id='word_1_106' title='bbox 1083 2162 1291 2225; x_wconf 85' lang='lat' dir='ltr'>defenderla</span> <span class='ocrx_word' id='word_1_107' title='bbox 1323 2161 1476 2225; x_wconf 84' lang='lat' dir='ltr'>maxime</span> <span class='ocrx_word' id='word_1_108' title='bbox 1510 2163 1557 2224; x_wconf 91' lang='lat' dir='ltr'>da</span> 
     </span>
     <span class='ocr_line' id='line_1_15' title="bbox 271 2267 1557 2351; baseline -0.001 -20"><span class='ocrx_word' id='word_1_109' title='bbox 271 2269 385 2350; x_wconf 85' lang='lat' dir='ltr'>questi</span> <span class='ocrx_word' id='word_1_110' title='bbox 420 2267 579 2332; x_wconf 86' lang='lat' dir='ltr'>Heretici</span> <span class='ocrx_word' id='word_1_111' title='bbox 610 2268 755 2351; x_wconf 89' lang='lat' dir='ltr'>perfidi,</span> <span class='ocrx_word' id='word_1_112' title='bbox 791 2270 887 2351; x_wconf 89' lang='lat' dir='ltr'>quali</span> <span class='ocrx_word' id='word_1_113' title='bbox 920 2290 989 2332; x_wconf 91' lang='lat' dir='ltr'>non</span> <span class='ocrx_word' id='word_1_114' title='bbox 1020 2290 1146 2332; x_wconf 90' lang='lat' dir='ltr'>manco</span> <span class='ocrx_word' id='word_1_115' title='bbox 1171 2288 1372 2351; x_wconf 88' lang='lat' dir='ltr'>procurano</span> <span class='ocrx_word' id='word_1_116' title='bbox 1397 2270 1432 2331; x_wconf 90' lang='lat' dir='ltr'>la</span> <span class='ocrx_word' id='word_1_117' title='bbox 1454 2269 1557 2331; x_wconf 86' lang='lat' dir='ltr'>ruina</span> 
     </span>
     <span class='ocr_line' id='line_1_16' title="bbox 272 2374 1559 2458; baseline 0 -21"><span class='ocrx_word' id='word_1_118' title='bbox 272 2378 306 2438; x_wconf 88' lang='lat' dir='ltr'>di</span> <span class='ocrx_word' id='word_1_119' title='bbox 338 2375 412 2439; x_wconf 86' lang='lat' dir='ltr'>Sua</span> <span class='ocrx_word' id='word_1_120' title='bbox 444 2375 583 2439; x_wconf 74' lang='lat' dir='ltr'>Maesta</span> <span class='ocrx_word' id='word_1_121' title='bbox 620 2387 656 2439; x_wconf 88' lang='lat' dir='ltr'>et</span> <span class='ocrx_word' id='word_1_122' title='bbox 689 2376 770 2439; x_wconf 90' lang='lat' dir='ltr'>dell&#39;</span> <span class='ocrx_word' id='word_1_123' title='bbox 783 2377 934 2458; x_wconf 90' lang='lat' dir='ltr'>imperio</span> <span class='ocrx_word' id='word_1_124' title='bbox 965 2379 1032 2439; x_wconf 88' lang='lat' dir='ltr'>che</span> <span class='ocrx_word' id='word_1_125' title='bbox 1068 2378 1161 2439; x_wconf 90' lang='lat' dir='ltr'>della</span> <span class='ocrx_word' id='word_1_126' title='bbox 1196 2377 1280 2438; x_wconf 88' lang='lat' dir='ltr'>fede</span> <span class='ocrx_word' id='word_1_127' title='bbox 1313 2374 1490 2439; x_wconf 88' lang='lat' dir='ltr'>catholica</span> <span class='ocrx_word' id='word_1_128' title='bbox 1521 2384 1559 2438; x_wconf 90' lang='lat' dir='ltr'>et</span> 
     </span>
     <span class='ocr_line' id='line_1_17' title="bbox 272 2483 1558 2566; baseline -0.001 -21"><span class='ocrx_word' id='word_1_129' title='bbox 272 2485 391 2546; x_wconf 87' lang='lat' dir='ltr'>chiesa</span> <span class='ocrx_word' id='word_1_130' title='bbox 416 2484 594 2548; x_wconf 88' lang='lat' dir='ltr'>Romana.</span> <span class='ocrx_word' id='word_1_131' title='bbox 642 2483 773 2546; x_wconf 88' lang='lat' dir='ltr'>Nostro</span> <span class='ocrx_word' id='word_1_132' title='bbox 799 2484 953 2566; x_wconf 77' lang='lat' dir='ltr'>Signore</span> <span class='ocrx_word' id='word_1_133' title='bbox 977 2485 1024 2547; x_wconf 91' lang='lat' dir='ltr'>ha</span> <span class='ocrx_word' id='word_1_134' title='bbox 1048 2503 1182 2546; x_wconf 90' lang='lat' dir='ltr'>sommo</span> <span class='ocrx_word' id='word_1_135' title='bbox 1206 2483 1350 2565; x_wconf 82' lang='lat' dir='ltr'>placere</span> <span class='ocrx_word' id='word_1_136' title='bbox 1376 2483 1442 2545; x_wconf 92' lang='lat' dir='ltr'>che</span> <span class='ocrx_word' id='word_1_137' title='bbox 1474 2483 1558 2563; x_wconf 92' lang='lat' dir='ltr'>quel</span> 
     </span>
     <span class='ocr_line' id='line_1_18' title="bbox 273 2586 1558 2672; baseline -0.001 -20"><span class='ocrx_word' id='word_1_138' title='bbox 273 2589 558 2672; x_wconf 82' lang='lat' dir='ltr'>Religiosissimo</span> <span class='ocrx_word' id='word_1_139' title='bbox 583 2600 619 2652; x_wconf 88' lang='lat' dir='ltr'>et</span> <span class='ocrx_word' id='word_1_140' title='bbox 643 2590 872 2654; x_wconf 88' lang='lat' dir='ltr'>devotissimo</span> <span class='ocrx_word' id='word_1_141' title='bbox 897 2590 1011 2672; x_wconf 88' lang='lat' dir='ltr'>padre</span> <span class='ocrx_word' id='word_1_142' title='bbox 1036 2589 1251 2653; x_wconf 79' lang='lat' dir='ltr'>Confessore</span> <span class='ocrx_word' id='word_1_143' title='bbox 1276 2589 1311 2651; x_wconf 92' lang='lat' dir='ltr'>di</span> <span class='ocrx_word' id='word_1_144' title='bbox 1328 2586 1401 2651; x_wconf 88' lang='lat' dir='ltr'>Sua</span> <span class='ocrx_word' id='word_1_145' title='bbox 1417 2588 1558 2651; x_wconf 77' lang='lat' dir='ltr'>Maesta</span> 
     </span>
     <span class='ocr_line' id='line_1_19' title="bbox 272 2694 1557 2761; baseline -0.001 -3"><span class='ocrx_word' id='word_1_146' title='bbox 272 2699 299 2758; x_wconf 81' lang='lat' dir='ltr'>si</span> <span class='ocrx_word' id='word_1_147' title='bbox 332 2697 455 2760; x_wconf 90' lang='lat' dir='ltr'>ritrovi</span> <span class='ocrx_word' id='word_1_148' title='bbox 479 2700 501 2759; x_wconf 93' lang='lat' dir='ltr'>ll</span> <span class='ocrx_word' id='word_1_149' title='bbox 531 2707 568 2759; x_wconf 93' lang='lat' dir='ltr'>et</span> <span class='ocrx_word' id='word_1_150' title='bbox 591 2696 714 2760; x_wconf 89' lang='lat' dir='ltr'>mostri</span> <span class='ocrx_word' id='word_1_151' title='bbox 737 2706 838 2760; x_wconf 89' lang='lat' dir='ltr'>tanto</span> <span class='ocrx_word' id='word_1_152' title='bbox 861 2697 1006 2761; x_wconf 84' lang='lat' dir='ltr'>fervore</span> <span class='ocrx_word' id='word_1_153' title='bbox 1029 2697 1065 2760; x_wconf 91' lang='lat' dir='ltr'>in</span> <span class='ocrx_word' id='word_1_154' title='bbox 1091 2696 1236 2760; x_wconf 86' lang='lat' dir='ltr'>servitio</span> <span class='ocrx_word' id='word_1_155' title='bbox 1260 2696 1295 2759; x_wconf 93' lang='lat' dir='ltr'>di</span> <span class='ocrx_word' id='word_1_156' title='bbox 1320 2694 1394 2758; x_wconf 87' lang='lat' dir='ltr'>Sua</span> <span class='ocrx_word' id='word_1_157' title='bbox 1418 2694 1557 2758; x_wconf 75' lang='lat' dir='ltr'>Santita</span> 
     </span>
     <span class='ocr_line' id='line_1_20' title="bbox 272 2802 1558 2885; baseline 0.001 -20"><span class='ocrx_word' id='word_1_158' title='bbox 272 2817 307 2865; x_wconf 84' lang='lat' dir='ltr'>et</span> <span class='ocrx_word' id='word_1_159' title='bbox 331 2806 425 2867; x_wconf 88' lang='lat' dir='ltr'>della</span> <span class='ocrx_word' id='word_1_160' title='bbox 450 2802 561 2867; x_wconf 89' lang='lat' dir='ltr'>Santa</span> <span class='ocrx_word' id='word_1_161' title='bbox 584 2803 679 2866; x_wconf 90' lang='lat' dir='ltr'>Sede</span> <span class='ocrx_word' id='word_1_162' title='bbox 704 2804 930 2885; x_wconf 85' lang='lat' dir='ltr'>Apostolica,</span> <span class='ocrx_word' id='word_1_163' title='bbox 956 2814 992 2867; x_wconf 92' lang='lat' dir='ltr'>et</span> <span class='ocrx_word' id='word_1_164' title='bbox 1015 2804 1051 2866; x_wconf 86' lang='lat' dir='ltr'>vi</span> <span class='ocrx_word' id='word_1_165' title='bbox 1075 2813 1264 2866; x_wconf 88' lang='lat' dir='ltr'>commette</span> <span class='ocrx_word' id='word_1_166' title='bbox 1287 2804 1323 2865; x_wconf 94' lang='lat' dir='ltr'>lo</span> <span class='ocrx_word' id='word_1_167' title='bbox 1346 2803 1558 2884; x_wconf 85' lang='lat' dir='ltr'>ringratiate</span> 
     </span>
     <span class='ocr_line' id='line_1_21' title="bbox 273 2909 1559 2994; baseline -0.001 -21"><span class='ocrx_word' id='word_1_168' title='bbox 273 2925 307 2973; x_wconf 87' lang='lat' dir='ltr'>et</span> <span class='ocrx_word' id='word_1_169' title='bbox 332 2911 534 2975; x_wconf 85' lang='lat' dir='ltr'>exhortiate</span> <span class='ocrx_word' id='word_1_170' title='bbox 559 2913 605 2973; x_wconf 88' lang='lat' dir='ltr'>da</span> <span class='ocrx_word' id='word_1_171' title='bbox 636 2921 740 2994; x_wconf 88' lang='lat' dir='ltr'>parte</span> <span class='ocrx_word' id='word_1_172' title='bbox 770 2912 806 2974; x_wconf 88' lang='lat' dir='ltr'>di</span> <span class='ocrx_word' id='word_1_173' title='bbox 832 2910 905 2974; x_wconf 87' lang='lat' dir='ltr'>Sua</span> <span class='ocrx_word' id='word_1_174' title='bbox 929 2909 1157 2974; x_wconf 87' lang='lat' dir='ltr'>Beatitudine</span> <span class='ocrx_word' id='word_1_175' title='bbox 1187 2931 1208 2972; x_wconf 89' lang='lat' dir='ltr'>a</span> <span class='ocrx_word' id='word_1_176' title='bbox 1238 2929 1490 2991; x_wconf 86' lang='lat' dir='ltr'>perseverare,</span> <span class='ocrx_word' id='word_1_177' title='bbox 1523 2920 1559 2972; x_wconf 91' lang='lat' dir='ltr'>et</span> 
     </span>
     <span class='ocr_line' id='line_1_22' title="bbox 272 3015 1558 3100; baseline -0.002 -20"><span class='ocrx_word' id='word_1_178' title='bbox 272 3040 337 3100; x_wconf 88' lang='lat' dir='ltr'>per</span> <span class='ocrx_word' id='word_1_179' title='bbox 360 3020 394 3082; x_wconf 91' lang='lat' dir='ltr'>le</span> <span class='ocrx_word' id='word_1_180' title='bbox 417 3020 512 3082; x_wconf 88' lang='lat' dir='ltr'>bone</span> <span class='ocrx_word' id='word_1_181' title='bbox 537 3039 646 3100; x_wconf 91' lang='lat' dir='ltr'>opere</span> <span class='ocrx_word' id='word_1_182' title='bbox 670 3020 716 3080; x_wconf 87' lang='lat' dir='ltr'>ha</span> <span class='ocrx_word' id='word_1_183' title='bbox 739 3018 829 3080; x_wconf 88' lang='lat' dir='ltr'>fatte</span> <span class='ocrx_word' id='word_1_184' title='bbox 853 3017 900 3081; x_wconf 91' lang='lat' dir='ltr'>fin</span> <span class='ocrx_word' id='word_1_185' title='bbox 924 3015 983 3100; x_wconf 90' lang='lat' dir='ltr'>qui</span> <span class='ocrx_word' id='word_1_186' title='bbox 999 3017 1024 3078; x_wconf 90' lang='lat' dir='ltr'>li</span> <span class='ocrx_word' id='word_1_187' title='bbox 1045 3017 1176 3079; x_wconf 86' lang='lat' dir='ltr'>manda</span> <span class='ocrx_word' id='word_1_188' title='bbox 1192 3016 1286 3078; x_wconf 90' lang='lat' dir='ltr'>mille</span> <span class='ocrx_word' id='word_1_189' title='bbox 1303 3016 1558 3098; x_wconf 90' lang='lat' dir='ltr'>Benedittioni,</span> 
     </span>
     <span class='ocr_line' id='line_1_23' title="bbox 273 3122 1558 3206; baseline 0 -20"><span class='ocrx_word' id='word_1_190' title='bbox 273 3139 308 3187; x_wconf 83' lang='lat' dir='ltr'>et</span> <span class='ocrx_word' id='word_1_191' title='bbox 338 3126 503 3189; x_wconf 89' lang='lat' dir='ltr'>desidera</span> <span class='ocrx_word' id='word_1_192' title='bbox 533 3127 722 3189; x_wconf 83' lang='lat' dir='ltr'>occasione</span> <span class='ocrx_word' id='word_1_193' title='bbox 753 3125 789 3187; x_wconf 92' lang='lat' dir='ltr'>di</span> <span class='ocrx_word' id='word_1_194' title='bbox 813 3126 955 3206; x_wconf 90' lang='lat' dir='ltr'>poterlo</span> <span class='ocrx_word' id='word_1_195' title='bbox 979 3122 1200 3206; x_wconf 85' lang='lat' dir='ltr'>gratificare;</span> <span class='ocrx_word' id='word_1_196' title='bbox 1233 3122 1292 3185; x_wconf 89' lang='lat' dir='ltr'>voi</span> <span class='ocrx_word' id='word_1_197' title='bbox 1314 3122 1453 3186; x_wconf 91' lang='lat' dir='ltr'>intanto</span> <span class='ocrx_word' id='word_1_198' title='bbox 1478 3144 1558 3205; x_wconf 87' lang='lat' dir='ltr'>sup-</span> 
     </span>
     <span class='ocr_line' id='line_1_24' title="bbox 272 3228 1557 3314; baseline -0.002 -19"><span class='ocrx_word' id='word_1_199' title='bbox 272 3235 358 3314; x_wconf 89' lang='lat' dir='ltr'>plite</span> <span class='ocrx_word' id='word_1_200' title='bbox 383 3233 641 3314; x_wconf 84' lang='lat' dir='ltr'>mostrandogli</span> <span class='ocrx_word' id='word_1_201' title='bbox 665 3235 701 3295; x_wconf 91' lang='lat' dir='ltr'>la</span> <span class='ocrx_word' id='word_1_202' title='bbox 724 3236 820 3295; x_wconf 89' lang='lat' dir='ltr'>bona</span> <span class='ocrx_word' id='word_1_203' title='bbox 844 3232 989 3295; x_wconf 71' lang='lat' dir='ltr'>volunta</span> <span class='ocrx_word' id='word_1_204' title='bbox 1015 3240 1050 3295; x_wconf 91' lang='lat' dir='ltr'>et</span> <span class='ocrx_word' id='word_1_205' title='bbox 1065 3230 1183 3294; x_wconf 91' lang='lat' dir='ltr'>animo</span> <span class='ocrx_word' id='word_1_206' title='bbox 1200 3230 1236 3292; x_wconf 93' lang='lat' dir='ltr'>di</span> <span class='ocrx_word' id='word_1_207' title='bbox 1253 3231 1385 3294; x_wconf 90' lang='lat' dir='ltr'>Nostro</span> <span class='ocrx_word' id='word_1_208' title='bbox 1402 3228 1557 3312; x_wconf 87' lang='lat' dir='ltr'>Signore</span> 
     </span>
     <span class='ocr_line' id='line_1_25' title="bbox 274 3338 1558 3419; baseline 0.001 -19"><span class='ocrx_word' id='word_1_209' title='bbox 274 3361 376 3402; x_wconf 87' lang='lat' dir='ltr'>verso</span> <span class='ocrx_word' id='word_1_210' title='bbox 400 3339 459 3403; x_wconf 92' lang='lat' dir='ltr'>lui.</span> <span class='ocrx_word' id='word_1_211' title='bbox 498 3338 527 3402; x_wconf 91' lang='lat' dir='ltr'>Il</span> <span class='ocrx_word' id='word_1_212' title='bbox 552 3339 744 3402; x_wconf 89' lang='lat' dir='ltr'>medesimo</span> <span class='ocrx_word' id='word_1_213' title='bbox 769 3338 888 3402; x_wconf 86' lang='lat' dir='ltr'>officio</span> <span class='ocrx_word' id='word_1_214' title='bbox 913 3339 986 3402; x_wconf 84' lang='lat' dir='ltr'>fate</span> <span class='ocrx_word' id='word_1_215' title='bbox 1011 3357 1080 3400; x_wconf 93' lang='lat' dir='ltr'>con</span> <span class='ocrx_word' id='word_1_216' title='bbox 1104 3338 1212 3419; x_wconf 87' lang='lat' dir='ltr'>quelli</span> <span class='ocrx_word' id='word_1_217' title='bbox 1234 3338 1392 3419; x_wconf 93' lang='lat' dir='ltr'>Principi</span> <span class='ocrx_word' id='word_1_218' title='bbox 1418 3348 1454 3401; x_wconf 91' lang='lat' dir='ltr'>et</span> <span class='ocrx_word' id='word_1_219' title='bbox 1470 3338 1558 3401; x_wconf 92' lang='lat' dir='ltr'>Con·</span> 
     </span>
     <span class='ocr_line' id='line_1_26' title="bbox 274 3445 1557 3527; baseline -0.001 -19"><span class='ocrx_word' id='word_1_220' title='bbox 274 3446 409 3527; x_wconf 83' lang='lat' dir='ltr'>siglieri</span> <span class='ocrx_word' id='word_1_221' title='bbox 433 3445 608 3510; x_wconf 88' lang='lat' dir='ltr'>Catholici</span> <span class='ocrx_word' id='word_1_222' title='bbox 639 3447 796 3509; x_wconf 87' lang='lat' dir='ltr'>secondo</span> <span class='ocrx_word' id='word_1_223' title='bbox 828 3466 916 3527; x_wconf 89' lang='lat' dir='ltr'>pare</span> <span class='ocrx_word' id='word_1_224' title='bbox 941 3466 962 3507; x_wconf 90' lang='lat' dir='ltr'>a</span> <span class='ocrx_word' id='word_1_225' title='bbox 985 3445 1044 3507; x_wconf 93' lang='lat' dir='ltr'>voi</span> <span class='ocrx_word' id='word_1_226' title='bbox 1071 3446 1276 3508; x_wconf 87' lang='lat' dir='ltr'>mostrando</span> <span class='ocrx_word' id='word_1_227' title='bbox 1300 3465 1322 3508; x_wconf 84' lang='lat' dir='ltr'>a</span> <span class='ocrx_word' id='word_1_228' title='bbox 1345 3445 1427 3508; x_wconf 90' lang='lat' dir='ltr'>tutti</span> <span class='ocrx_word' id='word_1_229' title='bbox 1451 3446 1475 3507; x_wconf 93' lang='lat' dir='ltr'>il</span> <span class='ocrx_word' id='word_1_230' title='bbox 1500 3466 1557 3526; x_wconf 88' lang='lat' dir='ltr'>pe-</span> 
     </span>
     <span class='ocr_line' id='line_1_27' title="bbox 273 3553 1559 3635; baseline 0 -20"><span class='ocrx_word' id='word_1_231' title='bbox 273 3554 385 3617; x_wconf 90' lang='lat' dir='ltr'>riculo</span> <span class='ocrx_word' id='word_1_232' title='bbox 409 3555 547 3635; x_wconf 87' lang='lat' dir='ltr'>grande</span> <span class='ocrx_word' id='word_1_233' title='bbox 571 3554 629 3617; x_wconf 89' lang='lat' dir='ltr'>nel</span> <span class='ocrx_word' id='word_1_234' title='bbox 654 3556 759 3634; x_wconf 91' lang='lat' dir='ltr'>quale</span> <span class='ocrx_word' id='word_1_235' title='bbox 784 3554 852 3615; x_wconf 91' lang='lat' dir='ltr'>essi</span> <span class='ocrx_word' id='word_1_236' title='bbox 877 3553 906 3615; x_wconf 93' lang='lat' dir='ltr'>si</span> <span class='ocrx_word' id='word_1_237' title='bbox 931 3563 1081 3616; x_wconf 88' lang='lat' dir='ltr'>trovano</span> <span class='ocrx_word' id='word_1_238' title='bbox 1105 3572 1171 3633; x_wconf 88' lang='lat' dir='ltr'>per</span> <span class='ocrx_word' id='word_1_239' title='bbox 1195 3553 1229 3614; x_wconf 88' lang='lat' dir='ltr'>la</span> <span class='ocrx_word' id='word_1_240' title='bbox 1252 3553 1393 3616; x_wconf 87' lang='lat' dir='ltr'>heresia</span> <span class='ocrx_word' id='word_1_241' title='bbox 1417 3564 1452 3615; x_wconf 91' lang='lat' dir='ltr'>et</span> <span class='ocrx_word' id='word_1_242' title='bbox 1481 3574 1559 3635; x_wconf 90' lang='lat' dir='ltr'>pes-</span> 
     </span>
     <span class='ocr_line' id='line_1_28' title="bbox 273 3650 1561 3742; baseline 0 -19"><span class='ocrx_word' id='word_1_243' title='bbox 273 3662 361 3723; x_wconf 89' lang='lat' dir='ltr'>simo</span> <span class='ocrx_word' id='word_1_244' title='bbox 393 3661 527 3724; x_wconf 90' lang='lat' dir='ltr'>scriver</span> <span class='ocrx_word' id='word_1_245' title='bbox 555 3671 591 3722; x_wconf 90' lang='lat' dir='ltr'>et</span> <span class='ocrx_word' id='word_1_246' title='bbox 620 3661 808 3742; x_wconf 88' lang='lat' dir='ltr'>predicare</span> <span class='ocrx_word' id='word_1_247' title='bbox 838 3660 874 3723; x_wconf 92' lang='lat' dir='ltr'>di</span> <span class='ocrx_word' id='word_1_248' title='bbox 908 3670 1034 3742; x_wconf 88' lang='lat' dir='ltr'>questo</span> <span class='ocrx_word' id='word_1_249' title='bbox 1067 3659 1207 3723; x_wconf 86' lang='lat' dir='ltr'>ribaldo</span> <span class='ocrx_word' id='word_1_250' title='bbox 1231 3663 1336 3741; x_wconf 88' lang='lat' dir='ltr'>quale</span> <span class='ocrx_word' id='word_1_251' title='bbox 1361 3681 1430 3722; x_wconf 91' lang='lat' dir='ltr'>non</span> <span class='ocrx_word' id='word_1_252' title='bbox 1456 3650 1561 3723; x_wconf 88' lang='lat' dir='ltr'>cerca</span> 
     </span>
     <span class='ocr_line' id='line_1_29' title="bbox 275 3765 1561 3850; baseline 0 -21"><span class='ocrx_word' id='word_1_253' title='bbox 275 3770 365 3829; x_wconf 88' lang='lat' dir='ltr'>altro</span> <span class='ocrx_word' id='word_1_254' title='bbox 397 3768 463 3829; x_wconf 89' lang='lat' dir='ltr'>che</span> <span class='ocrx_word' id='word_1_255' title='bbox 493 3769 675 3850; x_wconf 88' lang='lat' dir='ltr'>deponere</span> <span class='ocrx_word' id='word_1_256' title='bbox 699 3766 708 3829; x_wconf 90' lang='lat' dir='ltr'>i</span> <span class='ocrx_word' id='word_1_257' title='bbox 735 3767 872 3830; x_wconf 85' lang='lat' dir='ltr'>Grandi</span> <span class='ocrx_word' id='word_1_258' title='bbox 897 3765 1138 3830; x_wconf 90' lang='lat' dir='ltr'>Ecclesiastici</span> <span class='ocrx_word' id='word_1_259' title='bbox 1170 3776 1206 3829; x_wconf 89' lang='lat' dir='ltr'>et</span> <span class='ocrx_word' id='word_1_260' title='bbox 1235 3765 1317 3829; x_wconf 91' lang='lat' dir='ltr'>laici</span> <span class='ocrx_word' id='word_1_261' title='bbox 1342 3774 1378 3829; x_wconf 92' lang='lat' dir='ltr'>et</span> <span class='ocrx_word' id='word_1_262' title='bbox 1401 3766 1561 3830; x_wconf 87' lang='lat' dir='ltr'>excitare</span> 
     </span>
     <span class='ocr_line' id='line_1_30' title="bbox 276 3870 1560 3956; baseline 0.002 -22"><span class='ocrx_word' id='word_1_263' title='bbox 276 3875 298 3934; x_wconf 86' lang='lat' dir='ltr'>il</span> <span class='ocrx_word' id='word_1_264' title='bbox 329 3875 439 3956; x_wconf 87' lang='lat' dir='ltr'>vulgo</span> <span class='ocrx_word' id='word_1_265' title='bbox 474 3883 509 3936; x_wconf 93' lang='lat' dir='ltr'>et</span> <span class='ocrx_word' id='word_1_266' title='bbox 540 3876 575 3936; x_wconf 91' lang='lat' dir='ltr'>la</span> <span class='ocrx_word' id='word_1_267' title='bbox 604 3877 729 3956; x_wconf 80' lang='lat' dir='ltr'>plebe,</span> <span class='ocrx_word' id='word_1_268' title='bbox 764 3888 798 3937; x_wconf 93' lang='lat' dir='ltr'>et</span> <span class='ocrx_word' id='word_1_269' title='bbox 823 3897 844 3937; x_wconf 88' lang='lat' dir='ltr'>a</span> <span class='ocrx_word' id='word_1_270' title='bbox 868 3870 995 3956; x_wconf 90' lang='lat' dir='ltr'>questo</span> <span class='ocrx_word' id='word_1_271' title='bbox 1027 3876 1134 3936; x_wconf 88' lang='lat' dir='ltr'>tende</span> <span class='ocrx_word' id='word_1_272' title='bbox 1166 3882 1257 3936; x_wconf 90' lang='lat' dir='ltr'>tutto</span> <span class='ocrx_word' id='word_1_273' title='bbox 1282 3873 1306 3936; x_wconf 91' lang='lat' dir='ltr'>il</span> <span class='ocrx_word' id='word_1_274' title='bbox 1331 3894 1394 3936; x_wconf 92' lang='lat' dir='ltr'>suo</span> <span class='ocrx_word' id='word_1_275' title='bbox 1419 3894 1560 3937; x_wconf 90' lang='lat' dir='ltr'>veneno</span> 
     </span>
     <span class='ocr_line' id='line_1_31' title="bbox 275 3980 1561 4063; baseline 0.001 -21"><span class='ocrx_word' id='word_1_276' title='bbox 275 3981 311 4042; x_wconf 91' lang='lat' dir='ltr'>di</span> <span class='ocrx_word' id='word_1_277' title='bbox 341 3980 512 4043; x_wconf 89' lang='lat' dir='ltr'>suscitare</span> <span class='ocrx_word' id='word_1_278' title='bbox 543 3982 681 4044; x_wconf 89' lang='lat' dir='ltr'>tumulti</span> <span class='ocrx_word' id='word_1_279' title='bbox 716 3990 752 4044; x_wconf 90' lang='lat' dir='ltr'>et</span> <span class='ocrx_word' id='word_1_280' title='bbox 782 3981 942 4044; x_wconf 87' lang='lat' dir='ltr'>scandali</span> <span class='ocrx_word' id='word_1_281' title='bbox 973 3990 1009 4043; x_wconf 93' lang='lat' dir='ltr'>et</span> <span class='ocrx_word' id='word_1_282' title='bbox 1040 3991 1188 4043; x_wconf 88' lang='lat' dir='ltr'>mettere</span> <span class='ocrx_word' id='word_1_283' title='bbox 1220 3980 1300 4043; x_wconf 83' lang='lat' dir='ltr'>tutti</span> <span class='ocrx_word' id='word_1_284' title='bbox 1330 3981 1341 4043; x_wconf 95' lang='lat' dir='ltr'>i</span> <span class='ocrx_word' id='word_1_285' title='bbox 1369 3981 1492 4063; x_wconf 93' lang='lat' dir='ltr'>populi</span> <span class='ocrx_word' id='word_1_286' title='bbox 1525 3981 1561 4043; x_wconf 90' lang='lat' dir='ltr'>in</span> 
     </span>
     <span class='ocr_line' id='line_1_32' title="bbox 274 4087 1563 4168; baseline 0.002 -19"><span class='ocrx_word' id='word_1_287' title='bbox 274 4087 356 4149; x_wconf 87' lang='lat' dir='ltr'>foco</span> <span class='ocrx_word' id='word_1_288' title='bbox 389 4096 425 4150; x_wconf 91' lang='lat' dir='ltr'>et</span> <span class='ocrx_word' id='word_1_289' title='bbox 454 4087 594 4150; x_wconf 87' lang='lat' dir='ltr'>fiamma</span> <span class='ocrx_word' id='word_1_290' title='bbox 628 4098 752 4151; x_wconf 90' lang='lat' dir='ltr'>contra</span> <span class='ocrx_word' id='word_1_291' title='bbox 776 4088 787 4150; x_wconf 91' lang='lat' dir='ltr'>i</span> <span class='ocrx_word' id='word_1_292' title='bbox 811 4090 887 4151; x_wconf 89' lang='lat' dir='ltr'>loro</span> <span class='ocrx_word' id='word_1_293' title='bbox 922 4088 1113 4168; x_wconf 85' lang='lat' dir='ltr'>superiori,</span> <span class='ocrx_word' id='word_1_294' title='bbox 1145 4088 1180 4149; x_wconf 88' lang='lat' dir='ltr'>in</span> <span class='ocrx_word' id='word_1_295' title='bbox 1212 4089 1317 4150; x_wconf 90' lang='lat' dir='ltr'>modo</span> <span class='ocrx_word' id='word_1_296' title='bbox 1348 4091 1413 4150; x_wconf 91' lang='lat' dir='ltr'>che</span> <span class='ocrx_word' id='word_1_297' title='bbox 1438 4089 1466 4151; x_wconf 89' lang='lat' dir='ltr'>si</span> <span class='ocrx_word' id='word_1_298' title='bbox 1492 4090 1563 4151; x_wconf 90' lang='lat' dir='ltr'>essi</span> 
     </span>
     <span class='ocr_line' id='line_1_33' title="bbox 276 4180 1560 4277; baseline 0.002 -21"><span class='ocrx_word' id='word_1_299' title='bbox 276 4193 420 4276; x_wconf 84' lang='lat' dir='ltr'>Signori</span> <span class='ocrx_word' id='word_1_300' title='bbox 443 4193 560 4257; x_wconf 74' lang='lat' dir='ltr'>finche</span> <span class='ocrx_word' id='word_1_301' title='bbox 584 4198 704 4258; x_wconf 86' lang='lat' dir='ltr'>hanno</span> <span class='ocrx_word' id='word_1_302' title='bbox 728 4195 764 4256; x_wconf 90' lang='lat' dir='ltr'>in</span> <span class='ocrx_word' id='word_1_303' title='bbox 788 4215 894 4257; x_wconf 85' lang='lat' dir='ltr'>mano</span> <span class='ocrx_word' id='word_1_304' title='bbox 919 4197 953 4257; x_wconf 90' lang='lat' dir='ltr'>la</span> <span class='ocrx_word' id='word_1_305' title='bbox 976 4194 1129 4276; x_wconf 75' lang='lat' dir='ltr'>podesta</span> <span class='ocrx_word' id='word_1_306' title='bbox 1154 4215 1225 4257; x_wconf 92' lang='lat' dir='ltr'>non</span> <span class='ocrx_word' id='word_1_307' title='bbox 1250 4196 1273 4256; x_wconf 92' lang='lat' dir='ltr'>li</span> <span class='ocrx_word' id='word_1_308' title='bbox 1297 4180 1508 4277; x_wconf 71' lang='lat' dir='ltr'>provedon&#39;o</span> <span class='ocrx_word' id='word_1_309' title='bbox 1525 4196 1560 4258; x_wconf 88' lang='lat' dir='ltr'>in</span> 
     </span>
     <span class='ocr_line' id='line_1_34' title="bbox 276 4301 1563 4385; baseline 0.002 -22"><span class='ocrx_word' id='word_1_310' title='bbox 276 4312 401 4382; x_wconf 87' lang='lat' dir='ltr'>questa</span> <span class='ocrx_word' id='word_1_311' title='bbox 425 4301 532 4363; x_wconf 89' lang='lat' dir='ltr'>Dieta</span> <span class='ocrx_word' id='word_1_312' title='bbox 563 4323 630 4364; x_wconf 90' lang='lat' dir='ltr'>con</span> <span class='ocrx_word' id='word_1_313' title='bbox 661 4302 808 4365; x_wconf 90' lang='lat' dir='ltr'>remedii</span> <span class='ocrx_word' id='word_1_314' title='bbox 833 4302 991 4383; x_wconf 91' lang='lat' dir='ltr'>presenti</span> <span class='ocrx_word' id='word_1_315' title='bbox 1017 4311 1052 4363; x_wconf 93' lang='lat' dir='ltr'>et</span> <span class='ocrx_word' id='word_1_316' title='bbox 1074 4301 1271 4380; x_wconf 87' lang='lat' dir='ltr'>fortissimi,</span> <span class='ocrx_word' id='word_1_317' title='bbox 1303 4301 1392 4365; x_wconf 91' lang='lat' dir='ltr'>detti</span> <span class='ocrx_word' id='word_1_318' title='bbox 1416 4301 1563 4385; x_wconf 85' lang='lat' dir='ltr'>Signori</span> 
     </span>
     <span class='ocr_line' id='line_1_35' title="bbox 277 4407 1562 4489; baseline 0.005 -22"><span class='ocrx_word' id='word_1_319' title='bbox 277 4428 430 4470; x_wconf 84' lang='lat' dir='ltr'>saranno</span> <span class='ocrx_word' id='word_1_320' title='bbox 456 4407 466 4468; x_wconf 92' lang='lat' dir='ltr'>i</span> <span class='ocrx_word' id='word_1_321' title='bbox 488 4407 594 4489; x_wconf 90' lang='lat' dir='ltr'>&#39;primi</span> <span class='ocrx_word' id='word_1_322' title='bbox 620 4429 641 4469; x_wconf 87' lang='lat' dir='ltr'>a</span> <span class='ocrx_word' id='word_1_323' title='bbox 665 4407 780 4489; x_wconf 88' lang='lat' dir='ltr'>patire</span> <span class='ocrx_word' id='word_1_324' title='bbox 804 4410 882 4471; x_wconf 88' lang='lat' dir='ltr'>loro</span> <span class='ocrx_word' id='word_1_325' title='bbox 908 4418 944 4471; x_wconf 93' lang='lat' dir='ltr'>et</span> <span class='ocrx_word' id='word_1_326' title='bbox 966 4409 1119 4488; x_wconf 88' lang='lat' dir='ltr'>ruinare,</span> <span class='ocrx_word' id='word_1_327' title='bbox 1148 4420 1183 4471; x_wconf 87' lang='lat' dir='ltr'>et</span> <span class='ocrx_word' id='word_1_328' title='bbox 1207 4409 1230 4471; x_wconf 91' lang='lat' dir='ltr'>il</span> <span class='ocrx_word' id='word_1_329' title='bbox 1256 4409 1362 4472; x_wconf 85' lang='lat' dir='ltr'>fuoco</span> <span class='ocrx_word' id='word_1_330' title='bbox 1387 4431 1514 4474; x_wconf 89' lang='lat' dir='ltr'>acceso</span> <span class='ocrx_word' id='word_1_331' title='bbox 1539 4413 1562 4473; x_wconf 86' lang='lat' dir='ltr'>ll</span> 
     </span>
     <span class='ocr_line' id='line_1_36' title="bbox 276 4513 1562 4599; baseline 0.003 -24"><span class='ocrx_word' id='word_1_332' title='bbox 276 4515 311 4575; x_wconf 92' lang='lat' dir='ltr'>in</span> <span class='ocrx_word' id='word_1_333' title='bbox 336 4513 528 4577; x_wconf 88' lang='lat' dir='ltr'>Germania</span> <span class='ocrx_word' id='word_1_334' title='bbox 557 4514 685 4577; x_wconf 67' lang='lat' dir='ltr'>ardere</span> <span class='ocrx_word' id='word_1_335' title='bbox 715 4516 829 4596; x_wconf 85' lang='lat' dir='ltr'>prima</span> <span class='ocrx_word' id='word_1_336' title='bbox 856 4517 975 4596; x_wconf 90' lang='lat' dir='ltr'>quella</span> <span class='ocrx_word' id='word_1_337' title='bbox 999 4516 1143 4579; x_wconf 90' lang='lat' dir='ltr'>natione</span> <span class='ocrx_word' id='word_1_338' title='bbox 1168 4527 1203 4578; x_wconf 90' lang='lat' dir='ltr'>et</span> <span class='ocrx_word' id='word_1_339' title='bbox 1227 4516 1321 4579; x_wconf 92' lang='lat' dir='ltr'>lochi</span> <span class='ocrx_word' id='word_1_340' title='bbox 1346 4516 1368 4579; x_wconf 94' lang='lat' dir='ltr'>li</span> <span class='ocrx_word' id='word_1_341' title='bbox 1395 4517 1455 4597; x_wconf 83' lang='lat' dir='ltr'>piir</span> <span class='ocrx_word' id='word_1_342' title='bbox 1482 4538 1562 4599; x_wconf 90' lang='lat' dir='ltr'>pro-</span> 
     </span>
     <span class='ocr_line' id='line_1_37' title="bbox 277 4620 1563 4706; baseline 0.003 -24"><span class='ocrx_word' id='word_1_343' title='bbox 277 4620 397 4702; x_wconf 90' lang='lat' dir='ltr'>pinqui</span> <span class='ocrx_word' id='word_1_344' title='bbox 423 4622 488 4682; x_wconf 90' lang='lat' dir='ltr'>che</span> <span class='ocrx_word' id='word_1_345' title='bbox 512 4620 627 4702; x_wconf 88' lang='lat' dir='ltr'>questi</span> <span class='ocrx_word' id='word_1_346' title='bbox 652 4622 721 4702; x_wconf 76' lang='lat' dir='ltr'>qua</span> <span class='ocrx_word' id='word_1_347' title='bbox 746 4623 790 4684; x_wconf 92' lang='lat' dir='ltr'>de</span> <span class='ocrx_word' id='word_1_348' title='bbox 815 4621 919 4683; x_wconf 91' lang='lat' dir='ltr'>Italia</span> <span class='ocrx_word' id='word_1_349' title='bbox 943 4631 979 4684; x_wconf 89' lang='lat' dir='ltr'>et</span> <span class='ocrx_word' id='word_1_350' title='bbox 1003 4624 1098 4683; x_wconf 89' lang='lat' dir='ltr'>della</span> <span class='ocrx_word' id='word_1_351' title='bbox 1114 4622 1252 4687; x_wconf 83' lang='lat' dir='ltr'>Chiesa.</span> <span class='ocrx_word' id='word_1_352' title='bbox 1289 4622 1377 4685; x_wconf 89' lang='lat' dir='ltr'>Fate</span> <span class='ocrx_word' id='word_1_353' title='bbox 1403 4624 1489 4706; x_wconf 82' lang='lat' dir='ltr'>ogni</span> <span class='ocrx_word' id='word_1_354' title='bbox 1514 4625 1563 4686; x_wconf 91' lang='lat' dir='ltr'>in-</span> 
     </span>
     <span class='ocr_line' id='line_1_38' title="bbox 277 4727 1564 4810; baseline 0.004 -23"><span class='ocrx_word' id='word_1_355' title='bbox 277 4727 407 4789; x_wconf 88' lang='lat' dir='ltr'>stantia</span> <span class='ocrx_word' id='word_1_356' title='bbox 422 4735 457 4789; x_wconf 90' lang='lat' dir='ltr'>et</span> <span class='ocrx_word' id='word_1_357' title='bbox 478 4727 594 4789; x_wconf 83' lang='lat' dir='ltr'>sforzo</span> <span class='ocrx_word' id='word_1_358' title='bbox 615 4729 680 4789; x_wconf 92' lang='lat' dir='ltr'>che</span> <span class='ocrx_word' id='word_1_359' title='bbox 693 4727 834 4807; x_wconf 90' lang='lat' dir='ltr'>Cesare,</span> <span class='ocrx_word' id='word_1_360' title='bbox 851 4727 1075 4809; x_wconf 86' lang='lat' dir='ltr'>Maguntin0,</span> <span class='ocrx_word' id='word_1_361' title='bbox 1093 4727 1245 4810; x_wconf 84' lang='lat' dir='ltr'>Cevrex,</span> <span class='ocrx_word' id='word_1_362' title='bbox 1260 4729 1283 4791; x_wconf 94' lang='lat' dir='ltr'>il</span> <span class='ocrx_word' id='word_1_363' title='bbox 1295 4728 1510 4792; x_wconf 84' lang='lat' dir='ltr'>Confessore</span> <span class='ocrx_word' id='word_1_364' title='bbox 1528 4740 1564 4794; x_wconf 89' lang='lat' dir='ltr'>et</span> 
     </span>
     <span class='ocr_line' id='line_1_39' title="bbox 278 4830 1563 4920; baseline 0.005 -25"><span class='ocrx_word' id='word_1_365' title='bbox 278 4833 385 4917; x_wconf 91' lang='lat' dir='ltr'>quelli</span> <span class='ocrx_word' id='word_1_366' title='bbox 401 4833 482 4896; x_wconf 90' lang='lat' dir='ltr'>altri</span> <span class='ocrx_word' id='word_1_367' title='bbox 493 4830 638 4916; x_wconf 86' lang='lat' dir='ltr'>Signori</span> <span class='ocrx_word' id='word_1_368' title='bbox 656 4832 766 4897; x_wconf 89' lang='lat' dir='ltr'>fedeli</span> <span class='ocrx_word' id='word_1_369' title='bbox 784 4834 813 4897; x_wconf 91' lang='lat' dir='ltr'>si</span> <span class='ocrx_word' id='word_1_370' title='bbox 832 4835 995 4916; x_wconf 84' lang='lat' dir='ltr'>sveglino</span> <span class='ocrx_word' id='word_1_371' title='bbox 1015 4846 1050 4897; x_wconf 87' lang='lat' dir='ltr'>et</span> <span class='ocrx_word' id='word_1_372' title='bbox 1067 4835 1156 4897; x_wconf 91' lang='lat' dir='ltr'>hora</span> <span class='ocrx_word' id='word_1_373' title='bbox 1177 4836 1267 4898; x_wconf 89' lang='lat' dir='ltr'>hora</span> <span class='ocrx_word' id='word_1_374' title='bbox 1284 4837 1378 4899; x_wconf 88' lang='lat' dir='ltr'>nella</span> <span class='ocrx_word' id='word_1_375' title='bbox 1394 4847 1563 4920; x_wconf 90' lang='lat' dir='ltr'>presente</span> 
     </span>
    </p>
   </div>
   <div class='ocr_carea' id='block_1_5' title="bbox 0 0 1797 5734">
    <p class='ocr_par' dir='ltr' id='par_1_6' title="bbox 0 0 1797 5734">
     <span class='ocr_line' id='line_1_40' title="bbox 0 0 1797 5734; baseline 0 0"><span class='ocrx_word' id='word_1_376' title='bbox 0 0 1797 5734; x_wconf 95' lang='lat' dir='ltr'> </span> 
     </span>
    </p>
   </div>
  </div>
 </body>
</html>
