3559 5734
810 536 1039 592 cc4328&

373 679 542 743 Chievres
558 690 656 743 certo
673 681 693 744 ὁ
709 685 828 745 buono
846 695 881 744 et
903 682 1023 765 magni
1046 682 1224 762 momenti,
1249 682 1389 745 benene
1414 682 1461 745 lui
1486 683 1566 747 dice

282 787 316 848 in
349 798 473 868 queste
506 809 589 851 cose
622 810 686 872 per
718 811 787 852 non
820 811 918 853 esser
950 792 1049 852 dotto
1076 793 1238 870 besogna
1262 791 1341 853 chel
1366 810 1404 853 se
1430 790 1565 872 reporti

282 894 341 956 alli
357 894 558 971 conselieri;
584 907 710 978 questo
735 900 812 960 solo
837 896 856 960 ὲ
881 898 1059 960 contrario
1084 899 1150 960 che
1174 896 1221 959 lui
1246 896 1411 960 desidera
1431 906 1565 978 quanto

283 1001 342 1083 piu
376 1003 448 1085 pud
479 1014 727 1086 pacatamente
751 1004 808 1071 far
831 1007 897 1068 che
923 1004 1032 1068 Cesar
1061 1005 1223 1083 ottenghi
1247 1014 1337 1066 tutte
1361 1005 1395 1066 le
1419 1024 1482 1067 sue
1511 1024 1564 1066 co·

283 1129 368 1170 rone
385 1120 421 1172 et
445 1111 533 1192 perd
557 1122 679 1194 presta
703 1112 845 1175 orechie
870 1113 901 1176 a'
918 1111 1088 1175 Germani
1113 1123 1149 1174 et
1172 1112 1422 1194 temporeggia
1447 1113 1480 1173 al
1506 1133 1565 1193 ap·

281 1216 394 1296 petito
427 1218 504 1280 loro
536 1217 571 1280 in
604 1229 730 1300 questa
756 1239 841 1282 cosa
865 1219 900 1280 di
925 1220 1059 1283 Luther
1083 1238 1147 1302 per
1171 1221 1204 1281 le
1229 1238 1412 1299 promesse
1436 1218 1566 1300 grandi

281 1324 314 1384 le
346 1323 454 1386 fanno
488 1326 522 1386 di
556 1346 821 1409 accompagnar
845 1327 956 1389 Cesar
983 1327 1053 1389 alla
1085 1347 1216 1388 corona
1240 1326 1276 1388 di
1301 1326 1437 1403 Roma,
1471 1334 1506 1387 et
1531 1327 1565 1387 lo

282 1433 541 1511 aggabberano
566 1435 702 1512 saltem,
727 1434 793 1496 che
817 1455 882 1516 per
906 1432 930 1495 il
954 1443 1120 1514 presente
1145 1453 1215 1495 non
1240 1453 1393 1495 saranno
1418 1433 1515 1495 nulla
1530 1433 1563 1494 di

282 1538 399 1617 quello
424 1538 595 1602 Chievres
623 1540 797 1603 desidera.

370 1646 545 1709 Tudensis
565 1648 611 1710 ha
634 1658 819 1731 composto
844 1669 914 1710 una
939 1647 1099 1710 oratione
1123 1656 1247 1709 contra
1272 1646 1294 1708 li
1313 1647 1505 1709 Lutherani
1531 1649 1564 1708 ia

282 1755 364 1832 qual
397 1772 462 1834 per
494 1763 619 1834 questo
651 1756 768 1816 harrei
793 1755 979 1834 mandata,
1004 1775 1060 1815 ma
1084 1754 1103 1816 ὲ
1128 1754 1251 1816 scritta
1276 1752 1564 1823 scorrettissima;

282 1858 346 1920 Lui
371 1860 536 1923 desidera
562 1862 669 1924 molto
695 1864 760 1925 che
786 1862 826 1924 N.
850 1860 886 1925 S.
913 1871 948 1923 et
972 1861 1016 1923 V.
1034 1860 1070 1922 S.
1095 1862 1218 1934 Rem*
1242 1862 1274 1922 la
1299 1860 1395 1932 vedi;
1422 1861 1565 1922 manda·

282 1970 358 2029 rola
387 1988 452 2049 per
482 1969 505 2030 il
531 1970 655 2051 primo.
702 1968 744 2031 El
770 1970 868 2031 detto
885 1968 1060 2031 Tudensis
1085 1971 1229 2031 multum
1254 1968 1483 2049 conqueritur
1507 1968 1564 2030 de’

282 2095 342 2136 sue
368 2075 479 2155 bulle,
504 2086 539 2137 et
563 2074 701 2139 benche
727 2077 844 2155 cred0‚
870 2095 970 2138 come
995 2074 1152 2158 intendo,
1177 2077 1243 2139 che
1268 2075 1315 2138 lui
1340 2074 1449 2137 habbi
1469 2085 1564 2138 torto

230 2249 233 2254 ,
281 2191 404 2243 contra
419 2184 501 2244 Don
518 2182 614 2265 Loys
630 2182 753 2265 Caroz,
776 2184 967 2245 tuttavolta
992 2203 1056 2264 per
1080 2202 1176 2245 esser
1193 2183 1367 2245 Tudensis
1392 2202 1566 2264 appresso

282 2289 390 2351 Cesar
415 2299 451 2351 et
471 2289 641 2354 Chievres
665 2312 821 2353 summae
845 2289 1067 2352 auctoritatis
1091 2299 1127 2352 et
1150 2288 1298 2370 gratiae,
1323 2291 1369 2351 ho
1395 2309 1460 2371 per
1484 2309 1563 2351 con-

282 2395 368 2458 selio
402 2400 446 2459 da
478 2399 615 2479 grande
650 2419 802 2481 persone
835 2399 901 2460 che
925 2397 969 2459 N.
993 2396 1029 2459 S.
1064 2397 1097 2458 el
1122 2397 1326 2458 deverebbe
1352 2395 1566 2476 compiacer,

281 2525 351 2565 non
377 2502 456 2566 dico
482 2504 517 2565 di
540 2503 597 2567 far
620 2504 788 2567 iniustitia
813 2526 833 2566 o
857 2514 951 2566 torto
976 2505 1022 2566 ad
1046 2506 1190 2581 alcun0‚
1223 2524 1279 2565 ma
1303 2501 1338 2563 di
1363 2504 1475 2565 veder
1500 2504 1567 2565 che

281 2612 361 2672 Don
394 2611 490 2693 Loys
523 2632 589 2673 con
624 2613 773 2693 qualche
808 2614 897 2673 altra
930 2630 1114 2692 promessa
1147 2610 1181 2671 di
1209 2610 1339 2672 Nostro
1364 2608 1518 2691 Signore
1544 2631 1566 2671 o

281 2739 514 2801 recompensa
537 2722 690 2781 lassasse
715 2720 763 2781 tal
788 2717 974 2781 beneficio,
1010 2718 1049 2779 In
1076 2728 1201 2798 questo
1227 2737 1296 2780 non
1322 2717 1405 2779 dico
1429 2739 1467 2779 se
1493 2738 1564 2779 non

281 2828 314 2887 lo
340 2827 406 2888 che
430 2847 486 2888 me
510 2826 706 2889 consiliario
731 2825 839 2907 quelli
863 2826 929 2887 che
945 2825 1073 2887 dicono
1092 2844 1189 2888 esser
1205 2823 1369 2886 servitori
1386 2833 1421 2886 et
1435 2825 1566 2906 grandi

280 2933 382 2995 amici
415 2933 451 2994 di
477 2933 608 2996 Vostra
632 2932 800 3014 Signoria
824 2931 1155 3010 Reverendissima,
1189 2940 1223 2993 et
1248 2942 1329 2993 sunt
1351 2930 1409 2993 hic
1434 2931 1564 3014 magni.

282 3039 346 3101 Piu
374 3042 471 3103 volte
496 3042 529 3103 el
553 3042 651 3103 detto
676 3041 842 3103 Tudense
866 3040 913 3103 mi
937 3042 983 3102 ha
1008 3040 1106 3102 detto
1131 3041 1196 3101 che
1220 3041 1267 3101 ha
1291 3038 1381 3101 fatto
1407 3050 1443 3101 et
1467 3039 1504 3102 fa
1529 3038 1564 3102 in

281 3157 405 3227 questa
421 3168 504 3210 cosa
530 3147 565 3209 di
578 3147 711 3210 Luther
739 3158 830 3210 tutto
848 3148 869 3209 ’l
895 3146 1076 3230 possibile,
1100 3148 1279 3228 loquendo
1304 3156 1340 3209 et
1361 3146 1565 3225 scribend0,

280 3276 337 3315 ma
365 3255 431 3316 che
462 3256 534 3317 ben
567 3255 656 3318 vede
690 3275 768 3317 esse
799 3254 935 3317 irritum
967 3256 1141 3331 laborem,
1175 3264 1210 3316 et
1242 3254 1323 3316 altri
1357 3253 1460 3335 punti
1490 3252 1564 3317 cosi

281 3361 469 3442 passando,
494 3365 527 3425 al
553 3364 618 3425 che
642 3363 821 3445 respondo
846 3362 964 3442 quello
989 3381 1044 3424 me
1069 3381 1134 3442 par
1158 3364 1191 3423 el
1215 3363 1349 3424 dovere
1374 3383 1439 3445 per
1463 3363 1564 3425 satis·

280 3468 386 3547 farlo,
418 3479 454 3530 et
477 3468 683 3550 s’acquieta
707 3467 799 3531 assai
825 3470 927 3546 bene,
953 3478 988 3529 et
1013 3469 1229 3549 comprendo
1248 3470 1313 3530 che
1329 3469 1565 3550 perseverarat

281 3596 380 3638 come
397 3576 624 3638 commencio.
663 3577 722 3638 Ma
745 3596 783 3637 se
808 3575 829 3636 1’
843 3576 934 3637 altro
961 3573 997 3636 di
1022 3595 1041 3635 a
1064 3574 1253 3656 Moguntia
1276 3585 1374 3637 torse
1397 3596 1444 3637 un
1471 3595 1564 3657 poco

281 3685 314 3743 la
338 3683 429 3744 coda
453 3682 490 3745 fu
515 3682 600 3745 forsi
626 3703 697 3745 una
720 3693 877 3745 monstra
901 3702 966 3763 per
990 3681 1091 3745 venir
1115 3684 1147 3743 al
1164 3681 1254 3745 fatto
1273 3703 1348 3761 su0,
1373 3684 1564 3763 utcumque

280 3799 334 3850 est
359 3788 456 3851 multi
480 3789 675 3871 faciendus,
701 3790 783 3871 quia
806 3789 863 3852 hic
888 3789 1038 3870 plurima
1060 3800 1188 3871 potest,
1215 3790 1367 3852 maxime
1384 3790 1419 3851 in
1436 3801 1564 3871 questa

282 3916 365 3956 cosa
398 3916 464 3976 per
495 3916 592 3959 esser
623 3898 724 3959 dotto
757 3906 792 3959 et
819 3905 924 3977 grato
948 3897 982 3957 al
1006 3896 1192 3980 Principe,
1226 3896 1311 3960 nihil
1334 3906 1454 3959 tamen
1478 3907 1565 3978 peto

283 4014 427 4083 praeter
447 4003 503 4084 jus
527 4012 563 4065 et
587 4002 651 4066 ias.

370 4109 411 4171 El
429 4109 648 4173 Cancelliere
673 4110 692 4171 e
717 4110 828 4192 gentil
854 4130 1018 4191 persona,
1044 4121 1078 4172 et
1102 4109 1128 4172 si
1155 4119 1260 4190 porta
1283 4112 1387 4188 bene,
1413 4131 1470 4172 ma
1487 4111 1566 4174 fara

281 4226 413 4295 quanto
438 4216 545 4279 vorra
569 4216 741 4280 Chievres
764 4217 823 4298 qui
849 4217 1036 4299 plurimum
1060 4228 1222 4279 movetur
1246 4237 1267 4278 a
1291 4217 1458 4280 'i'udensi

370 4322 571 4386 Pallentino
596 4325 741 4387 multum
767 4345 805 4387 se
830 4324 945 4403 offert,
974 4345 1030 4386 ma
1054 4331 1179 4404 questo
1205 4322 1234 4385 si
1258 4332 1366 4385 tratta
1391 4326 1449 4386 nel
1475 4325 1563 4387 Con-

280 4430 393 4508 seglio
418 4430 693 4513 D'Alemagna‚
727 4432 821 4493 dove
854 4431 902 4492 lui
936 4451 1006 4492 non
1040 4440 1159 4501 entra;
1194 4438 1286 4492 tutta
1315 4428 1401 4492 flata
1432 4430 1467 4493 io
1493 4452 1564 4494 non

281 4557 382 4598 cesso
406 4538 722 4601 raccommandarli
746 4541 781 4601 la
804 4558 899 4600 cosa.

370 4644 410 4705 El
436 4645 538 4708 Duca
569 4646 604 4708 di
633 4646 728 4708 Alva
756 4645 792 4707 in
822 4644 948 4707 favore
981 4644 1016 4705 di
1050 4643 1180 4705 Nostro
1212 4640 1367 4725 Signore
1399 4653 1435 4706 et
1469 4645 1565 4707 della

281 4752 408 4814 Chiesa
432 4753 461 4815 si
482 4752 632 4816 straccia
655 4751 679 4815 li
703 4752 824 4835 panni,
849 4771 915 4815 con
935 4761 1034 4814 tanto
1058 4749 1201 4812 fervore
1225 4770 1269 4811 ne
1294 4753 1410 4831 paria:
1459 4752 1503 4813 Et
1528 4753 1564 4815 in

279 4880 365 4920 vero
390 4858 463 4922 cosi
488 4859 595 4922 fanno
621 4860 701 4922 tutti
726 4859 750 4921 li
774 4857 949 4942 spagnoli,
975 4867 1118 4920 excetto
1143 4857 1166 4918 li
1187 4856 1396 4920 mercatanti
1412 4859 1565 4940 sospetti
