3559 5734
911 819 964 884 93.

637 936 845 1016 1100111101
872 934 1245 1018 vicecancellarii.

699 1082 865 1155 (1111111101.
886 1080 1035 1141 German„
1053 1081 1084 1140 t.
1102 1082 1181 1153 182.)

806 1201 879 1269 (22.?
899 1204 964 1251 Maii
987 1199 1074 1270 1521.)

389 1324 637 1388 Continuando
673 1347 694 1388 a
718 1328 800 1408 quel
835 1329 901 1389 che
927 1327 1045 1390 scrissi
1070 1326 1129 1390 alli
1152 1327 1227 1389 XV
1251 1326 1454 1407 significare
1478 1348 1580 1391 como

298 1453 430 1496 ancora
466 1453 536 1497 non
572 1454 660 1497 sono
695 1434 854 1515 expediti
885 1435 1001 1516 questi
1024 1434 1179 1498 mandati
1206 1454 1276 1498 non
1300 1433 1360 1515 gii
1383 1455 1449 1516 per
1473 1436 1580 1516 colpa

298 1550 438 1621 nostra,
472 1540 496 1602 li
528 1541 623 1621 quali
651 1540 789 1604 facemo
821 1549 912 1603 tutte
937 1543 969 1604 le
993 1540 1160 1604 instantie
1184 1562 1205 1603 a
1229 1540 1288 1604 noi
1312 1542 1492 1624 possibili,
1524 1563 1581 1605 ma

298 1646 430 1729 perche
455 1647 565 1710 Cesar
588 1647 667 1711 dice
692 1650 792 1711 voler
816 1648 959 1711 omnino
984 1648 1248 1712 communicarli
1265 1669 1349 1712 con
1378 1648 1402 1711 li
1427 1649 1580 1732 principi

299 1763 334 1816 et
358 1756 424 1817 che
449 1774 519 1816 non
545 1754 751 1834 dubitiam0,
775 1754 908 1836 perche
932 1755 1053 1817 avanti
1082 1757 1159 1818 chel
1185 1754 1213 1817 si
1238 1755 1331 1837 parti
1357 1757 1402 1818 de
1426 1759 1457 1819 10
1484 1756 1581 1819 dieta

299 1861 376 1923 fara
401 1861 552 1941 expedir
577 1870 612 1924 et
635 1860 799 1943 publicar
823 1873 858 1924 et
883 1862 1033 1943 exequir
1053 1862 1198 1944 publice
1223 1863 1269 1924 ob
1294 1864 1416 1925 oculos
1439 1883 1522 1926 suos
1546 1865 1580 1925 el

297 1968 465 2030 mandato
490 1968 525 2029 in
550 1968 737 2030 alemanno
762 1977 798 2030 et
812 1968 933 2049 latino,
958 1968 1121 2032 francese
1136 1979 1172 2031 et
1187 1967 1411 2051 fiammengo,
1435 1969 1460 2032 11
1484 1970 1580 2050 quali

298 2074 348 2137 lui
371 2078 452 2137 vole
477 2076 543 2138 che
568 2075 709 2138 omnino
732 2097 770 2138 se
795 2076 1047 2158 expediscano.
1086 2075 1128 2138 El
1153 2075 1355 2139 cancellieri
1372 2087 1408 2139 et
1424 2076 1505 2139 tutti
1521 2078 1579 2139 del

299 2182 457 2244 conselio
489 2182 617 2244 dicono
648 2184 714 2245 che
748 2182 771 2244 li
797 2182 1043 2264 expediranno
1069 2183 1210 2264 quando
1235 2204 1256 2245 a
1279 2184 1339 2246 noi
1362 2183 1521 2265 piacera,
1546 2186 1579 2247 el

300 2291 365 2351 che
396 2288 508 2369 perhd
534 2309 604 2351 non
628 2290 768 2352 volemo
793 2310 832 2351 se
857 2310 927 2352 non
951 2289 1007 2352 all'
1032 2289 1155 2352 ultimo
1184 2290 1327 2370 quando
1351 2310 1490 2354 saremo
1515 2311 1581 2373 per

298 2396 411 2478 partir
435 2396 480 2458 de
511 2400 569 2476 qul
594 2395 761 2490 perche„
779 2417 850 2459 non
874 2397 1056 2477 giovando
1081 2396 1143 2459 tali
1167 2396 1323 2458 mandati
1349 2402 1407 2479 qul
1432 2398 1466 2460 in
1493 2397 1579 2462 Ger·

298 2503 425 2583 mania,
450 2513 591 2566 tenemo
615 2503 685 2565 imo
709 2497 901 2566 habbiamo
926 2502 1026 2583 quasi
1045 2523 1112 2586 per
1126 2515 1224 2566 certo
1239 2507 1305 2567 che
1321 2514 1491 2586 questore
1516 2526 1581 2587 per

298 2611 443 2674 haverci
459 2631 631 2674 concesso
648 2610 736 2673 detti
752 2610 919 2690 mandati,
943 2619 1146 2673 monstreno
1164 2611 1209 2673 de
1232 2612 1377 2675 haverci
1402 2611 1580 2675 satisfatto

300 2726 335 2779 et
367 2716 426 2798 poi
453 2737 521 2779 non
548 2716 679 2779 lassino
704 2717 856 2798 expedit
879 2717 901 2779 l’
917 2720 1080 2780 alemano
1109 2728 1144 2780 et
1167 2718 1317 2781 mandar
1340 2721 1409 2782 alle
1433 2718 1520 2781 cirta
1544 2730 1581 2782 et

299 2823 393 2887 lochi
418 2825 462 2886 de
478 2823 672 2886 Germania
695 2824 815 2887 donde
840 2825 859 2886 ὲ
883 2823 1045 2887 nasciuto
1069 2824 1093 2887 il
1110 2826 1201 2887 male
1219 2835 1254 2887 et
1272 2825 1364 2888 dove
1381 2826 1399 2888 ὲ
1417 2828 1580 2908 besogno

299 2932 362 2993 dar
388 2930 558 2993 remedio.
608 2930 653 2992 Et
677 2931 712 2992 in
736 2934 786 2993 101
801 2952 885 2994 caso
903 2931 927 2993 li
942 2932 1117 2994 lutherani
1133 2930 1381 3013 piliarebbeno
1397 2932 1458 3014 piu
1473 2932 1580 3014 piede

300 3039 365 3099 che
390 3036 420 3098 si
444 3038 527 3100 null’
553 3040 642 3100 altro
667 3037 764 3101 fusse
788 3038 976 3120 expedito,
1007 3039 1120 3122 perho
1145 3038 1174 3101 si
1198 3037 1235 3100 fa
1258 3058 1324 3119 per
1347 3039 1405 3102 noi
1429 3017 1521 3102 tutta
1545 3041 1580 3103 10

300 3144 468 3206 instantia
492 3146 557 3207 che
583 3145 642 3208 noi
666 3145 830 3207 habiamo
848 3146 897 3207 tal
915 3145 1146 3226 expeditione
1162 3145 1197 3207 in
1215 3145 1320 3227 dieta,
1345 3145 1369 3208 il
1386 3148 1452 3210 che
1470 3147 1581 3211 Cesar

300 3272 362 3315 ore
387 3273 449 3313 suo
474 3252 578 3315 nobis
602 3255 777 3315 ambobus
801 3252 914 3332 simul,
940 3262 976 3314 et
999 3262 1125 3334 postea
1146 3252 1228 3314 mihi
1252 3252 1309 3315 bis
1326 3254 1484 3334 seorsim,
1508 3264 1544 3316 et
1559 3275 1581 3317 0

300 3358 398 3421 1110111
423 3355 503 3420 01111
528 3359 574 3420 ha
598 3378 781 3440 promesso
811 3360 856 3421 de
880 3359 946 3422 far.
994 3360 1045 3421 La
1077 3379 1184 3421 causa
1208 3360 1253 3421 de
1278 3361 1312 3422 la
1336 3371 1504 3441 presente
1526 3382 1579 3424 re-

299 3465 498 3528 tardatione
523 3468 555 3528 01
581 3466 791 3528 0011001110το
822 3466 901 3528 dice
926 3468 992 3528 che
1015 3465 1173 3547 procede
1196 3466 1329 3548 perche
1353 3488 1417 3530 sua
1440 3468 1580 3532 Maesti

301 3583 409 3635 tratta
433 3574 559 3635 alcune
584 3594 646 3635 sue
671 3594 753 3636 cose
779 3593 858 3637 cum
879 3574 904 3636 11
929 3573 1093 3656 principi,
1118 3576 1151 3637 10
1175 3576 1280 3656 quale
1303 3573 1375 3637 fino
1399 3578 1465 3639 che
1489 3576 1580 3639 siino

301 3680 469 3762 expedite
494 3680 618 3743 dubita
641 3701 824 3762 proponer
847 3692 974 3764 questa
998 3701 1082 3744 cosa
1106 3692 1237 3762 nostra,
1262 3683 1331 3744 alla
1356 3685 1439 3763 qual
1464 3702 1534 3746 non
1560 3682 1581 3746 0

301 3787 410 3849 dubio
435 3788 500 3849 che
524 3788 623 3850 molti
648 3808 736 3850 sono
760 3787 928 3850 contrarii
953 3796 989 3850 01
1013 3792 1103 3850 cossi
1120 3788 1361 3852 intricarebbe
1379 3800 1414 3852 et
1436 3792 1521 3853 luna
1545 3802 1581 3854 et

300 3895 414 3958 laltra.
462 3894 501 3956 10
534 3896 605 3957 ben
641 3895 733 3957 vedo
768 3896 833 3957 che
864 3897 973 3957 molto
997 3896 1067 3958 mal
1091 3893 1261 3977 in'punto
1285 3898 1319 3958 al
1343 3896 1433 3959 fatto
1458 3907 1580 3960 nostro

302 4003 426 4063 contro
451 4001 585 4064 Luther
609 4022 673 4064 son
697 4002 819 4065 venuti
843 4002 958 4083 questi
977 4001 1059 4065 novi
1084 4002 1167 4066 moti
1193 4002 1238 4065 de
1255 4003 1392 4066 Franza
1416 4014 1452 4066 et
1475 4024 1580 4067 verso

302 4109 463 4171 Navarra
495 4118 529 4172 01
554 4109 613 4190 qui
644 4109 704 4172 alli
727 4110 822 4172 lochi
846 4109 881 4171 di
906 4111 1088 4188 Roberto,
1113 4107 1245 4191 perche
1269 4120 1437 4191 questoro
1460 4112 1580 4174 hanno

302 4224 462 4297 sospetto
486 4224 578 4278 tutto
602 4216 626 4279 il
651 4219 792 4298 mond0,
818 4226 853 4279 et
878 4227 1045 4299 quantum
1071 4238 1117 4281 ex
1141 4216 1259 4279 multis
1292 4237 1413 4280 eorum
1438 4218 1581 4300 collige,

302 4324 337 4385 in
362 4323 484 4404 primis
509 4326 541 4385 01
565 4335 671 4386 ser¹⁰⁰.
718 4324 757 4386 Io
782 4327 852 4387 ben
878 4326 902 4386 li
927 4325 1006 4387 dico
1023 4345 1121 4387 esser
1135 4324 1325 4387 falsissima
1350 4327 1383 4387 10
1408 4326 1484 4388 1010
1509 4346 1580 4388 sus·

302 4430 437 4512 pitione
457 4440 493 4493 et
517 4432 583 4493 che
607 4452 670 4493 sua
694 4430 747 4492 gu
771 4452 841 4494 non
866 4430 885 4493 0
910 4453 975 4513 per
999 4452 1081 4494 usar
1106 4452 1144 4495 se
1167 4451 1238 4494 non
1262 4431 1284 4494 l’
1296 4430 1415 4496 officio
1440 4434 1580 4496 debon

302 4548 422 4621 patre,
456 4539 589 4620 purch&
621 4538 697 4600 loro
720 4538 860 4600 faccino
885 4540 918 4600 el
943 4538 1064 4601 debito
1088 4538 1123 4600 in
1149 4539 1184 4601 la
1207 4540 1355 4601 materia
1378 4541 1423 4603 de
1448 4540 1582 4603 Luther

304 4647 339 4708 la
362 4646 445 4725 qual
469 4644 764 4727 principalmente
788 4654 891 4707 tocca
915 4647 949 4707 la
972 4644 1067 4708 fede.
1113 4646 1221 4708 Tutta
1244 4648 1342 4709 volta
1367 4646 1446 4730 (nisi
1461 4644 1581 4731 fallor)

303 4751 445 4832 suspico
469 4750 578 4830 assai,
610 4752 676 4813 che
707 4753 756 4813 tal
781 4753 857 4814 loro
882 4752 1114 4833 impressione
1138 4751 1298 4833 intrichi,
1330 4774 1351 4815 0
1383 4754 1517 4816 retardi
1547 4756 1581 4817 la

304 4859 511 4940 expedition
552 4857 598 4920 da
635 4858 694 4920 noi
733 4858 926 4940 rechiesta,
964 4860 988 4921 11
1021 4863 1086 4923 che
1118 4861 1230 4942 perho
1259 4862 1336 4923 loro
1368 4860 1479 4923 fanno
1502 4881 1581 4923 cum
