3559 5734
752 561 999 619 ousta&

236 729 292 771 me
317 728 383 790 pro
408 728 487 771 mea
510 707 714 772 innocentia
738 730 759 772 a
783 709 1035 773 maledicorum
1059 707 1235 771 morsibus
1258 708 1354 791 apud
1377 719 1439 771 v¹un
1454 710 1515 770 b⁰¹¹²

237 836 316 878 mea
333 816 563 879 excusatione
578 816 647 878 iam
670 817 756 880 satis
780 817 981 898 defensum,
1005 826 1078 879 tum
1102 817 1198 897 quod
1222 815 1292 877 Bm
1315 814 1516 877 Paternitas

238 931 358 985 vestra
388 941 453 1003 pro
484 943 548 985 sua
579 923 772 986 clemencia
801 935 837 987 et
866 924 975 987 totius
1005 921 1196 988 Germanic
1230 933 1266 985 et
1301 942 1378 985 mee
1409 921 1514 985 saluti

240 1040 275 1091 et
300 1028 465 1111 dignitati
496 1030 527 1092 si
558 1031 643 1112 quid
677 1033 723 1094 ab
756 1052 798 1094 ea
828 1030 906 1094 fieri
940 1038 1106 1114 oporteat
1140 1050 1179 1092 se
1209 1049 1280 1091 non
1315 1029 1517 1092 defuturum

240 1136 437 1218 pollicetur.
484 1136 549 1200 Est
572 1137 746 1219 siquidem
771 1140 877 1200 modo
903 1137 1220 1201 ecclesiasticarum
1244 1156 1361 1200 rerum
1385 1136 1517 1217 passim

239 1263 305 1325 per
329 1242 557 1307 Germaniam
581 1244 610 1307 is
634 1253 746 1307 status
774 1254 813 1307 ut
845 1246 914 1307 ΒΙῙΙΘ
937 1246 976 1308 Ρ.
1001 1252 1121 1328 vestro
1147 1243 1294 1306 consilio
1319 1243 1451 1306 auxilio
1481 1253 1518 1306 et

241 1350 451 1413 auctoritate
475 1351 627 1415 maxime
651 1352 820 1434 indigeat.
868 1352 975 1415 Unde
991 1352 1085 1414 Bm*m
1100 1362 1148 1433 p¹²¹
1167 1360 1323 1414 vestram
1338 1370 1403 1431 pro
1418 1347 1518 1411 filiali

240 1457 460 1521 subiectione
484 1479 527 1521 ea
551 1461 668 1523 celare
693 1480 763 1522 non
787 1479 932 1541 possum
957 1479 1025 1540 que
1050 1460 1199 1521 eandem
1216 1458 1307 1521 scire
1330 1455 1518 1539 plurimum

240 1563 359 1628 refert.
406 1564 543 1649 Nempe
568 1565 603 1628 in
627 1566 839 1630 Diocesibus
862 1566 950 1628 meis
974 1576 1055 1628 sunt
1078 1564 1237 1647 quidem,
1269 1563 1404 1627 scilicet
1426 1562 1517 1646 prin·

240 1691 327 1752 ceps
350 1671 594 1755 Wolfgangus
634 1676 678 1736 de
717 1674 853 1737 Anhalt
890 1682 926 1736 et
965 1675 1054 1735 duos
1093 1671 1239 1733 comites
1270 1673 1315 1734 de
1340 1670 1520 1733 Mansfeld

242 1776 456 1842 Gebhardus
480 1789 516 1842 et
531 1780 703 1843 Albertus
727 1779 865 1861 fratreS,
890 1779 950 1862 qui
974 1779 1150 1862 virginum
1169 1780 1384 1842 monasteria
1407 1797 1521 1860 nuper

242 1906 264 1947 a
294 1886 478 1968 sacrilegis
513 1896 549 1950 et
583 1887 760 1950 seditiosis
793 1886 933 1950 rusticis
961 1885 1055 1949 ferro
1085 1896 1120 1949 et
1151 1886 1236 1967 igne
1267 1896 1407 1950 vastata
1441 1904 1520 1948 cum

242 1993 345 2054 bonis
370 2002 405 2055 et
429 1994 630 2058 attinenciis
655 1994 817 2058 omnibus
841 2003 1018 2076 occupant
1042 2003 1078 2056 et
1100 1993 1136 2055 vi
1160 1994 1330 2074 detinent,
1354 1991 1522 2075 potencia

242 2101 502 2182 quamplurium
527 2099 717 2166 Germanie
741 2101 942 2183 principum
968 2112 1002 2163 et
1018 2101 1182 2163 comitum
1207 2122 1278 2164 non
1296 2101 1521 2184 aspernanda

243 2206 403 2287 potentie
431 2218 467 2271 et
501 2209 722 2273 auctoritatis
750 2209 904 2290 suffulti,
938 2209 998 2291 qui
1028 2210 1214 2272 lutherane
1245 2207 1352 2272 Secte
1379 2208 1522 2290 publice

242 2311 366 2375 favent
389 2313 557 2397 illamque
582 2317 862 2398 amplectuntur,
894 2318 1082 2398 palamque
1107 2326 1269 2378 asserunt
1292 2314 1521 2379 monasticam

243 2420 351 2483 vitam
377 2442 455 2486 esse
478 2424 735 2505 blasphemiam
760 2433 796 2488 et
817 2435 941 2487 contra
964 2425 1136 2486 honorem
1159 2422 1238 2503 Dei,
1263 2433 1387 2486 contra
1404 2421 1522 2501 fidem,

246 2547 385 2591 necnon
409 2539 533 2593 contra
550 2531 703 2612 proximi
720 2532 929 2594 charitatem
952 2530 1158 2594 institutam.
1204 2530 1250 2593 Et
1273 2540 1328 2594 est
1350 2529 1523 2612 siquidem

244 2633 385 2697 illorum
409 2636 468 2718 qui
492 2657 600 2719 super
624 2658 667 2701 ea
690 2659 729 2700 re
753 2638 1002 2720 conspirarunt
1025 2648 1125 2701 tanta
1147 2636 1314 2720 potencia
1337 2646 1376 2698 ut
1408 2657 1473 2699 nec
1502 2656 1524 2698 a

246 2761 302 2804 me
333 2762 399 2806 nec
433 2745 478 2807 ab
510 2746 581 2808 alio
614 2745 839 2827 quantumvis
867 2766 998 2828 magno
1030 2745 1193 2827 principe
1225 2742 1300 2807 solo
1324 2742 1430 2806 facile
1455 2742 1524 2805 illis

246 2848 363 2912 resisti
378 2851 519 2932 poterit,
536 2851 603 2914 nisi
620 2851 720 2915 Caes.
736 2852 814 2934 ipsa
830 2852 1000 2916 Maiestas
1013 2851 1057 2918 V.
1075 2852 1145 2914 Β1118
1156 2851 1277 2914 innixa
1290 2850 1437 2914 consilio
1456 2850 1525 2913 illis

246 2957 354 3019 rebus
370 2977 509 3021 manum
528 2968 563 3021 et
580 2958 721 3041 quidem
745 2959 873 3022 fortem
891 2969 1059 3043 apponat.
1084 2959 1163 3041 Ego
1179 2957 1272 3022 enim
1289 2978 1367 3020 cum
1391 2956 1524 3021 eisdem

248 3062 435 3126 comitibus
468 3065 513 3129 de
544 3063 715 3129 Mansfelt
745 3066 889 3130 vasallis
927 3075 962 3129 et
1004 3065 1156 3129 subditis
1187 3066 1275 3128 meis
1305 3085 1371 3146 pro
1404 3062 1524 3127 debito

247 3171 445 3251 personalis
469 3170 578 3235 officii
601 3172 670 3235 mei
694 3172 964 3255 diligentissime
977 3174 1047 3256 egi,
1071 3172 1241 3255 persuasi,
1258 3173 1388 3252 monui,
1404 3169 1526 3253 petivi,

247 3277 391 3340 tandem
416 3278 523 3342 etiam
546 3280 777 3343 comminatus
801 3301 877 3343 sum
908 3290 944 3343 et
968 3281 1100 3342 nullum
1124 3279 1279 3361 lapidem
1310 3298 1382 3341 non
1414 3278 1525 3350 movi;

248 3384 336 3446 nihil
359 3393 478 3448 tamen
501 3387 674 3470 promovi,
700 3407 781 3450 nam
805 3387 872 3469 ipsi
896 3387 932 3450 in
957 3385 1179 3450 contumacia
1202 3406 1266 3449 sua
1282 3393 1527 3469 perseverant,

248 3501 480 3573 asseruntque
511 3495 592 3575 plus
620 3494 699 3557 Deo
734 3514 836 3577 quam
859 3493 1060 3557 hominibus
1084 3493 1323 3557 obediendum
1347 3513 1435 3556 esse.
1482 3492 1529 3555 Et

249 3598 413 3679 quotiens
437 3619 516 3661 curn
540 3600 592 3664 eis
615 3620 722 3683 super
746 3621 789 3664 ea
813 3621 851 3664 re
875 3603 1098 3665 tractandum
1122 3610 1177 3664 est
1201 3600 1370 3682 princeps
1394 3601 1528 3662 elector

250 3706 334 3766 Dux
359 3702 515 3768 Saxonie
540 3705 727 3789 Philippus
750 3707 1000 3791 Landgravius
1023 3707 1152 3771 Hassie
1183 3716 1219 3769 et
1249 3707 1349 3771 multi
1380 3706 1440 3770 alii
1472 3726 1527 3769 ea·

249 3812 330 3874 dem
366 3812 448 3875 labe
483 3811 606 3876 infecti
641 3824 802 3878 oratores
844 3824 880 3879 et
918 3817 1058 3896 legatos
1096 3833 1180 3877 suos
1218 3812 1288 3876 illis
1319 3811 1527 3894 adiungunt,

249 3938 399 3999 quorum
423 3919 578 3983 consiliis
601 3921 670 4002 ipsi
706 3919 861 3985 Comites
899 3921 1015 3985 omnia
1051 3929 1171 4004 agunt.
1231 3920 1345 3983 Porro
1378 3917 1529 4001 predicti

249 4025 430 4107 principes
455 4035 491 4089 et
514 4026 661 4090 comites
685 4026 814 4092 Missas
846 4037 883 4093 et
910 4039 1075 4110 preterea
1108 4046 1230 4090 omnes
1259 4026 1411 4089 ecclesie
1441 4025 1529 4089 ritus

251 4143 287 4195 et
325 4133 544 4197 ceremonias
577 4155 643 4215 per
679 4144 793 4198 terras
826 4155 948 4199 eorum
978 4134 1121 4217 penitus
1156 4136 1352 4215 abrogant,
1384 4153 1527 4196 omnem

250 4240 411 4303 Ecclesia
444 4240 703 4304 ordinationem
736 4242 994 4323 blasphemiam
1033 4261 1111 4305 esse
1147 4240 1287 4323 dicunt,
1324 4250 1360 4303 et
1393 4240 1531 4304 interea

249 4348 341 4428 proh
377 4350 507 4410 scelus!
545 4349 762 4429 paupercule
786 4349 865 4412 Deo
900 4349 1017 4411 dicate
1049 4346 1220 4430 Virgines
1255 4368 1277 4409 a
1303 4346 1529 4410 monasteriis

254 4454 327 4517 suis
351 4454 476 4535 fugate
501 4455 675 4536 simulque
698 4456 805 4519 rebus
829 4456 901 4518 suis
924 4454 1232 4537 patrimonialibus
1247 4473 1335 4536 quas
1358 4464 1531 4517 monaste·

251 4561 312 4624 riis
337 4563 531 4625 attulerunt
545 4564 682 4642 orbate,
699 4561 948 4625 miserabiliter
964 4562 1096 4644 passim
1111 4571 1298 4644 vagantur,
1315 4582 1380 4624 nec
1398 4571 1531 4624 certam

253 4672 387 4732 habent
424 4672 545 4733 sedem
579 4669 640 4733 ubi
670 4677 870 4750 morantur,
907 4689 979 4732 non
1012 4669 1088 4732 sine
1119 4688 1249 4749 magno
1279 4668 1438 4749 periculo
1469 4688 1532 4731 sue

252 4776 433 4860 pudicitie,
465 4785 500 4839 et
530 4775 692 4848 honoris;
731 4796 796 4838 nec
832 4777 947 4839 minus
975 4776 1205 4840 ecclesiarum
1238 4774 1393 4838 omnium
1425 4778 1532 4838 rebus

252 4883 447 4967 periculum
472 4884 594 4946 subest
617 4902 706 4965 quas
730 4884 856 4947 eodem
879 4894 1047 4964 pretextu
1070 4881 1138 4964 ipsi
1159 4883 1338 4947 seculares
1352 4881 1534 4966 principes
