3559 5734
836 525 1068 581 κ3721>-Ο

309 673 333 735 11
348 673 504 755 Principi
529 694 594 757 per
618 682 708 736 sette
733 672 848 753 giorni
872 675 1101 735 consultorno
1126 694 1193 736 con
1218 685 1318 737 tanta
1340 676 1594 755 controversia,

310 782 375 843 che
407 782 439 843 el
464 781 565 844 Duca
589 779 735 845 Saxone
768 790 803 843 et
837 782 869 841 el
894 780 1082 843 Marchese
1108 781 1404 863 Brandemburgh
1436 803 1594 847 vennere

310 887 409 969 quasi
439 889 485 950 ad
516 908 639 950 manus
648 937 656 968 ,
689 898 723 950 01
754 889 908 950 sarebbe
938 886 1029 950 fatto
1062 908 1100 949 se
1133 907 1202 949 non
1235 909 1273 950 se
1296 888 1393 952 fusse
1418 910 1533 952 messo
1559 890 1594 953 di

308 994 451 1076 meggio
481 992 694 1077 Saltzburgh
727 1003 762 1057 et
795 994 876 1057 altri
908 995 973 1057 che
998 992 1033 1055 vi
1059 1014 1186 1074 erano,
1221 997 1316 1075 quod
1341 1016 1363 1057 a
1392 995 1595 1076 primordiis

309 1104 522 1165 electoratus
553 1104 599 1164 ad
632 1104 722 1165 haec
753 1122 865 1182 usque
897 1109 1074 1181 tempora,
1109 1100 1238 1164 dicono
1270 1102 1351 1164 tutti
1381 1102 1450 1165 1031
1475 1124 1595 1166 essere

308 1209 368 1290 piu
405 1209 579 1271 accaduto
617 1229 696 1272 cum
731 1218 876 1289 stupore
913 1207 1068 1270 omnium
1104 1218 1141 1269 et
1175 1208 1334 1289 periculo
1372 1209 1408 1271 di
1442 1212 1593 1292 qualche

309 1317 446 1396 grande
470 1317 629 1378 tumulto

398 1422 475 1484 Hor
506 1423 530 1483 li
555 1419 713 1502 Principi
745 1420 895 1484 Elettori
925 1420 960 1482 in
991 1422 1026 1483 la
1060 1422 1137 1483 loro
1171 1423 1246 1485 sala
1277 1421 1298 1484 a
1329 1432 1455 1504 questo
1488 1425 1594 1486 modo

310 1550 418 1592 erano
450 1528 570 1608 divisi,
602 1529 668 1591 che
698 1528 723 1591 li
754 1538 808 1591 tre
837 1526 1070 1591 ecclesiastici
1095 1538 1131 1589 et
1155 1530 1188 1590 el
1212 1528 1399 1593 Marchese
1424 1529 1459 1591 di
1485 1530 1593 1593 Bran·

307 1637 508 1718 demburgh
542 1656 651 1698 erano
684 1635 720 1698 di
755 1656 825 1698 uno
858 1636 976 1714 voler,
1010 1654 1110 1697 come
1143 1654 1252 1716 posso
1283 1635 1470 1700 intendere
1500 1637 1592 1699 assai

310 1747 428 1807 buono
452 1754 562 1824 certo,
587 1763 644 1805 103
668 1763 738 1805 000
764 1743 822 1804 (101
847 1752 939 1804 tutto
964 1761 1064 1803 come
1088 1740 1148 1804 noi
1172 1744 1344 1807 voleamo

397 1850 441 1913 El
465 1848 609 1913 Saxone
638 1849 727 1926 etii
752 1848 918 1912 Ρ3131100
949 1848 1217 1912 obstinatissimi
1248 1848 1411 1929 insieme,
1445 1851 1511 1912 che
1544 1847 1592 1911 fa·

309 1978 420 2020 00300
436 1978 518 2020 0030
540 1958 586 2019 (13
610 1955 723 2038 pacci,
748 1955 914 2018 oscirono
939 1953 1019 2018 sora
1043 1955 1225 2033 cridand0,
1250 1976 1321 2019 non
1347 1959 1510 2019 obstante
1527 1957 1593 2018 che

309 2067 472 2128 doveano
497 2063 598 2144 sequi
621 2059 771 2144 'pacifice
795 2062 1037 2144 pluralitatem
1060 2073 1223 2127 votorum
1248 2064 1301 2127 sui
1325 2063 1478 2144 collegii.

398 2172 438 2233 Li
463 2179 605 2252 quattro
630 2169 766 2233 dissero
791 2188 857 2251 per
880 2189 1017 2251 organo
1042 2171 1101 2233 del
1124 2170 1314 2234 Marchese
1341 2170 1377 2233 di
1401 2170 1593 2233 Brandem-

309 2280 426 2361 burgh
456 2280 586 2349 huomo
620 2290 656 2339 et
686 2276 795 2339 latine
829 2286 865 2339 et
896 2276 1103 2339 Alemanice
1142 2275 1411 2355 facundissimo,
1452 2278 1486 2340 la
1516 2279 1594 2340 loro

310 2385 493 2468 opinione,
527 2385 597 2446 alla
629 2385 733 2466 quale
765 2403 853 2465 pare
879 2385 946 2446 che
971 2383 1175 2446 assentiano
1200 2383 1299 2445 molti
1322 2383 1475 2465 principi
1500 2383 1595 2446 della

308 2493 466 2555 secunda
490 2493 621 2570 classe,
654 2499 689 2553 et
712 2490 800 2571 perb
825 2490 934 2571 dopoi
958 2492 1128 2571 alquanto
1153 2490 1306 2571 spatieto
1331 2491 1366 2553 (11
1397 2500 1535 2572 tempo,
1569 2485 1597 2553 11

308 2598 389 2662 altri
420 2598 477 2661 doi
502 2596 653 2660 Elettori
684 2596 820 2660 dissero
845 2596 1090 2678 acquiescere,
1124 2596 1206 2679 quia
1231 2617 1378 2660 necesse
1403 2607 1495 2678 erat,
1532 2618 1595 2678 per

308 2709 343 2769 13
374 2705 541 2789 pluralita
572 2705 608 2768 (11
638 2704 715 2767 suoi
747 2702 921 2785 colleghi;
956 2713 1073 2767 tamen
1105 2725 1170 2786 per
1200 2705 1225 2766 11
1249 2706 1388 2786 grande
1412 2714 1594 2769 contrasto

308 2814 423 2897 primo
454 2813 544 2875 fatto
553 2861 562 2893 ,
597 2823 632 2875 et
663 2831 728 2894 per
752 2813 785 2873 le
809 2811 972 2891 pratiche
996 2813 1076 2874 chel
1099 2811 1202 2874 Duca
1225 2809 1371 2875 Saxone
1395 2814 1511 2875 havea
1534 2814 1593 2875 ha·

308 2931 408 3001 vute,
437 2930 530 2983 tutta
552 2921 588 2982 13
611 2918 855 2998 conclusione,
892 2920 957 2981 che
982 2920 1097 2982 devea
1121 2940 1219 2982 esser
1242 2940 1308 3003 per
1332 2920 1391 2982 noi
1413 2919 1452 2982 fu
1476 2919 1592 2983 intric-

308 3040 398 3109 cata,
424 3030 490 3091 che
511 3026 590 3089 ne'l
607 3027 709 3089 Duca
723 3022 869 3089 Saxone
893 3027 1010 3088 havea
1032 3027 1166 3089 havuto
1190 3028 1224 3089 al
1248 3047 1312 3090 suo
1337 3027 1452 3107 modo,
1478 3046 1594 3108 neque

309 3148 427 3219 tamen
461 3133 556 3196 andb
587 3134 746 3197 secundo
777 3134 844 3196 che
876 3132 1068 3196 benissimo
1099 3134 1263 3198 haveano
1294 3133 1542 3197 comminciato
1569 3134 1593 3197 li

309 3244 389 3307 altri
422 3250 563 3324 quattro
589 3240 729 3304 elettori
755 3240 935 3304 deliberar
958 3261 1023 3322 per
1047 3240 1116 3304 noi.
1164 3240 1241 3304 Hor
1264 3241 1299 3303 13
1322 3241 1527 3305 conclusion
1557 3242 1593 3304 di

309 3350 390 3413 tutti
414 3352 561 3432 (quanto
585 3348 764 3430 possiamo
788 3348 954 3412 intender
977 3347 1013 3411 in
1037 3348 1152 3430 questi
1176 3348 1316 3412 articuli
1339 3348 1413 3411 dati
1437 3369 1458 3411 a
1483 3348 1594 3412 Cesar

308 3459 344 3520 in
377 3456 499 3520 scritto
523 3455 744 3533 Alemanicel
774 3455 812 3518 fu
843 3455 958 3537 primo
989 3457 1055 3518 che
1079 3457 1331 3536 regratiavano
1357 3453 1429 3518 Sua
1453 3455 1593 3519 Maesta

309 3566 375 3626 che
406 3565 565 3645 potendo
598 3582 663 3644 per
693 3582 731 3624 se
762 3562 911 3625 mandar
933 3562 1037 3625 fuora
1067 3563 1117 3626 tal
1140 3563 1309 3626 mandato
1333 3572 1453 3626 tamen
1476 3565 1593 3627 havea

308 3675 431 3734 voluto
463 3669 701 3733 communicer
732 3690 799 3732 con
826 3671 917 3733 loro:
953 3669 983 3732 Il
1008 3669 1074 3732 che
1099 3689 1160 3731 era
1183 3672 1254 3732 ben
1278 3668 1370 3733 fatto
1386 3690 1453 3752 per
1469 3692 1593 3734 servar

305 3779 384 3858 jura
408 3775 566 3859 Imperii:
599 3776 728 3839 deinde
752 3777 818 3839 che
842 3797 908 3859 per
931 3775 1051 3839 niente
1075 3778 1124 3839 131
1148 3778 1317 3840 mandato
1341 3778 1370 3840 si
1404 3779 1592 3843 mandasse

309 3884 412 3945 fuora
442 3902 507 3963 per
537 3883 603 3945 che
636 3886 789 3948 sarebbe
821 3903 928 3947 causa
960 3883 995 3946 di
1024 3883 1260 3965 grandissimo
1285 3885 1454 3947 scandalo
1479 3906 1545 3967 per
1568 3886 1592 3949 li

309 3989 432 4072 populi
466 3991 531 4052 che
562 3989 623 4072 gia
656 4010 727 4053 non
761 4010 913 4054 cercano
945 4011 983 4054 se
1013 4012 1084 4054 non
1115 3990 1238 4053 venire
1271 3991 1317 4053 ad
1344 4012 1442 4054 arma
1466 4002 1502 4055 et
1526 3993 1592 4056 che

310 4096 383 4158 Sua
407 4095 545 4158 Maesta
576 4098 692 4159 havea
722 4096 881 4160 divinato
913 4099 1006 4160 bene
1030 4119 1051 4160 a
1075 4097 1271 4161 demandar
1304 4100 1337 4161 el
1366 4119 1473 4180 parer
1503 4101 1592 4180 lor0,

310 4201 441 4283 perche
472 4203 682 4265 altramente
715 4203 737 4266 l'
754 4204 934 4281 harrebbe
957 4203 1049 4267 visto
1073 4225 1119 4267 un
1145 4205 1283 4286 grande
1306 4205 1413 4268 fuoco
1444 4205 1479 4267 in
1505 4205 1591 4269 Ger·

310 4308 437 4388 mania,
463 4329 482 4369 e
507 4307 581 4371 cosi
604 4308 665 4390 gia
689 4308 756 4372 sibi
781 4309 1015 4375 vendicarunt
1046 4321 1167 4374 votum
1191 4312 1368 4375 liberandi
1391 4312 1426 4374 10
1452 4314 1519 4376 1130
1543 4335 1592 4394 10,

309 4416 404 4496 quod
429 4425 546 4478 tamen
572 4415 813 4479 Cancellarius
837 4415 941 4480 nobis
964 4419 1200 4499 responderat
1223 4439 1292 4482 non
1317 4418 1491 4494 futurum;
1526 4423 1592 4484 che

310 4521 378 4584 Dio
417 4521 440 4584 li
469 4523 632 4604 perdoni.
662 4508 765 4587 'Ben
800 4523 936 4587 dissero
970 4526 1036 4587 che
1070 4526 1189 4589 avanti
1221 4527 1287 4590 che
1318 4548 1357 4591 se
1388 4529 1540 4592 havesse
1570 4552 1592 4592 a

309 4628 488 4709 publicar,
522 4629 664 4693 omnino
695 4652 733 4694 se
764 4631 1140 4697 chiamasseMartino
1165 4637 1230 4695 sub
1254 4636 1531 4700 salvoconducto
1557 4648 1594 4699 et

310 4735 590 4817 interrogaretur
614 4758 653 4801 se
677 4739 725 4801 lui
747 4739 863 4802 havea
887 4738 1010 4801 scritto
1035 4739 1096 4801 tali
1121 4740 1217 4819 libri,
1246 4752 1282 4804 et
1305 4763 1344 4805 se
1367 4742 1392 4804 li
1415 4762 1591 4805 comman-

311 4843 426 4923 dasse,
451 4844 516 4905 che
540 4845 659 4925 quello
684 4847 749 4908 che
774 4855 876 4908 tocca
900 4848 934 4907 la
958 4845 1052 4926 fede,
1078 4856 1112 4908 et
1137 4847 1161 4908 li
1186 4848 1398 4910 sacramenti
1423 4847 1469 4910 lui
1490 4869 1590 4912 revo-
