3559 5734
855 553 1171 625 eomes,

325 704 410 783 siae,
436 705 533 787 cujus
548 705 652 767 nobis
672 725 718 767 ex
742 724 807 767 sua
831 704 863 765 in
892 703 1112 783 Imperatore
1137 699 1312 762 electione
1337 696 1403 760 sibi
1428 715 1608 777 compara-

324 813 386 891 vit,
410 812 446 874 in
465 814 710 874 mandatorum
734 822 934 874 nostrorum
950 809 1071 872 debita
1096 806 1308 870 executione
1332 804 1544 885 prestisisse,
1569 823 1610 865 ac

321 919 423 1000 juxta
447 940 546 1001 spem
572 927 729 981 nostram
753 917 962 999 precipuum
986 915 1069 978 fidei
1094 913 1293 977 catholicae
1318 911 1544 974 defensorem
1573 930 1611 972 se

325 1026 531 1089 exhibuisse
557 1034 592 1088 et
615 1035 785 1107 quantum
810 1025 844 1087 in
872 1045 915 1086 ea
938 1021 1005 1085 fuit
1028 1024 1061 1084 in
1088 1023 1183 1084 nulla
1208 1041 1247 1082 re
1272 1018 1429 1082 defuisse
1446 1038 1516 1100 quo
1533 1016 1611 1098 ipse

325 1133 500 1195 Martinus
523 1131 749 1214 resipisceret
773 1143 809 1194 et
833 1132 880 1192 ad
905 1131 998 1192 viam
1023 1127 1183 1191 veritatis
1204 1127 1348 1203 rediret,
1371 1132 1479 1206 prout
1495 1132 1531 1186 et
1547 1145 1612 1185 nos

324 1240 458 1302 nullum
490 1238 646 1302 officium
677 1237 981 1320 praetermisimus
1012 1246 1050 1298 ut
1086 1237 1159 1316 ejus
1191 1234 1342 1295 animam
1368 1233 1446 1295 Deo
1472 1230 1610 1293 lucrifa-

325 1368 504 1427 ceremus,
538 1368 579 1409 ac
609 1347 659 1428 pii
691 1366 788 1408 more
819 1344 975 1426 pastoris
1000 1364 1103 1406 ovem
1126 1334 1302 1424 perditam
1327 1340 1373 1402 ad
1398 1340 1536 1401 caulam
1560 1357 1611 1399 re-

326 1457 534 1517 duceremus
565 1465 601 1516 et
631 1451 740 1516 filium
771 1452 962 1534 prodigum
986 1450 1141 1532 benigne
1165 1450 1423 1532 reciperemus,
1448 1447 1508 1529 qui
1534 1465 1612 1508 curn

325 1560 536 1623 medicinam
569 1560 760 1622 salutarem
794 1567 831 1620 et
860 1568 1047 1639 paternam
1082 1568 1237 1619 nostram
1261 1556 1491 1619 monitionem
1516 1573 1611 1634 spre-

326 1668 431 1746 verit,
457 1678 493 1730 et
509 1688 579 1729 non
597 1669 710 1730 solum
726 1687 764 1729 se
787 1664 1059 1745 emendaverit¹)
1081 1665 1142 1726 sed
1168 1663 1292 1745 peiora
1316 1662 1496 1745 prioribus
1520 1661 1611 1723 fece·

326 1775 371 1836 rit
396 1784 431 1837 et
445 1775 554 1836 faciet
570 1774 694 1853 indies,
713 1784 748 1836 et
771 1772 907 1855 premio
934 1782 969 1835 et
993 1791 1088 1854 pena
1111 1771 1178 1833 sibi
1202 1791 1268 1852 per
1292 1791 1358 1834 nos
1383 1769 1524 1849 oblatis,
1553 1789 1611 1851 pe-

326 1903 407 1944 nam
423 1881 541 1962 potius
563 1902 667 1961 quam
692 1880 863 1962 premium
887 1882 1033 1956 habere,
1058 1878 1256 1960 impiusque
1281 1878 1461 1940 hereticus
1479 1896 1559 1938 esse
1577 1884 1613 1935 et

326 1991 522 2052 membrum
556 1990 735 2069 putridum
766 1986 843 2049 fieri
877 1998 913 2049 et
946 2006 967 2047 a
997 1986 1153 2048 fidelium
1181 1984 1360 2047 consortio
1386 1982 1528 2046 excludi
1554 2002 1612 2043 vo-

327 2096 432 2157 luerit
462 2108 497 2158 et
530 2098 651 2177 plures
686 2096 776 2157 alios
811 2095 856 2156 ad
892 2092 1063 2155 nefariam
1100 2101 1231 2154 sectam
1269 2111 1367 2154 suam
1403 2088 1615 2172 perduxerit

327 2223 498 2284 suumque
528 2203 647 2284 potius
678 2222 807 2264 nomen
839 2221 906 2282 per
929 2199 1147 2280 impietatem
1172 2207 1207 2260 et
1230 2197 1498 2279 pervicaciam²)
1523 2198 1611 2258 cele·

327 2309 423 2372 brari
456 2330 560 2392 quam
585 2308 653 2371 Dei
680 2307 796 2389 gloria
824 2307 882 2387 pie
909 2316 944 2368 et
968 2305 1145 2368 humiliter
1169 2326 1208 2367 se
1233 2306 1393 2387 gerendo
1418 2303 1614 2367 collaudari

254 2486 255 2491 ἵ
327 2416 611 2499 praeoptaverit;
648 2416 723 2478 Nos
754 2415 867 2496 ipsum
898 2413 1058 2495 aliosque
1083 2432 1162 2475 cum
1187 2433 1230 2475 eo
1255 2413 1428 2493 quosdam
1453 2431 1501 2473 ex
1525 2431 1613 2491 quo-

328 2544 404 2586 rum
438 2523 579 2605 scriptis
611 2521 749 2584 notorie
781 2521 884 2584 nobis
916 2520 1074 2583 constitit
1097 2519 1212 2602 ipsum
1238 2519 1431 2581 Lutherum
1457 2537 1498 2579 ac
1522 2516 1614 2577 falsa

329 2632 403 2712 ejus
427 2630 560 2711 scripta
585 2650 647 2692 eos
671 2629 780 2691 fuisse
805 2628 972 2707 imitatos,
998 2638 1033 2689 et
1050 2627 1139 2689 alios
1155 2626 1191 2687 in
1207 2626 1450 2708 publicatione
1465 2623 1614 2686 aliarum

329 2739 524 2801 litterarum
549 2736 782 2798 nominandos
806 2756 848 2797 ac
873 2735 962 2797 alios
986 2734 1056 2797 illis
1080 2720 1294 2796 adherentes
1312 2733 1524 2812 illorumque
1539 2730 1613 2792 fau·

328 2853 424 2905 tores
460 2853 496 2905 et
530 2850 775 2923 receptatores
811 2841 969 2904 notorios
1007 2841 1185 2903 hereticos
1225 2860 1302 2901 esse
1343 2838 1614 2901 declaravimus.

328 2951 430 3012 Nunc
463 2970 550 3011 vero
584 2950 680 3031 quod
710 2949 884 3031 reliquum
917 2960 985 3028 est,
1020 2949 1247 3011 attendentes
1270 2956 1441 3028 quantum
1465 2945 1615 3027 periculi

329 3057 513 3119 catholicis
545 3057 708 3119 omnibus
739 3057 922 3119 imminere
954 3068 1062 3138 atque
1095 3055 1259 3118 accidere
1291 3064 1414 3135 posset
1440 3053 1487 3134 si,
1519 3054 1614 3135 quod

329 3165 432 3244 absit,
458 3163 579 3226 debita
603 3163 799 3225 litterarum
825 3175 860 3225 et
884 3164 1084 3225 sententiae
1108 3161 1368 3224 declaratoriae
1393 3170 1537 3224 nostrae
1554 3163 1615 3223 hu·

325 3270 477 3352 jusmodi
503 3271 669 3333 executio
694 3269 899 3350 diferretur,
932 3271 1075 3350 cujusve
1100 3269 1195 3331 modi
1220 3269 1471 3331 detrimentum
1496 3287 1614 3329 succe·

329 3379 430 3439 deret
464 3377 492 3439 si
523 3397 622 3439 mora
654 3376 815 3458 quamvis
841 3396 954 3458 parva
977 3377 1265 3458 interponeretur
1289 3395 1359 3455 quo
1394 3373 1509 3437 minus
1542 3394 1614 3436 cre-

329 3485 441 3546 scenti
459 3484 553 3566 pesti
567 3505 609 3545 ac
634 3487 759 3547 morbo
779 3483 1013 3547 invalescenti
1030 3494 1278 3546 occurreretur
1293 3502 1372 3545 cum
1389 3483 1485 3564 quod
1503 3481 1614 3544 nostri

329 3591 437 3655 officii
463 3602 540 3653 erat
563 3591 599 3653 id
623 3590 847 3653 considerate
871 3611 914 3653 ac
939 3590 1129 3670 diligenter
1151 3610 1216 3670 per
1233 3610 1298 3653 nos
1314 3588 1423 3652 fuerit
1437 3589 1615 3667 effectum,

329 3698 501 3779 siquidem
527 3718 651 3761 sacrae
675 3697 879 3778 theologiae
905 3716 946 3759 ac
971 3696 1152 3778 utriusque
1172 3696 1261 3778 juris
1285 3696 1553 3779 professoribus
1579 3696 1614 3757 in

329 3805 513 3867 consilium
538 3805 675 3867 vocatis
699 3825 741 3867 ac
766 3808 872 3867 rebus
898 3803 1061 3867 omnibus
1085 3825 1155 3866 una
1179 3824 1257 3867 cum
1282 3804 1454 3867 fratribus
1484 3803 1615 3865 nostris

330 3912 520 3993 diligenter
545 3912 705 3974 excussis
730 3923 765 3974 et
790 3910 1018 3989 examinem,
1046 3910 1199 3992 praefati
1224 3910 1369 3973 Martini
1395 3911 1538 3991 ejusque
1564 3930 1614 3972 se-

330 4019 493 4099 quacium
526 4018 637 4081 falsos
667 4039 710 4081 ac
742 4018 963 4080 damnabiles
988 4038 1127 4080 errores
1152 4019 1397 4080 damnavimus
1423 4037 1616 4099 eorumque

330 4136 494 4188 auctores
528 4124 625 4207 ipsos
659 4135 827 4207 tanquam
862 4124 1043 4187 morbidas
1074 4126 1231 4206 pecudes
1256 4146 1300 4187 ne
1328 4133 1440 4185 totum
1466 4144 1617 4207 gregem

330 4239 599 4312 corrumperent
623 4232 838 4294 exclusimus
870 4252 912 4293 ac
946 4252 1115 4294 censuras
1144 4252 1186 4293 ac
1218 4251 1330 4313 penas
1354 4232 1618 4294 ecclesiasticas

331 4338 621 4402 denunciavimus
650 4339 758 4420 prius,
789 4340 918 4402 deinde
945 4338 1050 4401 etiam
1084 4338 1276 4401 infliximus
1311 4339 1403 4401 adeo
1413 4388 1421 4417 ,
1457 4351 1496 4402 ut
1530 4338 1617 4400 nihil

331 4466 518 4527 superesse
546 4445 711 4508 videatur
735 4446 801 4508 nisi
825 4456 863 4508 ut
887 4467 1036 4527 quorum
1062 4458 1115 4509 est
1138 4448 1228 4508 haec
1252 4453 1414 4526 potestas
1439 4447 1618 4524 mandata,

330 4552 365 4613 hi
391 4561 512 4614 nostra
537 4553 740 4616 executioni
765 4553 909 4616 debitae
933 4555 1093 4618 mandari
1118 4562 1328 4634 procurent,
1354 4563 1471 4615 mente
1496 4564 1619 4616 nostra

330 4661 557 4722 revolventes
583 4661 758 4723 neminem
782 4681 828 4721 ex
853 4660 1017 4722 omnibus
1040 4660 1189 4739 regibus
1212 4680 1254 4721 ac
1279 4659 1502 4740 principibus
1529 4660 1618 4722 chri-

355 4807 376 4859 ¹)
403 4803 526 4851 Fortasse
545 4819 591 4861 „se
610 4819 662 4851 non
682 4802 888 4854 emendaverit‘t

350 4878 372 4951 ⁷)
400 4886 431 4931 In
452 4899 498 4931 ms.
518 4883 615 4945 legitur
630 4885 798 4945 provinciam
819 4883 864 4930 sed
884 4898 1002 4930 erronee.
