<?xml version="1.0" encoding="UTF-8"?>
<!DOCTYPE html PUBLIC "-//W3C//DTD XHTML 1.0 Transitional//EN"
    "http://www.w3.org/TR/xhtml1/DTD/xhtml1-transitional.dtd">
<html xmlns="http://www.w3.org/1999/xhtml" xml:lang="en" lang="en">
 <head>
  <title>
</title>
<meta http-equiv="Content-Type" content="text/html;charset=utf-8" />
  <meta name='ocr-system' content='tesseract 3.04.00' />
  <meta name='ocr-capabilities' content='ocr_page ocr_carea ocr_par ocr_line ocrx_word'/>
</head>
<body>
  <div class='ocr_page' id='page_1' title='image "./monumentareform01vatigoog/monumentareform01vatigoog_0598.png"; bbox 0 0 3559 5734; ppageno 0'>
   <div class='ocr_carea' id='block_1_1' title="bbox 831 1389 1089 1510">
    <p class='ocr_par' dir='ltr' id='par_1_1' title="bbox 831 1389 1089 1510">
     <span class='ocr_line' id='line_1_1' title="bbox 831 1389 1089 1510; baseline 0 -23"><span class='ocrx_word' id='word_1_1' title='bbox 831 1389 1089 1510; x_wconf 78' lang='lat' dir='ltr'><strong>Appendix.</strong></span> 
     </span>
    </p>
   </div>
   <div class='ocr_carea' id='block_1_2' title="bbox 680 1605 1271 1687">
    <p class='ocr_par' dir='ltr' id='par_1_2' title="bbox 680 1605 1271 1687">
     <span class='ocr_line' id='line_1_2' title="bbox 680 1605 1271 1687; baseline -0.002 -1"><span class='ocrx_word' id='word_1_2' title='bbox 680 1607 729 1686; x_wconf 81' lang='lat' dir='ltr'><strong>lle</strong></span> <span class='ocrx_word' id='word_1_3' title='bbox 756 1605 947 1687; x_wconf 80' lang='lat' dir='ltr'><strong>natalibus</strong></span> <span class='ocrx_word' id='word_1_4' title='bbox 975 1606 1165 1686; x_wconf 76' lang='lat' dir='ltr'><strong>Clementis</strong></span> <span class='ocrx_word' id='word_1_5' title='bbox 1192 1606 1271 1685; x_wconf 85' lang='lat' dir='ltr'><strong>VH.</strong></span> 
     </span>
    </p>
   </div>
   <div class='ocr_carea' id='block_1_3' title="bbox 765 1744 1178 1925">
    <p class='ocr_par' dir='ltr' id='par_1_3' title="bbox 765 1744 1178 1925">
     <span class='ocr_line' id='line_1_3' title="bbox 765 1744 1178 1819; baseline 0.002 -17"><span class='ocrx_word' id='word_1_6' title='bbox 765 1746 852 1816; x_wconf 76' lang='lat' dir='ltr'><strong>(Am.</strong></span> <span class='ocrx_word' id='word_1_7' title='bbox 869 1744 945 1803; x_wconf 78' lang='lat' dir='ltr'><strong>Vm</strong></span> <span class='ocrx_word' id='word_1_8' title='bbox 965 1761 1037 1819; x_wconf 76' lang='lat' dir='ltr'><strong>capr.</strong></span> <span class='ocrx_word' id='word_1_9' title='bbox 1057 1745 1073 1804; x_wconf 75' lang='lat' dir='ltr'><strong>l</strong></span> <span class='ocrx_word' id='word_1_10' title='bbox 1092 1745 1125 1804; x_wconf 78' lang='lat' dir='ltr'><strong>tt.</strong></span> <span class='ocrx_word' id='word_1_11' title='bbox 1142 1746 1178 1816; x_wconf 87' lang='lat' dir='ltr'><strong>l.)</strong></span> 
     </span>
     <span class='ocr_line' id='line_1_4' title="bbox 839 1853 1093 1925; baseline 0 -19"><span class='ocrx_word' id='word_1_12' title='bbox 839 1861 892 1918; x_wconf 65' lang='grc' dir='ltr'><strong>(πο.</strong></span> <span class='ocrx_word' id='word_1_13' title='bbox 912 1858 984 1921; x_wconf 66' lang='lat' dir='ltr'><strong>Sept„</strong></span> <span class='ocrx_word' id='word_1_14' title='bbox 1007 1853 1093 1925; x_wconf 82' lang='lat'>1513.)</span> 
     </span>
    </p>
   </div>
   <div class='ocr_carea' id='block_1_4' title="bbox 330 1995 1613 2170">
    <p class='ocr_par' dir='ltr' id='par_1_4' title="bbox 330 1995 1613 2170">
     <span class='ocr_line' id='line_1_5' title="bbox 330 1995 1613 2080; baseline 0.001 -23"><span class='ocrx_word' id='word_1_15' title='bbox 330 1995 421 2059; x_wconf 93' lang='lat' dir='ltr'><strong>Leo</strong></span> <span class='ocrx_word' id='word_1_16' title='bbox 463 1996 718 2080; x_wconf 86' lang='lat' dir='ltr'>Episcopus</span> <span class='ocrx_word' id='word_1_17' title='bbox 758 1996 917 2062; x_wconf 89' lang='lat' dir='ltr'><strong>Servus</strong></span> <span class='ocrx_word' id='word_1_18' title='bbox 948 1997 1183 2063; x_wconf 86' lang='lat' dir='ltr'><strong>Servorum</strong></span> <span class='ocrx_word' id='word_1_19' title='bbox 1216 1998 1297 2061; x_wconf 92' lang='lat' dir='ltr'><strong>Dei</strong></span> <span class='ocrx_word' id='word_1_20' title='bbox 1328 1999 1379 2060; x_wconf 88' lang='lat' dir='ltr'><strong>ad</strong></span> <span class='ocrx_word' id='word_1_21' title='bbox 1412 1996 1613 2061; x_wconf 90' lang='lat' dir='ltr'><strong>futuram</strong></span> 
     </span>
     <span class='ocr_line' id='line_1_6' title="bbox 787 2106 1148 2170; baseline 0.003 -1"><span class='ocrx_word' id='word_1_22' title='bbox 787 2106 852 2170; x_wconf 89' lang='lat' dir='ltr'><strong>rei</strong></span> <span class='ocrx_word' id='word_1_23' title='bbox 883 2106 1148 2170; x_wconf 82' lang='lat' dir='ltr'><strong>memoriam.</strong></span> 
     </span>
    </p>
   </div>
   <div class='ocr_carea' id='block_1_5' title="bbox 327 2226 1613 4992">
    <p class='ocr_par' dir='ltr' id='par_1_5' title="bbox 327 2226 1613 4992">
     <span class='ocr_line' id='line_1_7' title="bbox 419 2226 1611 2314; baseline 0.001 -24"><span class='ocrx_word' id='word_1_24' title='bbox 419 2227 478 2289; x_wconf 89' lang='lat' dir='ltr'><strong>Ad</strong></span> <span class='ocrx_word' id='word_1_25' title='bbox 495 2228 698 2292; x_wconf 90' lang='lat' dir='ltr'><strong>Romanum</strong></span> <span class='ocrx_word' id='word_1_26' title='bbox 714 2229 924 2294; x_wconf 87' lang='lat' dir='ltr'><strong>Pontificem</strong></span> <span class='ocrx_word' id='word_1_27' title='bbox 938 2231 1098 2313; x_wconf 84' lang='lat' dir='ltr'><strong>inprimis</strong></span> <span class='ocrx_word' id='word_1_28' title='bbox 1111 2229 1265 2314; x_wconf 84' lang='lat' dir='ltr'><strong>pertinet</strong></span> <span class='ocrx_word' id='word_1_29' title='bbox 1277 2250 1348 2293; x_wconf 90' lang='lat' dir='ltr'><strong>non</strong></span> <span class='ocrx_word' id='word_1_30' title='bbox 1360 2231 1472 2292; x_wconf 92' lang='lat' dir='ltr'><strong>solum</strong></span> <span class='ocrx_word' id='word_1_31' title='bbox 1489 2226 1611 2291; x_wconf 88' lang='lat' dir='ltr'><strong>Salva·</strong></span> 
     </span>
     <span class='ocr_line' id='line_1_8' title="bbox 329 2333 1613 2419; baseline 0.002 -24"><span class='ocrx_word' id='word_1_32' title='bbox 329 2333 416 2396; x_wconf 92' lang='lat' dir='ltr'><strong>toris</strong></span> <span class='ocrx_word' id='word_1_33' title='bbox 429 2335 572 2397; x_wconf 91' lang='lat' dir='ltr'><strong>Domini</strong></span> <span class='ocrx_word' id='word_1_34' title='bbox 589 2337 700 2399; x_wconf 86' lang='lat' dir='ltr'><strong>nostri</strong></span> <span class='ocrx_word' id='word_1_35' title='bbox 712 2336 798 2417; x_wconf 91' lang='lat' dir='ltr'><strong>Jesu</strong></span> <span class='ocrx_word' id='word_1_36' title='bbox 812 2337 941 2401; x_wconf 86' lang='lat' dir='ltr'><strong>Christi</strong></span> <span class='ocrx_word' id='word_1_37' title='bbox 954 2338 1114 2419; x_wconf 90' lang='lat' dir='ltr'><strong>singulas</strong></span> <span class='ocrx_word' id='word_1_38' title='bbox 1131 2337 1289 2401; x_wconf 86' lang='lat' dir='ltr'><strong>actiones</strong></span> <span class='ocrx_word' id='word_1_39' title='bbox 1305 2357 1374 2419; x_wconf 90' lang='lat' dir='ltr'><strong>que</strong></span> <span class='ocrx_word' id='word_1_40' title='bbox 1390 2337 1435 2399; x_wconf 92' lang='lat' dir='ltr'><strong>ad</strong></span> <span class='ocrx_word' id='word_1_41' title='bbox 1453 2345 1613 2399; x_wconf 87' lang='lat' dir='ltr'><strong>nostram</strong></span> 
     </span>
     <span class='ocr_line' id='line_1_9' title="bbox 329 2441 1612 2527; baseline 0.002 -24"><span class='ocrx_word' id='word_1_42' title='bbox 329 2451 410 2504; x_wconf 91' lang='lat' dir='ltr'><strong>sunt</strong></span> <span class='ocrx_word' id='word_1_43' title='bbox 432 2441 711 2526; x_wconf 83' lang='lat' dir='ltr'><strong>instructionem,</strong></span> <span class='ocrx_word' id='word_1_44' title='bbox 736 2466 859 2508; x_wconf 90' lang='lat' dir='ltr'><strong>verum</strong></span> <span class='ocrx_word' id='word_1_45' title='bbox 892 2445 998 2509; x_wconf 89' lang='lat' dir='ltr'><strong>etiam</strong></span> <span class='ocrx_word' id='word_1_46' title='bbox 1029 2445 1105 2508; x_wconf 91' lang='lat' dir='ltr'><strong>eius</strong></span> <span class='ocrx_word' id='word_1_47' title='bbox 1132 2448 1243 2508; x_wconf 89' lang='lat' dir='ltr'><strong>verba</strong></span> <span class='ocrx_word' id='word_1_48' title='bbox 1274 2465 1342 2527; x_wconf 93' lang='lat' dir='ltr'><strong>que</strong></span> <span class='ocrx_word' id='word_1_49' title='bbox 1372 2465 1442 2507; x_wconf 91' lang='lat' dir='ltr'><strong>non</strong></span> <span class='ocrx_word' id='word_1_50' title='bbox 1474 2446 1612 2524; x_wconf 89' lang='lat' dir='ltr'><strong>absque</strong></span> 
     </span>
     <span class='ocr_line' id='line_1_10' title="bbox 328 2548 1611 2633; baseline 0.001 -23"><span class='ocrx_word' id='word_1_51' title='bbox 328 2548 498 2629; x_wconf 86' lang='lat' dir='ltr'><strong>profundi</strong></span> <span class='ocrx_word' id='word_1_52' title='bbox 522 2570 647 2612; x_wconf 89' lang='lat' dir='ltr'><strong>sensus</strong></span> <span class='ocrx_word' id='word_1_53' title='bbox 671 2551 827 2614; x_wconf 92' lang='lat' dir='ltr'><strong>misterio</strong></span> <span class='ocrx_word' id='word_1_54' title='bbox 851 2552 1009 2633; x_wconf 82' lang='lat' dir='ltr'><strong>protulit,</strong></span> <span class='ocrx_word' id='word_1_55' title='bbox 1034 2553 1165 2633; x_wconf 91' lang='lat' dir='ltr'><strong>quique</strong></span> <span class='ocrx_word' id='word_1_56' title='bbox 1189 2552 1297 2624; x_wconf 87' lang='lat' dir='ltr'><strong>dixit;</strong></span> <span class='ocrx_word' id='word_1_57' title='bbox 1344 2551 1423 2633; x_wconf 90' lang='lat' dir='ltr'><strong>Ego</strong></span> <span class='ocrx_word' id='word_1_58' title='bbox 1448 2571 1522 2613; x_wconf 90' lang='lat' dir='ltr'><strong>sum</strong></span> <span class='ocrx_word' id='word_1_59' title='bbox 1548 2552 1611 2612; x_wconf 84' lang='lat' dir='ltr'><strong>lux</strong></span> 
     </span>
     <span class='ocr_line' id='line_1_11' title="bbox 329 2656 1612 2740; baseline 0.002 -22"><span class='ocrx_word' id='word_1_60' title='bbox 329 2656 465 2737; x_wconf 90' lang='lat' dir='ltr'><strong>mundi,</strong></span> <span class='ocrx_word' id='word_1_61' title='bbox 502 2677 571 2739; x_wconf 90' lang='lat' dir='ltr'><strong>que</strong></span> <span class='ocrx_word' id='word_1_62' title='bbox 605 2657 716 2740; x_wconf 89' lang='lat' dir='ltr'><strong>pulsis</strong></span> <span class='ocrx_word' id='word_1_63' title='bbox 748 2658 949 2740; x_wconf 81' lang='lat' dir='ltr'><strong>ignorantie</strong></span> <span class='ocrx_word' id='word_1_64' title='bbox 978 2659 1156 2740; x_wconf 84' lang='lat' dir='ltr'><strong>tenebris,</strong></span> <span class='ocrx_word' id='word_1_65' title='bbox 1188 2659 1339 2721; x_wconf 88' lang='lat' dir='ltr'><strong>veritate</strong></span> <span class='ocrx_word' id='word_1_66' title='bbox 1372 2658 1513 2740; x_wconf 83' lang='lat' dir='ltr'><strong>previa,</strong></span> <span class='ocrx_word' id='word_1_67' title='bbox 1544 2677 1612 2739; x_wconf 89' lang='lat' dir='ltr'><strong>per</strong></span> 
     </span>
     <span class='ocr_line' id='line_1_12' title="bbox 329 2763 1610 2848; baseline 0 -23"><span class='ocrx_word' id='word_1_68' title='bbox 329 2772 463 2826; x_wconf 90' lang='lat' dir='ltr'><strong>rectam</strong></span> <span class='ocrx_word' id='word_1_69' title='bbox 480 2764 612 2828; x_wconf 89' lang='lat' dir='ltr'><strong>iustitie</strong></span> <span class='ocrx_word' id='word_1_70' title='bbox 629 2765 788 2829; x_wconf 83' lang='lat' dir='ltr'><strong>semitam</strong></span> <span class='ocrx_word' id='word_1_71' title='bbox 807 2776 935 2828; x_wconf 90' lang='lat' dir='ltr'><strong>cuncta</strong></span> <span class='ocrx_word' id='word_1_72' title='bbox 951 2767 1059 2848; x_wconf 87' lang='lat' dir='ltr'><strong>ducit,</strong></span> <span class='ocrx_word' id='word_1_73' title='bbox 1076 2766 1215 2839; x_wconf 88' lang='lat' dir='ltr'><strong>imitari;</strong></span> <span class='ocrx_word' id='word_1_74' title='bbox 1241 2766 1409 2848; x_wconf 89' lang='lat' dir='ltr'><strong>quocirca</strong></span> <span class='ocrx_word' id='word_1_75' title='bbox 1432 2785 1497 2827; x_wconf 89' lang='lat' dir='ltr'><strong>nos</strong></span> <span class='ocrx_word' id='word_1_76' title='bbox 1522 2763 1610 2827; x_wconf 89' lang='lat' dir='ltr'><strong>eius·</strong></span> 
     </span>
     <span class='ocr_line' id='line_1_13' title="bbox 330 2867 1612 2955; baseline 0.002 -24"><span class='ocrx_word' id='word_1_77' title='bbox 330 2871 411 2933; x_wconf 91' lang='lat' dir='ltr'><strong>dem</strong></span> <span class='ocrx_word' id='word_1_78' title='bbox 436 2867 635 2935; x_wconf 87' lang='lat' dir='ltr'><strong>Salvatoris</strong></span> <span class='ocrx_word' id='word_1_79' title='bbox 659 2874 780 2953; x_wconf 87' lang='lat' dir='ltr'><strong>nostri,</strong></span> <span class='ocrx_word' id='word_1_80' title='bbox 806 2873 889 2935; x_wconf 88' lang='lat' dir='ltr'><strong>licet</strong></span> <span class='ocrx_word' id='word_1_81' title='bbox 913 2873 1094 2954; x_wconf 83' lang='lat' dir='ltr'><strong>immeriti,</strong></span> <span class='ocrx_word' id='word_1_82' title='bbox 1123 2873 1220 2937; x_wconf 90' lang='lat' dir='ltr'><strong>vices</strong></span> <span class='ocrx_word' id='word_1_83' title='bbox 1243 2885 1412 2955; x_wconf 87' lang='lat' dir='ltr'><strong>gerentes</strong></span> <span class='ocrx_word' id='word_1_84' title='bbox 1435 2873 1471 2935; x_wconf 91' lang='lat' dir='ltr'><strong>in</strong></span> <span class='ocrx_word' id='word_1_85' title='bbox 1495 2870 1612 2950; x_wconf 84' lang='lat' dir='ltr'><strong>terris,</strong></span> 
     </span>
     <span class='ocr_line' id='line_1_14' title="bbox 329 2978 1610 3064; baseline 0 -24"><span class='ocrx_word' id='word_1_86' title='bbox 329 2997 369 3040; x_wconf 93' lang='lat' dir='ltr'><strong>ac</strong></span> <span class='ocrx_word' id='word_1_87' title='bbox 394 2978 429 3040; x_wconf 90' lang='lat' dir='ltr'><strong>in</strong></span> <span class='ocrx_word' id='word_1_88' title='bbox 455 2979 540 3041; x_wconf 91' lang='lat' dir='ltr'><strong>sede</strong></span> <span class='ocrx_word' id='word_1_89' title='bbox 565 2979 697 3043; x_wconf 91' lang='lat' dir='ltr'><strong>iustitie</strong></span> <span class='ocrx_word' id='word_1_90' title='bbox 721 2980 842 3042; x_wconf 91' lang='lat' dir='ltr'><strong>divina</strong></span> <span class='ocrx_word' id='word_1_91' title='bbox 867 2981 1100 3064; x_wconf 88' lang='lat' dir='ltr'><strong>dispositione</strong></span> <span class='ocrx_word' id='word_1_92' title='bbox 1126 2982 1250 3062; x_wconf 82' lang='lat' dir='ltr'><strong>locati,</strong></span> <span class='ocrx_word' id='word_1_93' title='bbox 1275 3002 1322 3045; x_wconf 84' lang='lat' dir='ltr'><strong>ex</strong></span> <span class='ocrx_word' id='word_1_94' title='bbox 1346 2979 1467 3044; x_wconf 90' lang='lat' dir='ltr'><strong>debito</strong></span> <span class='ocrx_word' id='word_1_95' title='bbox 1491 2990 1610 3060; x_wconf 86' lang='lat' dir='ltr'><strong>pasto·</strong></span> 
     </span>
     <span class='ocr_line' id='line_1_15' title="bbox 331 3084 1611 3170; baseline 0 -24"><span class='ocrx_word' id='word_1_96' title='bbox 331 3084 415 3147; x_wconf 91' lang='lat' dir='ltr'><strong>ralis</strong></span> <span class='ocrx_word' id='word_1_97' title='bbox 439 3084 548 3148; x_wconf 88' lang='lat' dir='ltr'><strong>officii</strong></span> <span class='ocrx_word' id='word_1_98' title='bbox 556 3135 565 3167; x_wconf 81' lang='lat'><em>‚</em></span> <span class='ocrx_word' id='word_1_99' title='bbox 596 3096 634 3149; x_wconf 93' lang='lat' dir='ltr'><strong>ut</strong></span> <span class='ocrx_word' id='word_1_100' title='bbox 658 3107 959 3170; x_wconf 89' lang='lat' dir='ltr'><strong>quorumcumque</strong></span> <span class='ocrx_word' id='word_1_101' title='bbox 983 3109 1215 3170; x_wconf 89' lang='lat' dir='ltr'><strong>personarum</strong></span> <span class='ocrx_word' id='word_1_102' title='bbox 1246 3098 1357 3152; x_wconf 88' lang='lat' dir='ltr'><strong>status</strong></span> <span class='ocrx_word' id='word_1_103' title='bbox 1388 3095 1424 3149; x_wconf 91' lang='lat' dir='ltr'><strong>et</strong></span> <span class='ocrx_word' id='word_1_104' title='bbox 1453 3084 1611 3148; x_wconf 90' lang='lat' dir='ltr'><strong>conditio</strong></span> 
     </span>
     <span class='ocr_line' id='line_1_16' title="bbox 328 3193 1612 3278; baseline 0.002 -26"><span class='ocrx_word' id='word_1_105' title='bbox 328 3193 1315 3278; x_wconf 89' lang='lat' dir='ltr'><strong>proutdecetequolibraminepensitenturetunicuique</strong></span> <span class='ocrx_word' id='word_1_106' title='bbox 1324 3215 1424 3257; x_wconf 90' lang='lat' dir='ltr'><strong>suum</strong></span> <span class='ocrx_word' id='word_1_107' title='bbox 1434 3194 1612 3255; x_wconf 89' lang='lat' dir='ltr'><strong>tribuatur</strong></span> 
     </span>
     <span class='ocr_line' id='line_1_17' title="bbox 328 3296 1610 3386; baseline 0.002 -27"><span class='ocrx_word' id='word_1_108' title='bbox 328 3296 392 3379; x_wconf 89' lang='lat' dir='ltr'><strong>ius,</strong></span> <span class='ocrx_word' id='word_1_109' title='bbox 416 3319 541 3363; x_wconf 90' lang='lat' dir='ltr'><strong>curare</strong></span> <span class='ocrx_word' id='word_1_110' title='bbox 565 3311 725 3364; x_wconf 91' lang='lat' dir='ltr'><strong>tenemur</strong></span> <span class='ocrx_word' id='word_1_111' title='bbox 742 3312 787 3384; x_wconf 85' lang='lat' dir='ltr'><strong>et,</strong></span> <span class='ocrx_word' id='word_1_112' title='bbox 813 3313 996 3386; x_wconf 89' lang='lat' dir='ltr'><strong>comperta</strong></span> <span class='ocrx_word' id='word_1_113' title='bbox 1011 3304 1172 3384; x_wconf 79' lang='lat' dir='ltr'><strong>veritate,</strong></span> <span class='ocrx_word' id='word_1_114' title='bbox 1197 3302 1447 3366; x_wconf 81' lang='lat' dir='ltr'><strong>declarationis</strong></span> <span class='ocrx_word' id='word_1_115' title='bbox 1462 3302 1610 3363; x_wconf 91' lang='lat' dir='ltr'><strong>oraculo</strong></span> 
     </span>
     <span class='ocr_line' id='line_1_18' title="bbox 329 3405 1611 3493; baseline 0.001 -26"><span class='ocrx_word' id='word_1_116' title='bbox 329 3407 426 3468; x_wconf 90' lang='lat' dir='ltr'><strong>clara</strong></span> <span class='ocrx_word' id='word_1_117' title='bbox 451 3416 486 3470; x_wconf 91' lang='lat' dir='ltr'><strong>et</strong></span> <span class='ocrx_word' id='word_1_118' title='bbox 508 3410 616 3489; x_wconf 88' lang='lat' dir='ltr'><strong>plana</strong></span> <span class='ocrx_word' id='word_1_119' title='bbox 641 3409 771 3490; x_wconf 79' lang='lat' dir='ltr'><strong>facere,</strong></span> <span class='ocrx_word' id='word_1_120' title='bbox 795 3418 834 3470; x_wconf 91' lang='lat' dir='ltr'><strong>ut</strong></span> <span class='ocrx_word' id='word_1_121' title='bbox 858 3410 988 3473; x_wconf 87' lang='lat' dir='ltr'><strong>exinde</strong></span> <span class='ocrx_word' id='word_1_122' title='bbox 1012 3430 1163 3473; x_wconf 89' lang='lat' dir='ltr'><strong>erronea</strong></span> <span class='ocrx_word' id='word_1_123' title='bbox 1179 3409 1347 3493; x_wconf 92' lang='lat' dir='ltr'><strong>opinione</strong></span> <span class='ocrx_word' id='word_1_124' title='bbox 1369 3419 1404 3473; x_wconf 90' lang='lat' dir='ltr'><strong>et</strong></span> <span class='ocrx_word' id='word_1_125' title='bbox 1431 3405 1611 3470; x_wconf 88' lang='lat' dir='ltr'><strong>contraria</strong></span> 
     </span>
     <span class='ocr_line' id='line_1_19' title="bbox 328 3512 1610 3596; baseline 0 -23"><span class='ocrx_word' id='word_1_126' title='bbox 328 3512 423 3576; x_wconf 88' lang='lat' dir='ltr'><strong>fama</strong></span> <span class='ocrx_word' id='word_1_127' title='bbox 451 3515 611 3596; x_wconf 88' lang='lat' dir='ltr'><strong>sublatis,</strong></span> <span class='ocrx_word' id='word_1_128' title='bbox 629 3517 743 3579; x_wconf 89' lang='lat' dir='ltr'><strong>omnis</strong></span> <span class='ocrx_word' id='word_1_129' title='bbox 760 3517 952 3581; x_wconf 90' lang='lat' dir='ltr'><strong>dubietatis</strong></span> <span class='ocrx_word' id='word_1_130' title='bbox 968 3518 1081 3582; x_wconf 85' lang='lat' dir='ltr'><strong>fomes</strong></span> <span class='ocrx_word' id='word_1_131' title='bbox 1104 3526 1340 3582; x_wconf 88' lang='lat' dir='ltr'><strong>removeatur.</strong></span> <span class='ocrx_word' id='word_1_132' title='bbox 1387 3516 1475 3579; x_wconf 88' lang='lat' dir='ltr'><strong>Cum</strong></span> <span class='ocrx_word' id='word_1_133' title='bbox 1495 3533 1610 3595; x_wconf 89' lang='lat' dir='ltr'><strong>nuper</strong></span> 
     </span>
     <span class='ocr_line' id='line_1_20' title="bbox 328 3619 1610 3708; baseline -0.001 -26"><span class='ocrx_word' id='word_1_134' title='bbox 328 3619 398 3683; x_wconf 89' lang='lat' dir='ltr'><strong>fide</strong></span> <span class='ocrx_word' id='word_1_135' title='bbox 415 3620 601 3703; x_wconf 87' lang='lat' dir='ltr'><strong>dignorum</strong></span> <span class='ocrx_word' id='word_1_136' title='bbox 618 3623 791 3687; x_wconf 84' lang='lat' dir='ltr'><strong>relatione</strong></span> <span class='ocrx_word' id='word_1_137' title='bbox 807 3627 1071 3708; x_wconf 88' lang='lat' dir='ltr'><strong>perceperimus</strong></span> <span class='ocrx_word' id='word_1_138' title='bbox 1095 3628 1191 3707; x_wconf 92' lang='lat' dir='ltr'><strong>quod</strong></span> <span class='ocrx_word' id='word_1_139' title='bbox 1215 3625 1364 3687; x_wconf 90' lang='lat' dir='ltr'><strong>dilectus</strong></span> <span class='ocrx_word' id='word_1_140' title='bbox 1386 3623 1479 3685; x_wconf 88' lang='lat' dir='ltr'><strong>filius</strong></span> <span class='ocrx_word' id='word_1_141' title='bbox 1495 3621 1610 3700; x_wconf 90' lang='lat' dir='ltr'><strong>Julius</strong></span> 
     </span>
     <span class='ocr_line' id='line_1_21' title="bbox 328 3726 1610 3814; baseline -0.001 -25"><span class='ocrx_word' id='word_1_142' title='bbox 328 3726 471 3790; x_wconf 89' lang='lat' dir='ltr'><strong>Electus</strong></span> <span class='ocrx_word' id='word_1_143' title='bbox 494 3728 735 3812; x_wconf 81' lang='lat' dir='ltr'><strong>Florentinus‚</strong></span> <span class='ocrx_word' id='word_1_144' title='bbox 768 3751 873 3813; x_wconf 91' lang='lat' dir='ltr'><strong>quem</strong></span> <span class='ocrx_word' id='word_1_145' title='bbox 906 3734 1077 3795; x_wconf 90' lang='lat' dir='ltr'><strong>hactenus</strong></span> <span class='ocrx_word' id='word_1_146' title='bbox 1108 3734 1153 3796; x_wconf 93' lang='lat' dir='ltr'><strong>de</strong></span> <span class='ocrx_word' id='word_1_147' title='bbox 1182 3732 1361 3814; x_wconf 86' lang='lat' dir='ltr'><strong>quondam</strong></span> <span class='ocrx_word' id='word_1_148' title='bbox 1391 3728 1533 3810; x_wconf 91' lang='lat' dir='ltr'><strong>Juliano</strong></span> <span class='ocrx_word' id='word_1_149' title='bbox 1563 3727 1610 3788; x_wconf 93' lang='lat' dir='ltr'><strong>de</strong></span> 
     </span>
     <span class='ocr_line' id='line_1_22' title="bbox 328 3834 1612 3919; baseline -0.001 -23"><span class='ocrx_word' id='word_1_150' title='bbox 328 3834 479 3897; x_wconf 89' lang='lat' dir='ltr'><strong>Medicis</strong></span> <span class='ocrx_word' id='word_1_151' title='bbox 503 3835 590 3899; x_wconf 87' lang='lat' dir='ltr'><strong>Cive</strong></span> <span class='ocrx_word' id='word_1_152' title='bbox 613 3837 839 3919; x_wconf 87' lang='lat' dir='ltr'><strong>Florentin0‚</strong></span> <span class='ocrx_word' id='word_1_153' title='bbox 876 3842 1069 3903; x_wconf 86' lang='lat' dir='ltr'><strong>secundum</strong></span> <span class='ocrx_word' id='word_1_154' title='bbox 1092 3860 1233 3902; x_wconf 90' lang='lat' dir='ltr'><strong>carnem</strong></span> <span class='ocrx_word' id='word_1_155' title='bbox 1270 3838 1403 3901; x_wconf 91' lang='lat' dir='ltr'><strong>Patruo</strong></span> <span class='ocrx_word' id='word_1_156' title='bbox 1428 3844 1549 3899; x_wconf 88' lang='lat' dir='ltr'><strong>nostro</strong></span> <span class='ocrx_word' id='word_1_157' title='bbox 1573 3841 1612 3896; x_wconf 89' lang='lat' dir='ltr'><strong>et</strong></span> 
     </span>
     <span class='ocr_line' id='line_1_23' title="bbox 328 3940 1611 4038; baseline -0.003 -33"><span class='ocrx_word' id='word_1_158' title='bbox 328 3941 474 4005; x_wconf 90' lang='lat' dir='ltr'><strong>Floreta</strong></span> <span class='ocrx_word' id='word_1_159' title='bbox 497 3943 646 4006; x_wconf 89' lang='lat' dir='ltr'><strong>Antonii</strong></span> <span class='ocrx_word' id='word_1_160' title='bbox 669 3944 820 4008; x_wconf 90' lang='lat' dir='ltr'><strong>Muliere</strong></span> <span class='ocrx_word' id='word_1_161' title='bbox 835 3946 1043 4009; x_wconf 90' lang='lat' dir='ltr'><strong>Florentina</strong></span> <span class='ocrx_word' id='word_1_162' title='bbox 1065 3957 1148 4009; x_wconf 93' lang='lat' dir='ltr'><strong>tunc</strong></span> <span class='ocrx_word' id='word_1_163' title='bbox 1171 3947 1207 4008; x_wconf 92' lang='lat' dir='ltr'><strong>in</strong></span> <span class='ocrx_word' id='word_1_164' title='bbox 1230 3944 1392 4008; x_wconf 88' lang='lat' dir='ltr'><strong>humanis</strong></span> <span class='ocrx_word' id='word_1_165' title='bbox 1408 3940 1611 4038; x_wconf 54' lang='lat' dir='ltr'><strong>agentibus,</strong></span> 
     </span>
     <span class='ocr_line' id='line_1_24' title="bbox 330 4049 1610 4135; baseline 0.001 -24"><span class='ocrx_word' id='word_1_166' title='bbox 330 4049 484 4131; x_wconf 72' lang='lat' dir='ltr'><strong>genitus7</strong></span> <span class='ocrx_word' id='word_1_167' title='bbox 509 4050 688 4113; x_wconf 86' lang='lat' dir='ltr'><strong>defectum</strong></span> <span class='ocrx_word' id='word_1_168' title='bbox 714 4052 881 4114; x_wconf 86' lang='lat' dir='ltr'><strong>natalium</strong></span> <span class='ocrx_word' id='word_1_169' title='bbox 906 4055 982 4135; x_wconf 88' lang='lat' dir='ltr'><strong>pati</strong></span> <span class='ocrx_word' id='word_1_170' title='bbox 1005 4063 1201 4135; x_wconf 61' lang='lat' dir='ltr'><strong>reputatus</strong></span> <span class='ocrx_word' id='word_1_171' title='bbox 1218 4071 1407 4133; x_wconf 89' lang='lat' dir='ltr'><strong>secumque</strong></span> <span class='ocrx_word' id='word_1_172' title='bbox 1429 4061 1610 4132; x_wconf 88' lang='lat' dir='ltr'><strong>tamquam</strong></span> 
     </span>
     <span class='ocr_line' id='line_1_25' title="bbox 330 4155 1611 4242; baseline 0.002 -25"><span class='ocrx_word' id='word_1_173' title='bbox 330 4155 508 4219; x_wconf 84' lang='lat' dir='ltr'><strong>defectum</strong></span> <span class='ocrx_word' id='word_1_174' title='bbox 545 4157 744 4220; x_wconf 88' lang='lat' dir='ltr'><strong>huiusmodi</strong></span> <span class='ocrx_word' id='word_1_175' title='bbox 772 4159 942 4240; x_wconf 88' lang='lat' dir='ltr'><strong>patiente,</strong></span> <span class='ocrx_word' id='word_1_176' title='bbox 977 4160 1012 4223; x_wconf 93' lang='lat' dir='ltr'><strong>in</strong></span> <span class='ocrx_word' id='word_1_177' title='bbox 1051 4159 1315 4242; x_wconf 87' lang='lat' dir='ltr'><strong>provisionibus</strong></span> <span class='ocrx_word' id='word_1_178' title='bbox 1356 4156 1611 4220; x_wconf 88' lang='lat' dir='ltr'><strong>beneficiorum</strong></span> 
     </span>
     <span class='ocr_line' id='line_1_26' title="bbox 330 4262 1610 4349; baseline 0.002 -25"><span class='ocrx_word' id='word_1_179' title='bbox 330 4263 399 4325; x_wconf 88' lang='lat' dir='ltr'><strong>sibi</strong></span> <span class='ocrx_word' id='word_1_180' title='bbox 423 4262 527 4326; x_wconf 85' lang='lat' dir='ltr'><strong>iactis</strong></span> <span class='ocrx_word' id='word_1_181' title='bbox 551 4282 616 4344; x_wconf 93' lang='lat' dir='ltr'><strong>per</strong></span> <span class='ocrx_word' id='word_1_182' title='bbox 639 4267 914 4345; x_wconf 87' lang='lat' dir='ltr'><strong>predecessores</strong></span> <span class='ocrx_word' id='word_1_183' title='bbox 932 4276 1071 4331; x_wconf 91' lang='lat' dir='ltr'><strong>nostros</strong></span> <span class='ocrx_word' id='word_1_184' title='bbox 1096 4278 1131 4330; x_wconf 91' lang='lat' dir='ltr'><strong>et</strong></span> <span class='ocrx_word' id='word_1_185' title='bbox 1155 4287 1220 4349; x_wconf 91' lang='lat' dir='ltr'><strong>per</strong></span> <span class='ocrx_word' id='word_1_186' title='bbox 1243 4286 1317 4347; x_wconf 84' lang='lat' dir='ltr'><strong>nos,</strong></span> <span class='ocrx_word' id='word_1_187' title='bbox 1342 4286 1420 4328; x_wconf 91' lang='lat' dir='ltr'><strong>cum</strong></span> <span class='ocrx_word' id='word_1_188' title='bbox 1436 4285 1549 4347; x_wconf 90' lang='lat' dir='ltr'><strong>nuper</strong></span> <span class='ocrx_word' id='word_1_189' title='bbox 1564 4265 1610 4327; x_wconf 89' lang='lat' dir='ltr'><strong>de</strong></span> 
     </span>
     <span class='ocr_line' id='line_1_27' title="bbox 329 4371 1609 4454; baseline 0.002 -23"><span class='ocrx_word' id='word_1_190' title='bbox 329 4389 484 4451; x_wconf 91' lang='lat' dir='ltr'><strong>persona</strong></span> <span class='ocrx_word' id='word_1_191' title='bbox 509 4391 573 4432; x_wconf 88' lang='lat' dir='ltr'><strong>sua</strong></span> <span class='ocrx_word' id='word_1_192' title='bbox 597 4372 749 4435; x_wconf 87' lang='lat' dir='ltr'><strong>ecclesie</strong></span> <span class='ocrx_word' id='word_1_193' title='bbox 779 4371 967 4437; x_wconf 90' lang='lat' dir='ltr'><strong>florentine</strong></span> <span class='ocrx_word' id='word_1_194' title='bbox 990 4383 1074 4436; x_wconf 89' lang='lat' dir='ltr'><strong>tunc</strong></span> <span class='ocrx_word' id='word_1_195' title='bbox 1108 4384 1205 4438; x_wconf 90' lang='lat' dir='ltr'><strong>certo</strong></span> <span class='ocrx_word' id='word_1_196' title='bbox 1230 4375 1336 4436; x_wconf 90' lang='lat' dir='ltr'><strong>modo</strong></span> <span class='ocrx_word' id='word_1_197' title='bbox 1360 4371 1502 4435; x_wconf 89' lang='lat' dir='ltr'><strong>vacanti</strong></span> <span class='ocrx_word' id='word_1_198' title='bbox 1529 4392 1609 4454; x_wconf 94' lang='lat' dir='ltr'><strong>pro-</strong></span> 
     </span>
     <span class='ocr_line' id='line_1_28' title="bbox 327 4476 1611 4564; baseline 0.003 -26"><span class='ocrx_word' id='word_1_199' title='bbox 327 4476 549 4558; x_wconf 84' lang='lat' dir='ltr'><strong>vidissemus,</strong></span> <span class='ocrx_word' id='word_1_200' title='bbox 580 4478 766 4560; x_wconf 90' lang='lat' dir='ltr'><strong>ipsumque</strong></span> <span class='ocrx_word' id='word_1_201' title='bbox 790 4479 839 4541; x_wconf 93' lang='lat' dir='ltr'><strong>illi</strong></span> <span class='ocrx_word' id='word_1_202' title='bbox 864 4479 1124 4561; x_wconf 89' lang='lat' dir='ltr'><strong>preficissemus</strong></span> <span class='ocrx_word' id='word_1_203' title='bbox 1155 4482 1191 4543; x_wconf 93' lang='lat' dir='ltr'><strong>in</strong></span> <span class='ocrx_word' id='word_1_204' title='bbox 1220 4480 1540 4564; x_wconf 88' lang='lat' dir='ltr'><strong>Archiepiscopum</strong></span> <span class='ocrx_word' id='word_1_205' title='bbox 1574 4490 1611 4542; x_wconf 91' lang='lat' dir='ltr'><strong>et</strong></span> 
     </span>
     <span class='ocr_line' id='line_1_29' title="bbox 330 4584 1610 4670; baseline 0.002 -24"><span class='ocrx_word' id='word_1_206' title='bbox 330 4585 515 4647; x_wconf 89' lang='lat' dir='ltr'><strong>Pastorem</strong></span> <span class='ocrx_word' id='word_1_207' title='bbox 540 4595 579 4646; x_wconf 89' lang='lat' dir='ltr'><strong>ut</strong></span> <span class='ocrx_word' id='word_1_208' title='bbox 602 4584 653 4646; x_wconf 91' lang='lat' dir='ltr'><strong>illi</strong></span> <span class='ocrx_word' id='word_1_209' title='bbox 678 4604 823 4665; x_wconf 88' lang='lat' dir='ltr'><strong>preesse</strong></span> <span class='ocrx_word' id='word_1_210' title='bbox 846 4596 970 4667; x_wconf 89' lang='lat' dir='ltr'><strong>posset</strong></span> <span class='ocrx_word' id='word_1_211' title='bbox 994 4588 1236 4670; x_wconf 90' lang='lat' dir='ltr'><strong>dispensatum</strong></span> <span class='ocrx_word' id='word_1_212' title='bbox 1259 4588 1334 4666; x_wconf 87' lang='lat' dir='ltr'><strong>fuit,</strong></span> <span class='ocrx_word' id='word_1_213' title='bbox 1361 4587 1455 4670; x_wconf 91' lang='lat' dir='ltr'><strong>quod</strong></span> <span class='ocrx_word' id='word_1_214' title='bbox 1487 4587 1523 4649; x_wconf 89' lang='lat' dir='ltr'><strong>in</strong></span> <span class='ocrx_word' id='word_1_215' title='bbox 1552 4607 1610 4648; x_wconf 91' lang='lat' dir='ltr'><strong>ve·</strong></span> 
     </span>
     <span class='ocr_line' id='line_1_30' title="bbox 329 4690 1610 4774; baseline 0.002 -21"><span class='ocrx_word' id='word_1_216' title='bbox 329 4691 433 4754; x_wconf 91' lang='lat' dir='ltr'><strong>ritate</strong></span> <span class='ocrx_word' id='word_1_217' title='bbox 458 4712 504 4754; x_wconf 82' lang='lat' dir='ltr'><strong>ex</strong></span> <span class='ocrx_word' id='word_1_218' title='bbox 526 4690 686 4774; x_wconf 88' lang='lat' dir='ltr'><strong>legitimo</strong></span> <span class='ocrx_word' id='word_1_219' title='bbox 710 4692 933 4757; x_wconf 90' lang='lat' dir='ltr'><strong>matrimonio</strong></span> <span class='ocrx_word' id='word_1_220' title='bbox 957 4694 1049 4757; x_wconf 89' lang='lat' dir='ltr'><strong>inter</strong></span> <span class='ocrx_word' id='word_1_221' title='bbox 1074 4698 1218 4758; x_wconf 91' lang='lat' dir='ltr'><strong>eosdem</strong></span> <span class='ocrx_word' id='word_1_222' title='bbox 1250 4694 1427 4774; x_wconf 90' lang='lat' dir='ltr'><strong>Julianum</strong></span> <span class='ocrx_word' id='word_1_223' title='bbox 1462 4704 1498 4756; x_wconf 91' lang='lat' dir='ltr'><strong>et</strong></span> <span class='ocrx_word' id='word_1_224' title='bbox 1530 4692 1610 4756; x_wconf 91' lang='lat' dir='ltr'><strong>Flo·</strong></span> 
     </span>
     <span class='ocr_line' id='line_1_31' title="bbox 330 4800 1610 4883; baseline 0.002 -23"><span class='ocrx_word' id='word_1_225' title='bbox 330 4808 442 4861; x_wconf 89' lang='lat' dir='ltr'><strong>retam</strong></span> <span class='ocrx_word' id='word_1_226' title='bbox 466 4820 532 4881; x_wconf 92' lang='lat' dir='ltr'><strong>per</strong></span> <span class='ocrx_word' id='word_1_227' title='bbox 558 4802 671 4862; x_wconf 88' lang='lat' dir='ltr'><strong>verba</strong></span> <span class='ocrx_word' id='word_1_228' title='bbox 695 4800 852 4881; x_wconf 84' lang='lat' dir='ltr'><strong>legitime</strong></span> <span class='ocrx_word' id='word_1_229' title='bbox 877 4803 922 4864; x_wconf 90' lang='lat' dir='ltr'><strong>de</strong></span> <span class='ocrx_word' id='word_1_230' title='bbox 948 4804 1106 4883; x_wconf 90' lang='lat' dir='ltr'><strong>presenti</strong></span> <span class='ocrx_word' id='word_1_231' title='bbox 1131 4812 1312 4867; x_wconf 87' lang='lat' dir='ltr'><strong>contracto</strong></span> <span class='ocrx_word' id='word_1_232' title='bbox 1336 4812 1373 4865; x_wconf 88' lang='lat' dir='ltr'><strong>et</strong></span> <span class='ocrx_word' id='word_1_233' title='bbox 1396 4801 1531 4864; x_wconf 89' lang='lat' dir='ltr'><strong>carnali</strong></span> <span class='ocrx_word' id='word_1_234' title='bbox 1555 4821 1610 4863; x_wconf 90' lang='lat' dir='ltr'><strong>co·</strong></span> 
     </span>
     <span class='ocr_line' id='line_1_32' title="bbox 328 4907 1610 4992; baseline 0.002 -24"><span class='ocrx_word' id='word_1_235' title='bbox 328 4907 413 4987; x_wconf 91' lang='lat' dir='ltr'><strong>pula</strong></span> <span class='ocrx_word' id='word_1_236' title='bbox 437 4916 643 4969; x_wconf 90' lang='lat' dir='ltr'><strong>consumato</strong></span> <span class='ocrx_word' id='word_1_237' title='bbox 667 4917 874 4989; x_wconf 87' lang='lat' dir='ltr'><strong>procreatus</strong></span> <span class='ocrx_word' id='word_1_238' title='bbox 899 4917 976 4971; x_wconf 90' lang='lat' dir='ltr'><strong>erat</strong></span> <span class='ocrx_word' id='word_1_239' title='bbox 999 4929 1040 4972; x_wconf 91' lang='lat' dir='ltr'><strong>ac</strong></span> <span class='ocrx_word' id='word_1_240' title='bbox 1066 4911 1161 4992; x_wconf 91' lang='lat' dir='ltr'><strong>quod</strong></span> <span class='ocrx_word' id='word_1_241' title='bbox 1186 4909 1294 4992; x_wconf 91' lang='lat' dir='ltr'><strong>aliqui</strong></span> <span class='ocrx_word' id='word_1_242' title='bbox 1311 4932 1358 4973; x_wconf 86' lang='lat' dir='ltr'><strong>ex</strong></span> <span class='ocrx_word' id='word_1_243' title='bbox 1373 4910 1524 4974; x_wconf 89' lang='lat' dir='ltr'><strong>testibus</strong></span> <span class='ocrx_word' id='word_1_244' title='bbox 1549 4908 1610 4990; x_wconf 92' lang='lat' dir='ltr'><strong>qui</strong></span> 
     </span>
    </p>
   </div>
   <div class='ocr_carea' id='block_1_6' title="bbox 0 0 1784 5734">
    <p class='ocr_par' dir='ltr' id='par_1_6' title="bbox 0 0 1784 5734">
     <span class='ocr_line' id='line_1_33' title="bbox 0 0 1784 5734; baseline 0 0"><span class='ocrx_word' id='word_1_245' title='bbox 0 0 1784 5734; x_wconf 95' lang='lat' dir='ltr'><strong> </strong></span> 
     </span>
    </p>
   </div>
  </div>
 </body>
</html>
