<?xml version="1.0" encoding="UTF-8"?>
<!DOCTYPE html PUBLIC "-//W3C//DTD XHTML 1.0 Transitional//EN"
    "http://www.w3.org/TR/xhtml1/DTD/xhtml1-transitional.dtd">
<html xmlns="http://www.w3.org/1999/xhtml" xml:lang="en" lang="en">
 <head>
  <title>
</title>
<meta http-equiv="Content-Type" content="text/html;charset=utf-8" />
  <meta name='ocr-system' content='tesseract 3.04.00' />
  <meta name='ocr-capabilities' content='ocr_page ocr_carea ocr_par ocr_line ocrx_word'/>
</head>
<body>
  <div class='ocr_page' id='page_1' title='image "./monumentareform01vatigoog/monumentareform01vatigoog_0136.png"; bbox 0 0 3559 5734; ppageno 0'>
   <div class='ocr_carea' id='block_1_1' title="bbox 940 848 994 914">
    <p class='ocr_par' dir='ltr' id='par_1_1' title="bbox 940 848 994 914">
     <span class='ocr_line' id='line_1_1' title="bbox 940 848 994 914; baseline 0.037 -2"><span class='ocrx_word' id='word_1_1' title='bbox 940 848 994 914; x_wconf 84' lang='lat'>39.</span> 
     </span>
    </p>
   </div>
   <div class='ocr_carea' id='block_1_2' title="bbox 747 963 1183 1165">
    <p class='ocr_par' dir='ltr' id='par_1_2' title="bbox 747 963 1183 1165">
     <span class='ocr_line' id='line_1_2' title="bbox 801 963 1127 1046; baseline 0.003 -1"><span class='ocrx_word' id='word_1_2' title='bbox 801 963 868 1045; x_wconf 80' lang='lat' dir='ltr'>leo</span> <span class='ocrx_word' id='word_1_3' title='bbox 887 965 931 1045; x_wconf 75' lang='lat' dir='ltr'>lt</span> <span class='ocrx_word' id='word_1_4' title='bbox 951 964 1073 1045; x_wconf 83' lang='lat' dir='ltr'>Gurdo</span> <span class='ocrx_word' id='word_1_5' title='bbox 1087 964 1127 1046; x_wconf 88' lang='lat' dir='ltr'>ll.</span> 
     </span>
     <span class='ocr_line' id='line_1_3' title="bbox 747 1092 1183 1165; baseline -0.011 -7"><span class='ocrx_word' id='word_1_6' title='bbox 747 1094 848 1158; x_wconf 73' lang='lat' dir='ltr'>(uota</span> <span class='ocrx_word' id='word_1_7' title='bbox 870 1092 1030 1154; x_wconf 76' lang='lat' dir='ltr'>Wormao.</span> <span class='ocrx_word' id='word_1_8' title='bbox 1048 1093 1104 1153; x_wconf 75' lang='lat' dir='ltr'>tol</span> <span class='ocrx_word' id='word_1_9' title='bbox 1129 1093 1183 1165; x_wconf 79' lang='lat' dir='ltr'>to.)</span> 
     </span>
    </p>
   </div>
   <div class='ocr_carea' id='block_1_3' title="bbox 322 1199 1607 4715">
    <p class='ocr_par' dir='ltr' id='par_1_3' title="bbox 327 1199 1606 1394">
     <span class='ocr_line' id='line_1_4' title="bbox 416 1199 1606 1290; baseline 0.002 -28"><span class='ocrx_word' id='word_1_10' title='bbox 416 1199 630 1265; x_wconf 88' lang='lat' dir='ltr'>Charissimo</span> <span class='ocrx_word' id='word_1_11' title='bbox 658 1204 694 1266; x_wconf 94' lang='lat' dir='ltr'>in</span> <span class='ocrx_word' id='word_1_12' title='bbox 720 1204 860 1290; x_wconf 86' lang='lat' dir='ltr'>Christo</span> <span class='ocrx_word' id='word_1_13' title='bbox 887 1204 961 1269; x_wconf 91' lang='lat' dir='ltr'>filio</span> <span class='ocrx_word' id='word_1_14' title='bbox 991 1215 1112 1269; x_wconf 93' lang='lat' dir='ltr'>nostro</span> <span class='ocrx_word' id='word_1_15' title='bbox 1137 1205 1266 1269; x_wconf 89' lang='lat' dir='ltr'>Carolo</span> <span class='ocrx_word' id='word_1_16' title='bbox 1292 1205 1539 1267; x_wconf 88' lang='lat' dir='ltr'>Romanorum</span> <span class='ocrx_word' id='word_1_17' title='bbox 1564 1224 1606 1265; x_wconf 88' lang='lat' dir='ltr'>ac</span> 
     </span>
     <span class='ocr_line' id='line_1_5' title="bbox 327 1306 1428 1394; baseline 0.005 -27"><span class='ocrx_word' id='word_1_18' title='bbox 327 1306 580 1388; x_wconf 87' lang='lat' dir='ltr'>Hispaniarum</span> <span class='ocrx_word' id='word_1_19' title='bbox 603 1310 703 1393; x_wconf 83' lang='lat' dir='ltr'>Regi</span> <span class='ocrx_word' id='word_1_20' title='bbox 727 1311 903 1375; x_wconf 87' lang='lat' dir='ltr'>catholico</span> <span class='ocrx_word' id='word_1_21' title='bbox 927 1313 962 1375; x_wconf 91' lang='lat' dir='ltr'>in</span> <span class='ocrx_word' id='word_1_22' title='bbox 988 1313 1243 1394; x_wconf 85' lang='lat' dir='ltr'>Imperatorem</span> <span class='ocrx_word' id='word_1_23' title='bbox 1269 1314 1384 1373; x_wconf 89' lang='lat' dir='ltr'>electo</span> <span class='ocrx_word' id='word_1_24' title='bbox 1394 1311 1428 1392; x_wconf 86' lang='lat'>¹).</span> 
     </span>
    </p>

    <p class='ocr_par' dir='ltr' id='par_1_4' title="bbox 322 1414 1607 4715">
     <span class='ocr_line' id='line_1_6' title="bbox 417 1414 1607 1498; baseline 0.001 -21"><span class='ocrx_word' id='word_1_25' title='bbox 417 1414 631 1481; x_wconf 89' lang='lat' dir='ltr'>Charissime</span> <span class='ocrx_word' id='word_1_26' title='bbox 655 1418 690 1481; x_wconf 92' lang='lat' dir='ltr'>in</span> <span class='ocrx_word' id='word_1_27' title='bbox 708 1418 849 1483; x_wconf 89' lang='lat' dir='ltr'>Christo</span> <span class='ocrx_word' id='word_1_28' title='bbox 874 1419 924 1483; x_wconf 87' lang='lat' dir='ltr'>fili</span> <span class='ocrx_word' id='word_1_29' title='bbox 948 1430 1070 1483; x_wconf 89' lang='lat' dir='ltr'>noster</span> <span class='ocrx_word' id='word_1_30' title='bbox 1094 1420 1257 1489; x_wconf 80' lang='lat' dir='ltr'>salutem:</span> <span class='ocrx_word' id='word_1_31' title='bbox 1283 1419 1398 1481; x_wconf 88' lang='lat' dir='ltr'>Tanta</span> <span class='ocrx_word' id='word_1_32' title='bbox 1422 1426 1476 1479; x_wconf 88' lang='lat' dir='ltr'>est</span> <span class='ocrx_word' id='word_1_33' title='bbox 1500 1425 1607 1498; x_wconf 86' lang='lat' dir='ltr'>atque</span> 
     </span>
     <span class='ocr_line' id='line_1_7' title="bbox 326 1521 1607 1605; baseline 0.002 -24"><span class='ocrx_word' id='word_1_34' title='bbox 326 1521 417 1584; x_wconf 92' lang='lat' dir='ltr'>adeo</span> <span class='ocrx_word' id='word_1_35' title='bbox 452 1523 609 1605; x_wconf 91' lang='lat' dir='ltr'>notoria,</span> <span class='ocrx_word' id='word_1_36' title='bbox 644 1535 680 1587; x_wconf 89' lang='lat' dir='ltr'>et</span> <span class='ocrx_word' id='word_1_37' title='bbox 718 1527 886 1590; x_wconf 85' lang='lat' dir='ltr'>universo</span> <span class='ocrx_word' id='word_1_38' title='bbox 923 1527 1000 1590; x_wconf 89' lang='lat' dir='ltr'>orbi</span> <span class='ocrx_word' id='word_1_39' title='bbox 1029 1537 1202 1590; x_wconf 89' lang='lat' dir='ltr'>terrarum</span> <span class='ocrx_word' id='word_1_40' title='bbox 1228 1524 1429 1604; x_wconf 86' lang='lat' dir='ltr'>manifesta,</span> <span class='ocrx_word' id='word_1_41' title='bbox 1462 1522 1607 1587; x_wconf 90' lang='lat' dir='ltr'>Martini</span> 
     </span>
     <span class='ocr_line' id='line_1_8' title="bbox 327 1626 1607 1714; baseline 0.004 -27"><span class='ocrx_word' id='word_1_42' title='bbox 327 1626 473 1690; x_wconf 89' lang='lat' dir='ltr'>Lutheri</span> <span class='ocrx_word' id='word_1_43' title='bbox 489 1629 749 1714; x_wconf 82' lang='lat' dir='ltr'>heresiarchae,</span> <span class='ocrx_word' id='word_1_44' title='bbox 775 1653 845 1695; x_wconf 91' lang='lat' dir='ltr'>non</span> <span class='ocrx_word' id='word_1_45' title='bbox 863 1634 976 1696; x_wconf 90' lang='lat' dir='ltr'>solum</span> <span class='ocrx_word' id='word_1_46' title='bbox 993 1633 1028 1695; x_wconf 92' lang='lat' dir='ltr'>in</span> <span class='ocrx_word' id='word_1_47' title='bbox 1055 1654 1120 1696; x_wconf 88' lang='lat' dir='ltr'>nos</span> <span class='ocrx_word' id='word_1_48' title='bbox 1144 1642 1179 1696; x_wconf 92' lang='lat' dir='ltr'>et</span> <span class='ocrx_word' id='word_1_49' title='bbox 1194 1634 1285 1695; x_wconf 90' lang='lat' dir='ltr'>hanc</span> <span class='ocrx_word' id='word_1_50' title='bbox 1298 1642 1458 1695; x_wconf 85' lang='lat' dir='ltr'>sanctam</span> <span class='ocrx_word' id='word_1_51' title='bbox 1474 1632 1607 1711; x_wconf 89' lang='lat' dir='ltr'>sedem,</span> 
     </span>
     <span class='ocr_line' id='line_1_9' title="bbox 326 1733 1605 1821; baseline 0.004 -27"><span class='ocrx_word' id='word_1_52' title='bbox 326 1733 390 1795; x_wconf 90' lang='lat' dir='ltr'>sed</span> <span class='ocrx_word' id='word_1_53' title='bbox 415 1744 539 1797; x_wconf 90' lang='lat' dir='ltr'>contra</span> <span class='ocrx_word' id='word_1_54' title='bbox 567 1737 674 1801; x_wconf 90' lang='lat' dir='ltr'>etiam</span> <span class='ocrx_word' id='word_1_55' title='bbox 701 1738 812 1821; x_wconf 92' lang='lat' dir='ltr'>ipsius</span> <span class='ocrx_word' id='word_1_56' title='bbox 839 1738 924 1803; x_wconf 91' lang='lat' dir='ltr'>fidei</span> <span class='ocrx_word' id='word_1_57' title='bbox 947 1741 1145 1815; x_wconf 87' lang='lat' dir='ltr'>veritatem,</span> <span class='ocrx_word' id='word_1_58' title='bbox 1170 1760 1212 1801; x_wconf 94' lang='lat' dir='ltr'>ac</span> <span class='ocrx_word' id='word_1_59' title='bbox 1237 1750 1440 1803; x_wconf 89' lang='lat' dir='ltr'>sanctorum</span> <span class='ocrx_word' id='word_1_60' title='bbox 1464 1748 1605 1821; x_wconf 89' lang='lat' dir='ltr'>patrum</span> 
     </span>
     <span class='ocr_line' id='line_1_10' title="bbox 326 1841 1605 1929; baseline 0.005 -28"><span class='ocrx_word' id='word_1_61' title='bbox 326 1841 471 1905; x_wconf 87' lang='lat' dir='ltr'>decreta</span> <span class='ocrx_word' id='word_1_62' title='bbox 485 1844 652 1924; x_wconf 81' lang='lat' dir='ltr'>pertinax</span> <span class='ocrx_word' id='word_1_63' title='bbox 677 1856 712 1909; x_wconf 90' lang='lat' dir='ltr'>et</span> <span class='ocrx_word' id='word_1_64' title='bbox 737 1848 950 1910; x_wconf 87' lang='lat' dir='ltr'>detestanda</span> <span class='ocrx_word' id='word_1_65' title='bbox 971 1847 1162 1925; x_wconf 86' lang='lat' dir='ltr'>temeritas,</span> <span class='ocrx_word' id='word_1_66' title='bbox 1187 1868 1292 1929; x_wconf 93' lang='lat' dir='ltr'>quam</span> <span class='ocrx_word' id='word_1_67' title='bbox 1316 1846 1429 1909; x_wconf 90' lang='lat' dir='ltr'>fetido</span> <span class='ocrx_word' id='word_1_68' title='bbox 1455 1866 1516 1909; x_wconf 92' lang='lat' dir='ltr'>ore</span> <span class='ocrx_word' id='word_1_69' title='bbox 1541 1865 1605 1907; x_wconf 93' lang='lat' dir='ltr'>suo</span> 
     </span>
     <span class='ocr_line' id='line_1_11' title="bbox 325 1948 1607 2037; baseline 0.004 -28"><span class='ocrx_word' id='word_1_70' title='bbox 325 1948 443 2028; x_wconf 89' lang='lat' dir='ltr'>palam</span> <span class='ocrx_word' id='word_1_71' title='bbox 460 1950 646 2031; x_wconf 90' lang='lat' dir='ltr'>predicare</span> <span class='ocrx_word' id='word_1_72' title='bbox 663 1973 704 2015; x_wconf 90' lang='lat' dir='ltr'>ac</span> <span class='ocrx_word' id='word_1_73' title='bbox 729 1954 931 2018; x_wconf 89' lang='lat' dir='ltr'>celsitudini</span> <span class='ocrx_word' id='word_1_74' title='bbox 956 1955 1060 2019; x_wconf 89' lang='lat' dir='ltr'>etiam</span> <span class='ocrx_word' id='word_1_75' title='bbox 1086 1965 1168 2017; x_wconf 90' lang='lat' dir='ltr'>tuae</span> <span class='ocrx_word' id='word_1_76' title='bbox 1192 1975 1257 2037; x_wconf 92' lang='lat' dir='ltr'>per</span> <span class='ocrx_word' id='word_1_77' title='bbox 1282 1955 1452 2037; x_wconf 88' lang='lat' dir='ltr'>epistolas</span> <span class='ocrx_word' id='word_1_78' title='bbox 1477 1962 1513 2016; x_wconf 89' lang='lat' dir='ltr'>et</span> <span class='ocrx_word' id='word_1_79' title='bbox 1536 1952 1607 2015; x_wconf 89' lang='lat' dir='ltr'>alia</span> 
     </span>
     <span class='ocr_line' id='line_1_12' title="bbox 324 2055 1607 2143; baseline 0.005 -28"><span class='ocrx_word' id='word_1_80' title='bbox 324 2055 457 2136; x_wconf 90' lang='lat' dir='ltr'>scripta</span> <span class='ocrx_word' id='word_1_81' title='bbox 473 2078 537 2120; x_wconf 85' lang='lat' dir='ltr'>sua</span> <span class='ocrx_word' id='word_1_82' title='bbox 553 2057 690 2122; x_wconf 88' lang='lat' dir='ltr'>nefaria</span> <span class='ocrx_word' id='word_1_83' title='bbox 713 2061 915 2143; x_wconf 88' lang='lat' dir='ltr'>significare</span> <span class='ocrx_word' id='word_1_84' title='bbox 940 2084 1009 2125; x_wconf 92' lang='lat' dir='ltr'>non</span> <span class='ocrx_word' id='word_1_85' title='bbox 1035 2071 1189 2142; x_wconf 89' lang='lat' dir='ltr'>veretur,</span> <span class='ocrx_word' id='word_1_86' title='bbox 1213 2061 1369 2143; x_wconf 90' lang='lat' dir='ltr'>quinimo</span> <span class='ocrx_word' id='word_1_87' title='bbox 1386 2060 1546 2124; x_wconf 90' lang='lat' dir='ltr'>inaudito</span> <span class='ocrx_word' id='word_1_88' title='bbox 1571 2070 1607 2121; x_wconf 89' lang='lat' dir='ltr'>et</span> 
     </span>
     <span class='ocr_line' id='line_1_13' title="bbox 324 2161 1606 2252; baseline 0.005 -29"><span class='ocrx_word' id='word_1_89' title='bbox 324 2161 498 2227; x_wconf 87' lang='lat' dir='ltr'>effrenato</span> <span class='ocrx_word' id='word_1_90' title='bbox 515 2167 668 2247; x_wconf 88' lang='lat' dir='ltr'>quodam</span> <span class='ocrx_word' id='word_1_91' title='bbox 687 2166 808 2232; x_wconf 88' lang='lat' dir='ltr'>furore</span> <span class='ocrx_word' id='word_1_92' title='bbox 825 2171 967 2252; x_wconf 74' lang='lat' dir='ltr'>satagit,</span> <span class='ocrx_word' id='word_1_93' title='bbox 991 2180 1030 2232; x_wconf 98' lang='lat' dir='ltr'>ut</span> <span class='ocrx_word' id='word_1_94' title='bbox 1046 2189 1161 2251; x_wconf 89' lang='lat' dir='ltr'>neque</span> <span class='ocrx_word' id='word_1_95' title='bbox 1178 2179 1298 2232; x_wconf 89' lang='lat' dir='ltr'>nostro</span> <span class='ocrx_word' id='word_1_96' title='bbox 1315 2180 1350 2231; x_wconf 93' lang='lat' dir='ltr'>et</span> <span class='ocrx_word' id='word_1_97' title='bbox 1364 2168 1468 2231; x_wconf 92' lang='lat' dir='ltr'>huius</span> <span class='ocrx_word' id='word_1_98' title='bbox 1483 2176 1606 2230; x_wconf 89' lang='lat' dir='ltr'>sancte</span> 
     </span>
     <span class='ocr_line' id='line_1_14' title="bbox 325 2270 1604 2359; baseline 0.004 -29"><span class='ocrx_word' id='word_1_99' title='bbox 325 2270 420 2332; x_wconf 87' lang='lat' dir='ltr'>sedis</span> <span class='ocrx_word' id='word_1_100' title='bbox 445 2272 566 2335; x_wconf 91' lang='lat' dir='ltr'>decori</span> <span class='ocrx_word' id='word_1_101' title='bbox 590 2275 781 2338; x_wconf 85' lang='lat' dir='ltr'>conveniat</span> <span class='ocrx_word' id='word_1_102' title='bbox 802 2297 880 2340; x_wconf 93' lang='lat' dir='ltr'>eam</span> <span class='ocrx_word' id='word_1_103' title='bbox 905 2277 1018 2359; x_wconf 89' lang='lat' dir='ltr'>magis</span> <span class='ocrx_word' id='word_1_104' title='bbox 1034 2296 1198 2357; x_wconf 83' lang='lat' dir='ltr'>arguere,</span> <span class='ocrx_word' id='word_1_105' title='bbox 1221 2276 1355 2358; x_wconf 92' lang='lat' dir='ltr'>quippe</span> <span class='ocrx_word' id='word_1_106' title='bbox 1380 2295 1472 2357; x_wconf 91' lang='lat' dir='ltr'>quae</span> <span class='ocrx_word' id='word_1_107' title='bbox 1496 2295 1518 2336; x_wconf 90' lang='lat' dir='ltr'>a</span> <span class='ocrx_word' id='word_1_108' title='bbox 1541 2294 1604 2336; x_wconf 89' lang='lat' dir='ltr'>suo</span> 
     </span>
     <span class='ocr_line' id='line_1_15' title="bbox 326 2376 1605 2465; baseline 0.005 -28"><span class='ocrx_word' id='word_1_109' title='bbox 326 2376 435 2457; x_wconf 90' lang='lat' dir='ltr'>ipsius</span> <span class='ocrx_word' id='word_1_110' title='bbox 451 2389 598 2443; x_wconf 86' lang='lat' dir='ltr'>auctore</span> <span class='ocrx_word' id='word_1_111' title='bbox 615 2381 700 2464; x_wconf 88' lang='lat' dir='ltr'>satis</span> <span class='ocrx_word' id='word_1_112' title='bbox 724 2382 839 2446; x_wconf 90' lang='lat' dir='ltr'>indies</span> <span class='ocrx_word' id='word_1_113' title='bbox 864 2403 935 2447; x_wconf 93' lang='lat' dir='ltr'>non</span> <span class='ocrx_word' id='word_1_114' title='bbox 952 2386 1065 2447; x_wconf 91' lang='lat' dir='ltr'>solum</span> <span class='ocrx_word' id='word_1_115' title='bbox 1090 2383 1335 2465; x_wconf 89' lang='lat' dir='ltr'>impurissimis</span> <span class='ocrx_word' id='word_1_116' title='bbox 1360 2392 1396 2445; x_wconf 89' lang='lat' dir='ltr'>et</span> <span class='ocrx_word' id='word_1_117' title='bbox 1420 2381 1605 2462; x_wconf 87' lang='lat' dir='ltr'>sacrilegis</span> 
     </span>
     <span class='ocr_line' id='line_1_16' title="bbox 324 2485 1603 2574; baseline 0.005 -30"><span class='ocrx_word' id='word_1_118' title='bbox 324 2485 463 2565; x_wconf 89' lang='lat' dir='ltr'>verbis,</span> <span class='ocrx_word' id='word_1_119' title='bbox 497 2488 561 2549; x_wconf 89' lang='lat' dir='ltr'>sed</span> <span class='ocrx_word' id='word_1_120' title='bbox 595 2487 711 2571; x_wconf 89' lang='lat' dir='ltr'>impiis</span> <span class='ocrx_word' id='word_1_121' title='bbox 745 2491 851 2554; x_wconf 91' lang='lat' dir='ltr'>etiam</span> <span class='ocrx_word' id='word_1_122' title='bbox 880 2491 1050 2574; x_wconf 91' lang='lat' dir='ltr'>operibus</span> <span class='ocrx_word' id='word_1_123' title='bbox 1074 2491 1254 2572; x_wconf 86' lang='lat' dir='ltr'>detegitur</span> <span class='ocrx_word' id='word_1_124' title='bbox 1277 2511 1318 2552; x_wconf 95' lang='lat' dir='ltr'>ac</span> <span class='ocrx_word' id='word_1_125' title='bbox 1343 2488 1603 2552; x_wconf 84' lang='lat' dir='ltr'>manifestatur:</span> 
     </span>
     <span class='ocr_line' id='line_1_17' title="bbox 325 2590 1605 2679; baseline 0.004 -27"><span class='ocrx_word' id='word_1_126' title='bbox 325 2590 425 2670; x_wconf 77' lang='lat' dir='ltr'>Quae</span> <span class='ocrx_word' id='word_1_127' title='bbox 460 2613 539 2656; x_wconf 94' lang='lat' dir='ltr'>cum</span> <span class='ocrx_word' id='word_1_128' title='bbox 572 2594 682 2677; x_wconf 91' lang='lat' dir='ltr'>ipsius</span> <span class='ocrx_word' id='word_1_129' title='bbox 716 2598 821 2660; x_wconf 89' lang='lat' dir='ltr'>etiam</span> <span class='ocrx_word' id='word_1_130' title='bbox 845 2597 1043 2679; x_wconf 87' lang='lat' dir='ltr'>Majestatis</span> <span class='ocrx_word' id='word_1_131' title='bbox 1071 2599 1169 2661; x_wconf 91' lang='lat' dir='ltr'>Tuae</span> <span class='ocrx_word' id='word_1_132' title='bbox 1202 2606 1332 2660; x_wconf 91' lang='lat' dir='ltr'>statum</span> <span class='ocrx_word' id='word_1_133' title='bbox 1366 2607 1401 2659; x_wconf 92' lang='lat' dir='ltr'>et</span> <span class='ocrx_word' id='word_1_134' title='bbox 1434 2599 1605 2659; x_wconf 88' lang='lat' dir='ltr'>honorem</span> 
     </span>
     <span class='ocr_line' id='line_1_18' title="bbox 324 2699 1604 2787; baseline 0.005 -29"><span class='ocrx_word' id='word_1_135' title='bbox 324 2699 546 2779; x_wconf 87' lang='lat' dir='ltr'>apertissime</span> <span class='ocrx_word' id='word_1_136' title='bbox 571 2712 731 2787; x_wconf 83' lang='lat' dir='ltr'>tangant,</span> <span class='ocrx_word' id='word_1_137' title='bbox 756 2704 968 2787; x_wconf 90' lang='lat' dir='ltr'>minimeque</span> <span class='ocrx_word' id='word_1_138' title='bbox 995 2705 1228 2768; x_wconf 90' lang='lat' dir='ltr'>dubitandum</span> <span class='ocrx_word' id='word_1_139' title='bbox 1251 2705 1306 2785; x_wconf 91' lang='lat' dir='ltr'>sit,</span> <span class='ocrx_word' id='word_1_140' title='bbox 1331 2704 1413 2785; x_wconf 92' lang='lat' dir='ltr'>quin</span> <span class='ocrx_word' id='word_1_141' title='bbox 1431 2702 1604 2766; x_wconf 90' lang='lat' dir='ltr'>celsitudo</span> 
     </span>
     <span class='ocr_line' id='line_1_19' title="bbox 324 2808 1604 2894; baseline 0.005 -29"><span class='ocrx_word' id='word_1_142' title='bbox 324 2812 385 2866; x_wconf 92' lang='lat' dir='ltr'>tua</span> <span class='ocrx_word' id='word_1_143' title='bbox 416 2808 572 2888; x_wconf 89' lang='lat' dir='ltr'>noverit,</span> <span class='ocrx_word' id='word_1_144' title='bbox 607 2830 698 2891; x_wconf 90' lang='lat' dir='ltr'>quae</span> <span class='ocrx_word' id='word_1_145' title='bbox 728 2831 815 2875; x_wconf 91' lang='lat' dir='ltr'>suae</span> <span class='ocrx_word' id='word_1_146' title='bbox 843 2812 914 2875; x_wconf 92' lang='lat' dir='ltr'>sint</span> <span class='ocrx_word' id='word_1_147' title='bbox 945 2821 1083 2894; x_wconf 90' lang='lat' dir='ltr'>partes,</span> <span class='ocrx_word' id='word_1_148' title='bbox 1113 2822 1150 2874; x_wconf 91' lang='lat' dir='ltr'>ut</span> <span class='ocrx_word' id='word_1_149' title='bbox 1174 2812 1286 2894; x_wconf 87' lang='lat' dir='ltr'>pestis</span> <span class='ocrx_word' id='word_1_150' title='bbox 1309 2811 1378 2873; x_wconf 87' lang='lat' dir='ltr'>ista</span> <span class='ocrx_word' id='word_1_151' title='bbox 1400 2810 1435 2872; x_wconf 93' lang='lat' dir='ltr'>in</span> <span class='ocrx_word' id='word_1_152' title='bbox 1461 2808 1604 2891; x_wconf 83' lang='lat' dir='ltr'>imperii</span> 
     </span>
     <span class='ocr_line' id='line_1_20' title="bbox 324 2911 1603 3002; baseline 0.005 -31"><span class='ocrx_word' id='word_1_153' title='bbox 324 2911 376 2972; x_wconf 90' lang='lat' dir='ltr'>sui</span> <span class='ocrx_word' id='word_1_154' title='bbox 400 2911 528 2977; x_wconf 90' lang='lat' dir='ltr'>finibus</span> <span class='ocrx_word' id='word_1_155' title='bbox 545 2927 681 2998; x_wconf 87' lang='lat' dir='ltr'>exorta,</span> <span class='ocrx_word' id='word_1_156' title='bbox 703 2918 910 3000; x_wconf 82' lang='lat' dir='ltr'>priusquam</span> <span class='ocrx_word' id='word_1_157' title='bbox 929 2920 1064 2982; x_wconf 89' lang='lat' dir='ltr'>maiora</span> <span class='ocrx_word' id='word_1_158' title='bbox 1085 2918 1255 3002; x_wconf 88' lang='lat' dir='ltr'>suscipiat</span> <span class='ocrx_word' id='word_1_159' title='bbox 1278 2919 1506 2995; x_wconf 86' lang='lat' dir='ltr'>incrementa,</span> <span class='ocrx_word' id='word_1_160' title='bbox 1530 2917 1603 2998; x_wconf 91' lang='lat' dir='ltr'>plu·</span> 
     </span>
     <span class='ocr_line' id='line_1_21' title="bbox 324 3020 1604 3108; baseline 0.006 -29"><span class='ocrx_word' id='word_1_161' title='bbox 324 3039 451 3100; x_wconf 89' lang='lat' dir='ltr'>resque</span> <span class='ocrx_word' id='word_1_162' title='bbox 469 3020 598 3085; x_wconf 90' lang='lat' dir='ltr'>Christi</span> <span class='ocrx_word' id='word_1_163' title='bbox 612 3023 737 3087; x_wconf 83' lang='lat' dir='ltr'>fideles</span> <span class='ocrx_word' id='word_1_164' title='bbox 758 3026 954 3108; x_wconf 84' lang='lat' dir='ltr'>pernitiosa</span> <span class='ocrx_word' id='word_1_165' title='bbox 969 3027 1044 3090; x_wconf 91' lang='lat' dir='ltr'>eius</span> <span class='ocrx_word' id='word_1_166' title='bbox 1058 3029 1143 3090; x_wconf 89' lang='lat' dir='ltr'>tabe</span> <span class='ocrx_word' id='word_1_167' title='bbox 1167 3025 1377 3104; x_wconf 88' lang='lat' dir='ltr'>inficiantur,</span> <span class='ocrx_word' id='word_1_168' title='bbox 1402 3032 1604 3106; x_wconf 91' lang='lat' dir='ltr'>opportune</span> 
     </span>
     <span class='ocr_line' id='line_1_22' title="bbox 326 3128 1604 3216; baseline 0.005 -29"><span class='ocrx_word' id='word_1_169' title='bbox 326 3128 488 3207; x_wconf 89' lang='lat' dir='ltr'>tollatur,</span> <span class='ocrx_word' id='word_1_170' title='bbox 520 3151 561 3193; x_wconf 88' lang='lat' dir='ltr'>ac</span> <span class='ocrx_word' id='word_1_171' title='bbox 594 3133 736 3212; x_wconf 89' lang='lat' dir='ltr'>penitus</span> <span class='ocrx_word' id='word_1_172' title='bbox 761 3133 1007 3216; x_wconf 82' lang='lat' dir='ltr'>extinguatur:</span> <span class='ocrx_word' id='word_1_173' title='bbox 1056 3134 1148 3215; x_wconf 83' lang='lat' dir='ltr'>Quia</span> <span class='ocrx_word' id='word_1_174' title='bbox 1176 3153 1290 3215; x_wconf 90' lang='lat' dir='ltr'>nuper</span> <span class='ocrx_word' id='word_1_175' title='bbox 1320 3143 1437 3195; x_wconf 90' lang='lat' dir='ltr'>tamen</span> <span class='ocrx_word' id='word_1_176' title='bbox 1468 3131 1514 3193; x_wconf 88' lang='lat' dir='ltr'>ad</span> <span class='ocrx_word' id='word_1_177' title='bbox 1539 3150 1604 3194; x_wconf 89' lang='lat' dir='ltr'>nos</span> 
     </span>
     <span class='ocr_line' id='line_1_23' title="bbox 323 3235 1604 3323; baseline 0.002 -27"><span class='ocrx_word' id='word_1_178' title='bbox 323 3235 488 3317; x_wconf 89' lang='lat' dir='ltr'>pervenit</span> <span class='ocrx_word' id='word_1_179' title='bbox 512 3238 664 3320; x_wconf 91' lang='lat' dir='ltr'>epistola</span> <span class='ocrx_word' id='word_1_180' title='bbox 688 3241 864 3322; x_wconf 93' lang='lat' dir='ltr'>quaedam</span> <span class='ocrx_word' id='word_1_181' title='bbox 887 3241 921 3303; x_wconf 95' lang='lat' dir='ltr'>in</span> <span class='ocrx_word' id='word_1_182' title='bbox 937 3241 1117 3323; x_wconf 90' lang='lat' dir='ltr'>publicum</span> <span class='ocrx_word' id='word_1_183' title='bbox 1144 3240 1239 3304; x_wconf 92' lang='lat' dir='ltr'>edita</span> <span class='ocrx_word' id='word_1_184' title='bbox 1264 3251 1299 3303; x_wconf 89' lang='lat' dir='ltr'>et</span> <span class='ocrx_word' id='word_1_185' title='bbox 1323 3241 1508 3321; x_wconf 88' lang='lat' dir='ltr'>impressa,</span> <span class='ocrx_word' id='word_1_186' title='bbox 1532 3258 1604 3319; x_wconf 87' lang='lat' dir='ltr'>qua</span> 
     </span>
     <span class='ocr_line' id='line_1_24' title="bbox 324 3341 1604 3431; baseline 0.005 -29"><span class='ocrx_word' id='word_1_187' title='bbox 324 3341 439 3405; x_wconf 91' lang='lat' dir='ltr'>dictus</span> <span class='ocrx_word' id='word_1_188' title='bbox 463 3344 636 3408; x_wconf 88' lang='lat' dir='ltr'>Martinus</span> <span class='ocrx_word' id='word_1_189' title='bbox 661 3350 726 3411; x_wconf 92' lang='lat' dir='ltr'>sub</span> <span class='ocrx_word' id='word_1_190' title='bbox 752 3357 936 3412; x_wconf 88' lang='lat' dir='ltr'>mansueta</span> <span class='ocrx_word' id='word_1_191' title='bbox 960 3369 1027 3412; x_wconf 90' lang='lat' dir='ltr'>ove</span> <span class='ocrx_word' id='word_1_192' title='bbox 1052 3351 1173 3430; x_wconf 91' lang='lat' dir='ltr'>lupum</span> <span class='ocrx_word' id='word_1_193' title='bbox 1190 3348 1456 3431; x_wconf 90' lang='lat' dir='ltr'>rapacissimum</span> <span class='ocrx_word' id='word_1_194' title='bbox 1480 3366 1604 3427; x_wconf 89' lang='lat' dir='ltr'>agens,</span> 
     </span>
     <span class='ocr_line' id='line_1_25' title="bbox 324 3449 1602 3535; baseline 0.004 -25"><span class='ocrx_word' id='word_1_195' title='bbox 324 3460 360 3510; x_wconf 91' lang='lat' dir='ltr'>et</span> <span class='ocrx_word' id='word_1_196' title='bbox 372 3449 527 3514; x_wconf 86' lang='lat' dir='ltr'>Luciferi</span> <span class='ocrx_word' id='word_1_197' title='bbox 552 3454 754 3535; x_wconf 84' lang='lat' dir='ltr'>superbiam</span> <span class='ocrx_word' id='word_1_198' title='bbox 780 3457 942 3519; x_wconf 88' lang='lat' dir='ltr'>simulata</span> <span class='ocrx_word' id='word_1_199' title='bbox 959 3460 1147 3520; x_wconf 88' lang='lat' dir='ltr'>verborum</span> <span class='ocrx_word' id='word_1_200' title='bbox 1162 3457 1359 3519; x_wconf 89' lang='lat' dir='ltr'>humilitate</span> <span class='ocrx_word' id='word_1_201' title='bbox 1376 3455 1602 3531; x_wconf 65' lang='lat' dir='ltr'>adumbrans</span> 
     </span>
     <span class='ocr_line' id='line_1_26' title="bbox 323 3557 1603 3655; baseline 0.005 -38"><span class='ocrx_word' id='word_1_202' title='bbox 323 3557 501 3638; x_wconf 90' lang='lat' dir='ltr'>Majestati</span> <span class='ocrx_word' id='word_1_203' title='bbox 517 3560 546 3622; x_wconf 86' lang='lat' dir='ltr'>T</span> <span class='ocrx_word' id='word_1_204' title='bbox 548 3581 615 3624; x_wconf 91' lang='lat' dir='ltr'>uae</span> <span class='ocrx_word' id='word_1_205' title='bbox 640 3564 789 3626; x_wconf 91' lang='lat' dir='ltr'>subdole</span> <span class='ocrx_word' id='word_1_206' title='bbox 814 3584 852 3627; x_wconf 89' lang='lat' dir='ltr'>se</span> <span class='ocrx_word' id='word_1_207' title='bbox 876 3564 1054 3627; x_wconf 87' lang='lat' dir='ltr'>insinuare</span> <span class='ocrx_word' id='word_1_208' title='bbox 1072 3573 1235 3635; x_wconf 83' lang='lat' dir='ltr'>conatur:</span> <span class='ocrx_word' id='word_1_209' title='bbox 1261 3584 1301 3625; x_wconf 91' lang='lat' dir='ltr'>ac</span> <span class='ocrx_word' id='word_1_210' title='bbox 1320 3562 1352 3624; x_wconf 94' lang='lat' dir='ltr'>ei</span> <span class='ocrx_word' id='word_1_211' title='bbox 1373 3561 1603 3655; x_wconf 83' lang='lat' dir='ltr'>persuadere,</span> 
     </span>
     <span class='ocr_line' id='line_1_27' title="bbox 323 3664 1602 3763; baseline 0.005 -39"><span class='ocrx_word' id='word_1_212' title='bbox 323 3666 416 3744; x_wconf 94' lang='lat' dir='ltr'>quod</span> <span class='ocrx_word' id='word_1_213' title='bbox 443 3664 573 3729; x_wconf 87' lang='lat' dir='ltr'>invitus</span> <span class='ocrx_word' id='word_1_214' title='bbox 597 3667 631 3730; x_wconf 92' lang='lat' dir='ltr'>in</span> <span class='ocrx_word' id='word_1_215' title='bbox 657 3670 838 3750; x_wconf 92' lang='lat' dir='ltr'>publicum</span> <span class='ocrx_word' id='word_1_216' title='bbox 860 3671 970 3748; x_wconf 88' lang='lat' dir='ltr'>venit,</span> <span class='ocrx_word' id='word_1_217' title='bbox 1002 3692 1043 3733; x_wconf 84' lang='lat' dir='ltr'>ac</span> <span class='ocrx_word' id='word_1_218' title='bbox 1068 3671 1216 3734; x_wconf 89' lang='lat' dir='ltr'>aliorum</span> <span class='ocrx_word' id='word_1_219' title='bbox 1242 3670 1276 3732; x_wconf 92' lang='lat' dir='ltr'>vi</span> <span class='ocrx_word' id='word_1_220' title='bbox 1301 3681 1336 3733; x_wconf 94' lang='lat' dir='ltr'>et</span> <span class='ocrx_word' id='word_1_221' title='bbox 1360 3668 1496 3732; x_wconf 89' lang='lat' dir='ltr'>insidiis</span> <span class='ocrx_word' id='word_1_222' title='bbox 1516 3688 1602 3763; x_wconf 36' lang='lat' dir='ltr'>,pro-</span> 
     </span>
     <span class='ocr_line' id='line_1_28' title="bbox 323 3770 1603 3861; baseline 0.005 -30"><span class='ocrx_word' id='word_1_223' title='bbox 323 3770 416 3833; x_wconf 88' lang='lat' dir='ltr'>ditus</span> <span class='ocrx_word' id='word_1_224' title='bbox 441 3773 591 3855; x_wconf 79' lang='lat' dir='ltr'>scripsit,</span> <span class='ocrx_word' id='word_1_225' title='bbox 617 3776 785 3858; x_wconf 91' lang='lat' dir='ltr'>quicquid</span> <span class='ocrx_word' id='word_1_226' title='bbox 809 3777 962 3861; x_wconf 82' lang='lat' dir='ltr'>scripsit,</span> <span class='ocrx_word' id='word_1_227' title='bbox 987 3790 1022 3840; x_wconf 89' lang='lat' dir='ltr'>et</span> <span class='ocrx_word' id='word_1_228' title='bbox 1037 3779 1175 3841; x_wconf 92' lang='lat' dir='ltr'>demum</span> <span class='ocrx_word' id='word_1_229' title='bbox 1193 3786 1340 3858; x_wconf 87' lang='lat' dir='ltr'>propter</span> <span class='ocrx_word' id='word_1_230' title='bbox 1357 3776 1603 3858; x_wconf 88' lang='lat' dir='ltr'>evangelicam</span> 
     </span>
     <span class='ocr_line' id='line_1_29' title="bbox 323 3878 1603 3968; baseline 0.004 -30"><span class='ocrx_word' id='word_1_231' title='bbox 323 3878 523 3959; x_wconf 89' lang='lat' dir='ltr'>veritatem,</span> <span class='ocrx_word' id='word_1_232' title='bbox 559 3902 663 3963; x_wconf 94' lang='lat' dir='ltr'>quam</span> <span class='ocrx_word' id='word_1_233' title='bbox 702 3885 875 3948; x_wconf 87' lang='lat' dir='ltr'>adversus</span> <span class='ocrx_word' id='word_1_234' title='bbox 906 3885 1170 3968; x_wconf 85' lang='lat' dir='ltr'>superstitiosas</span> <span class='ocrx_word' id='word_1_235' title='bbox 1198 3886 1373 3947; x_wconf 89' lang='lat' dir='ltr'>humanae</span> <span class='ocrx_word' id='word_1_236' title='bbox 1401 3883 1603 3946; x_wconf 85' lang='lat' dir='ltr'>traditionis</span> 
     </span>
     <span class='ocr_line' id='line_1_30' title="bbox 323 3985 1604 4073; baseline 0.005 -27"><span class='ocrx_word' id='word_1_237' title='bbox 323 3985 509 4065; x_wconf 91' lang='lat' dir='ltr'>opiniones</span> <span class='ocrx_word' id='word_1_238' title='bbox 533 3991 705 4072; x_wconf 86' lang='lat' dir='ltr'>evulgare</span> <span class='ocrx_word' id='word_1_239' title='bbox 729 4012 767 4054; x_wconf 92' lang='lat' dir='ltr'>se</span> <span class='ocrx_word' id='word_1_240' title='bbox 791 3992 917 4070; x_wconf 89' lang='lat' dir='ltr'>iactat,</span> <span class='ocrx_word' id='word_1_241' title='bbox 950 3992 1038 4073; x_wconf 88' lang='lat' dir='ltr'>iras,</span> <span class='ocrx_word' id='word_1_242' title='bbox 1075 3992 1324 4070; x_wconf 89' lang='lat' dir='ltr'>contumelias,</span> <span class='ocrx_word' id='word_1_243' title='bbox 1357 3991 1534 4073; x_wconf 88' lang='lat' dir='ltr'>pericula,</span> <span class='ocrx_word' id='word_1_244' title='bbox 1568 4000 1604 4053; x_wconf 93' lang='lat' dir='ltr'>et</span> 
     </span>
     <span class='ocr_line' id='line_1_31' title="bbox 323 4093 1604 4181; baseline 0.008 -29"><span class='ocrx_word' id='word_1_245' title='bbox 323 4093 493 4173; x_wconf 91' lang='lat' dir='ltr'>quicquid</span> <span class='ocrx_word' id='word_1_246' title='bbox 516 4096 598 4158; x_wconf 88' lang='lat' dir='ltr'>mali</span> <span class='ocrx_word' id='word_1_247' title='bbox 624 4098 821 4180; x_wconf 88' lang='lat' dir='ltr'>excogitari</span> <span class='ocrx_word' id='word_1_248' title='bbox 845 4110 983 4181; x_wconf 90' lang='lat' dir='ltr'>potest,</span> <span class='ocrx_word' id='word_1_249' title='bbox 1013 4101 1089 4163; x_wconf 90' lang='lat' dir='ltr'>sine</span> <span class='ocrx_word' id='word_1_250' title='bbox 1119 4099 1190 4162; x_wconf 88' lang='lat' dir='ltr'>line</span> <span class='ocrx_word' id='word_1_251' title='bbox 1218 4099 1368 4181; x_wconf 89' lang='lat' dir='ltr'>patitur,</span> <span class='ocrx_word' id='word_1_252' title='bbox 1398 4120 1439 4161; x_wconf 98' lang='lat' dir='ltr'>ac</span> <span class='ocrx_word' id='word_1_253' title='bbox 1470 4100 1604 4179; x_wconf 81' lang='lat' dir='ltr'>frustra</span> 
     </span>
     <span class='ocr_line' id='line_1_32' title="bbox 323 4198 1603 4289; baseline 0.006 -30"><span class='ocrx_word' id='word_1_254' title='bbox 323 4198 463 4261; x_wconf 85' lang='lat' dir='ltr'>veniam</span> <span class='ocrx_word' id='word_1_255' title='bbox 487 4202 588 4283; x_wconf 90' lang='lat' dir='ltr'>petit,</span> <span class='ocrx_word' id='word_1_256' title='bbox 612 4203 743 4267; x_wconf 90' lang='lat' dir='ltr'>frustra</span> <span class='ocrx_word' id='word_1_257' title='bbox 761 4206 938 4269; x_wconf 90' lang='lat' dir='ltr'>silentium</span> <span class='ocrx_word' id='word_1_258' title='bbox 964 4206 1078 4287; x_wconf 86' lang='lat' dir='ltr'>offert,</span> <span class='ocrx_word' id='word_1_259' title='bbox 1103 4206 1235 4268; x_wconf 83' lang='lat' dir='ltr'>frustra</span> <span class='ocrx_word' id='word_1_260' title='bbox 1255 4205 1354 4289; x_wconf 89' lang='lat' dir='ltr'>pacis</span> <span class='ocrx_word' id='word_1_261' title='bbox 1379 4205 1603 4268; x_wconf 89' lang='lat' dir='ltr'>conditiones</span> 
     </span>
     <span class='ocr_line' id='line_1_33' title="bbox 324 4308 1602 4396; baseline 0.006 -29"><span class='ocrx_word' id='word_1_262' title='bbox 324 4308 508 4388; x_wconf 86' lang='lat' dir='ltr'>proponit,</span> <span class='ocrx_word' id='word_1_263' title='bbox 533 4308 664 4373; x_wconf 90' lang='lat' dir='ltr'>frustra</span> <span class='ocrx_word' id='word_1_264' title='bbox 689 4312 820 4375; x_wconf 89' lang='lat' dir='ltr'>erudiri</span> <span class='ocrx_word' id='word_1_265' title='bbox 844 4314 992 4376; x_wconf 89' lang='lat' dir='ltr'>meliora</span> <span class='ocrx_word' id='word_1_266' title='bbox 1016 4316 1188 4396; x_wconf 90' lang='lat' dir='ltr'>postulat,</span> <span class='ocrx_word' id='word_1_267' title='bbox 1214 4323 1351 4376; x_wconf 89' lang='lat' dir='ltr'>etcum</span> <span class='ocrx_word' id='word_1_268' title='bbox 1376 4311 1508 4375; x_wconf 83' lang='lat' dir='ltr'>frustra</span> <span class='ocrx_word' id='word_1_269' title='bbox 1533 4333 1602 4375; x_wconf 90' lang='lat' dir='ltr'>om·</span> 
     </span>
     <span class='ocr_line' id='line_1_34' title="bbox 323 4411 1602 4503; baseline 0.007 -30"><span class='ocrx_word' id='word_1_270' title='bbox 323 4411 381 4474; x_wconf 86' lang='lat' dir='ltr'>nia</span> <span class='ocrx_word' id='word_1_271' title='bbox 405 4416 567 4495; x_wconf 89' lang='lat' dir='ltr'>tentarit,</span> <span class='ocrx_word' id='word_1_272' title='bbox 601 4418 635 4480; x_wconf 93' lang='lat' dir='ltr'>in</span> <span class='ocrx_word' id='word_1_273' title='bbox 671 4439 749 4481; x_wconf 92' lang='lat' dir='ltr'>eum</span> <span class='ocrx_word' id='word_1_274' title='bbox 782 4436 900 4483; x_wconf 91' lang='lat' dir='ltr'>tamen</span> <span class='ocrx_word' id='word_1_275' title='bbox 933 4421 968 4482; x_wconf 93' lang='lat' dir='ltr'>id</span> <span class='ocrx_word' id='word_1_276' title='bbox 1001 4431 1162 4503; x_wconf 90' lang='lat' dir='ltr'>paratur,</span> <span class='ocrx_word' id='word_1_277' title='bbox 1198 4432 1235 4482; x_wconf 92' lang='lat' dir='ltr'>ut</span> <span class='ocrx_word' id='word_1_278' title='bbox 1267 4421 1499 4502; x_wconf 86' lang='lat' dir='ltr'>extinguatur</span> <span class='ocrx_word' id='word_1_279' title='bbox 1523 4441 1602 4483; x_wconf 90' lang='lat' dir='ltr'>cum</span> 
     </span>
     <span class='ocr_line' id='line_1_35' title="bbox 323 4519 1588 4609; baseline 0.007 -29"><span class='ocrx_word' id='word_1_280' title='bbox 323 4519 487 4584; x_wconf 88' lang='lat' dir='ltr'>universo</span> <span class='ocrx_word' id='word_1_281' title='bbox 512 4524 720 4605; x_wconf 81' lang='lat' dir='ltr'>Evangelio,</span> <span class='ocrx_word' id='word_1_282' title='bbox 746 4549 786 4590; x_wconf 89' lang='lat' dir='ltr'>ac</span> <span class='ocrx_word' id='word_1_283' title='bbox 810 4537 1014 4609; x_wconf 88' lang='lat' dir='ltr'>propterea,</span> <span class='ocrx_word' id='word_1_284' title='bbox 1039 4538 1078 4589; x_wconf 92' lang='lat' dir='ltr'>ut</span> <span class='ocrx_word' id='word_1_285' title='bbox 1101 4549 1139 4590; x_wconf 84' lang='lat' dir='ltr'>se</span> <span class='ocrx_word' id='word_1_286' title='bbox 1157 4529 1270 4591; x_wconf 85' lang='lat' dir='ltr'>Beato</span> <span class='ocrx_word' id='word_1_287' title='bbox 1287 4527 1484 4591; x_wconf 86' lang='lat' dir='ltr'>Athanasio</span> <span class='ocrx_word' id='word_1_288' title='bbox 1510 4547 1588 4591; x_wconf 90' lang='lat' dir='ltr'>com</span> 
     </span>
     <span class='ocr_line' id='line_1_36' title="bbox 322 4630 1602 4715; baseline 0.006 -27"><span class='ocrx_word' id='word_1_289' title='bbox 322 4639 442 4707; x_wconf 90' lang='lat' dir='ltr'>paret,</span> <span class='ocrx_word' id='word_1_290' title='bbox 474 4630 698 4711; x_wconf 85' lang='lat' dir='ltr'>imperialem</span> <span class='ocrx_word' id='word_1_291' title='bbox 728 4634 951 4715; x_wconf 89' lang='lat' dir='ltr'>Majestatem</span> <span class='ocrx_word' id='word_1_292' title='bbox 980 4635 1139 4697; x_wconf 81' lang='lat' dir='ltr'>invocat:</span> <span class='ocrx_word' id='word_1_293' title='bbox 1193 4634 1285 4715; x_wconf 82' lang='lat' dir='ltr'>Quia</span> <span class='ocrx_word' id='word_1_294' title='bbox 1312 4637 1402 4699; x_wconf 86' lang='lat' dir='ltr'>haec</span> <span class='ocrx_word' id='word_1_295' title='bbox 1427 4645 1462 4698; x_wconf 88' lang='lat' dir='ltr'>et</span> <span class='ocrx_word' id='word_1_296' title='bbox 1486 4635 1602 4697; x_wconf 91' lang='lat' dir='ltr'>huius·</span> 
     </span>
    </p>
   </div>
   <div class='ocr_carea' id='block_1_4' title="bbox 343 4800 1602 4956">
    <p class='ocr_par' dir='ltr' id='par_1_5' title="bbox 343 4800 1602 4956">
     <span class='ocr_line' id='line_1_37' title="bbox 343 4800 1602 4872; baseline 0.009 -20"><span class='ocrx_word' id='word_1_297' title='bbox 343 4800 367 4865; x_wconf 73' lang='lat' dir='ltr'>&#39;l</span> <span class='ocrx_word' id='word_1_298' title='bbox 396 4808 470 4855; x_wconf 84' lang='lat' dir='ltr'>Haec</span> <span class='ocrx_word' id='word_1_299' title='bbox 496 4810 609 4872; x_wconf 83' lang='lat' dir='ltr'>epistola</span> <span class='ocrx_word' id='word_1_300' title='bbox 634 4828 686 4859; x_wconf 93' lang='lat' dir='ltr'>non</span> <span class='ocrx_word' id='word_1_301' title='bbox 713 4813 762 4861; x_wconf 84' lang='lat' dir='ltr'>suit</span> <span class='ocrx_word' id='word_1_302' title='bbox 786 4813 848 4861; x_wconf 88' lang='lat' dir='ltr'>data</span> <span class='ocrx_word' id='word_1_303' title='bbox 867 4814 973 4863; x_wconf 84' lang='lat' dir='ltr'>Caesari</span> <span class='ocrx_word' id='word_1_304' title='bbox 999 4816 1044 4863; x_wconf 89' lang='lat' dir='ltr'>sed</span> <span class='ocrx_word' id='word_1_305' title='bbox 1071 4823 1170 4862; x_wconf 84' lang='lat' dir='ltr'>tantum</span> <span class='ocrx_word' id='word_1_306' title='bbox 1192 4815 1271 4863; x_wconf 81' lang='lat' dir='ltr'>missa</span> <span class='ocrx_word' id='word_1_307' title='bbox 1292 4816 1395 4863; x_wconf 79' lang='lat' dir='ltr'>Nuncio</span> <span class='ocrx_word' id='word_1_308' title='bbox 1416 4815 1554 4864; x_wconf 77' lang='lat' dir='ltr'>Aleandro</span> <span class='ocrx_word' id='word_1_309' title='bbox 1573 4824 1602 4863; x_wconf 89' lang='lat' dir='ltr'>ut</span> 
     </span>
     <span class='ocr_line' id='line_1_38' title="bbox 392 4890 1552 4956; baseline 0.008 -20"><span class='ocrx_word' id='word_1_310' title='bbox 392 4890 491 4937; x_wconf 83' lang='lat' dir='ltr'>eruitur</span> <span class='ocrx_word' id='word_1_311' title='bbox 510 4906 541 4938; x_wconf 82' lang='lat' dir='ltr'>cx</span> <span class='ocrx_word' id='word_1_312' title='bbox 559 4893 635 4956; x_wconf 85' lang='lat' dir='ltr'>epist.</span> <span class='ocrx_word' id='word_1_313' title='bbox 657 4894 835 4942; x_wconf 82' lang='lat' dir='ltr'>Vicecancell.</span> <span class='ocrx_word' id='word_1_314' title='bbox 855 4895 888 4943; x_wconf 85' lang='lat' dir='ltr'>ad</span> <span class='ocrx_word' id='word_1_315' title='bbox 909 4894 1073 4944; x_wconf 82' lang='lat' dir='ltr'>Alcandmm</span> <span class='ocrx_word' id='word_1_316' title='bbox 1093 4896 1137 4944; x_wconf 88' lang='lat' dir='ltr'>die</span> <span class='ocrx_word' id='word_1_317' title='bbox 1156 4904 1250 4943; x_wconf 83' lang='lat' dir='ltr'>octava</span> <span class='ocrx_word' id='word_1_318' title='bbox 1270 4896 1359 4944; x_wconf 83' lang='lat' dir='ltr'>Martii</span> <span class='ocrx_word' id='word_1_319' title='bbox 1379 4898 1491 4948; x_wconf 87' lang='lat' dir='ltr'>Docum.</span> <span class='ocrx_word' id='word_1_320' title='bbox 1511 4896 1552 4956; x_wconf 75' lang='lat'>38.</span> 
     </span>
    </p>
   </div>
   <div class='ocr_carea' id='block_1_5' title="bbox 0 0 1784 5734">
    <p class='ocr_par' dir='ltr' id='par_1_6' title="bbox 0 0 1784 5734">
     <span class='ocr_line' id='line_1_39' title="bbox 0 0 1784 5734; baseline 0 1"><span class='ocrx_word' id='word_1_321' title='bbox 0 0 1784 5734; x_wconf 95' lang='lat' dir='ltr'> </span> 
     </span>
    </p>
   </div>
  </div>
 </body>
</html>
