3559 5734
719 551 968 611 &aalma

205 703 333 766 onibus
358 712 653 786 componeretur3
685 722 777 765 nunc
808 701 915 765 video
949 702 1119 784 quosdam
1142 698 1245 764 huius
1270 699 1351 763 mali
1376 699 1485 764 duces

202 811 290 874 nihil
321 810 416 874 aliud
451 810 564 873 moliri
593 830 698 892 quam
730 829 848 872 rerum
882 810 1036 872 omnium
1067 807 1331 878 confusionem
1363 808 1483 891 itaque

203 919 399 983 necessitas
433 917 512 999 ipsa
544 926 651 998 coget
680 926 719 979 ut
753 917 935 998 principes
968 916 1153 979 seditionis
1176 915 1247 978 vim
1283 915 1483 981 cohibeant.

202 1027 272 1089 Hic
308 1028 405 1088 bona
438 1044 521 1105 spes
550 1036 603 1086 est
639 1023 830 1087 Clementis
866 1024 977 1086 nostri
1007 1022 1234 1105 prudentiam
1262 1025 1485 1104 provisuram

203 1154 259 1213 ne,
285 1134 381 1214 quod
404 1131 610 1212 frequenter
634 1130 773 1209 accidit,
798 1131 881 1193 dum
906 1131 965 1192 uni
992 1132 1083 1193 malo
1107 1130 1302 1193 remedium
1317 1130 1484 1193 admove-

204 1249 272 1320 tur,
296 1239 331 1301 in
356 1237 451 1301 aliud
477 1238 685 1302 incurratur.
723 1237 801 1300 Scis
816 1257 922 1319 quam
938 1237 1036 1300 multi
1052 1237 1122 1300 sint
1138 1247 1265 1300 natura
1289 1238 1371 1299 mali
1396 1259 1484 1319 quos

203 1347 372 1410 facillime
396 1365 479 1427 spes
504 1347 661 1427 praedae
686 1345 876 1427 pellexerit
901 1346 946 1408 ad
977 1347 1182 1408 struendam
1216 1345 1397 1407 innocenti
1431 1367 1484 1409 ca·

205 1453 389 1532 lumniam,
413 1473 534 1514 rursus
559 1473 647 1533 quos
671 1452 848 1534 privatum
874 1452 992 1515 odium
1017 1464 1053 1515 et
1076 1452 1268 1514 ulciscendi
1295 1452 1404 1515 libido
1430 1474 1485 1517 eo·

206 1563 287 1625 dem
312 1560 517 1642 perpulerit.
565 1559 632 1623 His
655 1580 726 1623 non
751 1570 805 1622 est
828 1560 1024 1641 aperienda
1038 1549 1197 1623 fenestra
1213 1558 1299 1622 utin
1322 1560 1488 1623 innoxios

207 1671 273 1733 sub
298 1670 423 1732 umbra
446 1666 617 1748 pontificii
642 1666 793 1729 nominis
817 1666 972 1729 insiliant
996 1666 1032 1730 in
1056 1667 1235 1748 quoslibet
1259 1687 1304 1729 ex
1329 1667 1488 1749 qualibet

208 1775 281 1840 levi
313 1775 531 1856 suspicione;
563 1795 643 1837 narn
678 1795 720 1835 ea
751 1794 808 1837 res
838 1784 1070 1856 exasperaret
1100 1774 1270 1837 invidiam
1300 1773 1487 1838 Pontificio

208 1881 343 1948 nomini
371 1881 594 1945 concitatam.
641 1881 798 1962 Expedit
821 1901 901 1943 esse
924 1901 1028 1962 quam
1064 1881 1358 1964 gratiosissimum
1393 1883 1489 1963 apud

211 2010 333 2052 omnes
358 1997 393 2052 et
416 2009 482 2052 nos
506 1987 696 2050 adnitimur
719 2008 785 2069 pro
812 1987 947 2051 nisibus
970 1998 1008 2052 ut
1040 1988 1085 2051 sit
1119 1988 1366 2069 plaudibilius;
1402 1990 1488 2052 satis

210 2107 264 2170 est
307 2116 428 2159 eorum
471 2095 531 2177 qui
582 2097 700 2176 palam
751 2095 855 2159 factis
900 2095 1003 2160 dictis
1049 2116 1090 2158 ac
1137 2095 1278 2178 scriptis
1323 2095 1488 2177 profiten·

208 2214 266 2267 tur
289 2224 369 2266 sese
394 2203 514 2266 hostes
538 2201 643 2265 Sedis
666 2202 856 2265 Romanae
885 2213 924 2265 ut
956 2222 1025 2265 non
1058 2202 1274 2284 impetantur
1302 2205 1360 2265 vel
1391 2203 1488 2266 inno·

209 2321 344 2388 centes,
368 2311 427 2373 vel
449 2311 541 2373 tales
564 2319 603 2373 ut
626 2309 732 2373 facile
756 2310 936 2373 sanabiles
959 2309 1158 2372 videantur.
1206 2309 1306 2373 Haec
1338 2310 1490 2375 fortasse

209 2419 343 2482 frustra
366 2438 494 2481 moneo
518 2417 572 2480 vir
597 2416 745 2494 eximie,
774 2426 811 2479 at
834 2416 919 2480 mihi
942 2417 1067 2496 crede,
1093 2437 1162 2479 non
1188 2417 1264 2480 sine
1288 2438 1395 2480 causa
1419 2439 1489 2482 mo·

210 2546 289 2589 neo.
348 2525 504 2588 Praecor
543 2525 591 2588 R.
628 2525 670 2590 D.
707 2525 746 2588 T.
783 2524 901 2587 omnia
934 2524 1054 2587 felicia
1088 2524 1302 2606 sospitatore
1338 2525 1489 2589 Christo

211 2633 377 2696 Basileae
400 2653 419 2710 3
445 2631 524 2694 idus
548 2629 714 2695 Octobris
738 2651 832 2693 anno
862 2651 955 2709 15²4·

828 2847 854 2854 -Ὗ-
887 2846 949 2856 »rw-0¹0!

817 3077 878 3141 173

647 3201 858 3306 Gampegius
887 3200 1059 3284 Sadoleto.

586 3350 756 3422 (Nuntiat.
785 3350 936 3410 derasa
960 3350 1034 3409 um
1059 3348 1113 3423 2³.)

707 3459 762 3525 (15.
782 3461 891 3512 Octobr.
915 3461 1001 3524 1524.)

1405 3557 1412 3586 l

411 3605 458 3667 Al
482 3612 650 3685 presente
674 3622 766 3683 poco
790 3604 882 3665 altro
913 3601 959 3664 mi
992 3621 1138 3664 occorre
1171 3601 1291 3682 degno
1324 3601 1360 3663 di
1391 3601 1491 3665 aviso

215 3714 315 3776 salvo
340 3712 405 3774 che
430 3711 567 3773 bench&
592 3708 756 3772 scrivessi
780 3711 845 3772 che
870 3711 902 3771 le
927 3729 1011 3771 cose
1044 3708 1080 3769 di
1115 3707 1321 3788 Valtzchut,
1354 3728 1425 3771 una
1457 3709 1492 3771 di

215 3821 334 3902 quelle
365 3828 461 3882 terre
491 3818 527 3880 in
559 3817 698 3880 Alsatia
732 3820 797 3880 che
831 3818 958 3880 furono
992 3814 1210 3879 inobedienti
1242 3816 1302 3878 alli
1335 3816 1492 3879 mandati

215 3927 274 3991 del
297 3925 479 4006 Principe,
503 3924 648 3987 fusseno
671 3934 842 3987 assettate
866 3923 997 4006 perche
1022 3926 1095 3986 cosi
1112 3923 1158 3984 da
1174 3921 1281 4004 quelli
1304 3921 1493 4002 regimenti

214 4035 259 4097 de
283 4036 317 4097 la
341 4053 380 4096 se
404 4031 582 4104 scriveva;
607 4031 726 4094 niente
750 4031 786 4093 di
809 4050 913 4093 meno
936 4030 1067 4111 perche
1090 4030 1123 4092 el
1147 4028 1313 4110 Principe
1338 4028 1367 4091 si
1391 4029 1491 4091 riser·

216 4161 310 4204 vava
333 4142 380 4204 da
402 4139 530 4222 punire
554 4159 576 4201 a
599 4159 662 4201 suo
678 4137 824 4201 arbitrio
841 4138 959 4200 alcuni
975 4136 1055 4217 capi
1078 4137 1155 4199 loro
1172 4147 1207 4199 et
1224 4138 1299 4198 loro
1315 4137 1492 4199 volevano

215 4247 391 4329 integram
424 4258 460 4309 et
492 4248 635 4327 plenam
664 4244 938 4327 indulgentiam
974 4243 1116 4306 sendosi
1146 4243 1283 4306 intanto
1312 4243 1347 4306 in
1378 4244 1494 4306 alcuni

218 4355 356 4420 castelli
381 4357 426 4417 de
450 4354 475 4416 li
502 4353 598 4417 conti
629 4353 674 4415 de
706 4352 867 4435 Bupsfen
895 4351 985 4414 fatto
1018 4361 1116 4413 certo
1147 4352 1296 4413 tumulto
1330 4350 1365 4411 in
1396 4360 1494 4413 certo

216 4484 279 4528 suo
304 4464 458 4544 luogho,
491 4460 520 4523 si
550 4481 639 4524 sono
670 4459 815 4522 adunati
840 4461 887 4523 da
913 4478 998 4522 2000
1023 4468 1058 4520 et
1081 4456 1261 4520 fortificati
1287 4466 1322 4519 et
1346 4459 1379 4519 el
1404 4458 1495 4519 duca

216 4573 263 4635 de
289 4570 540 4649 Virtembrega
563 4566 758 4630 iuoruscito
782 4565 855 4629 tien
879 4566 1041 4648 pratiche
1072 4585 1139 4628 con
1172 4564 1241 4627 essi
1274 4574 1309 4626 et
1339 4566 1495 4627 anchora

214 4680 262 4742 ha
285 4678 435 4759 qualche
458 4696 529 4738 uno
553 4677 612 4737 nel
637 4675 766 4737 ducato
790 4676 856 4736 che
881 4674 953 4736 tien
978 4674 1011 4735 le
1035 4672 1129 4753 parti
1154 4692 1231 4742 sue3
1258 4671 1370 4752 perhb
1396 4673 1494 4734 detta

216 4783 410 4849 concordia
434 4794 470 4846 et
494 4783 615 4846 effetto
641 4803 712 4845 non
737 4784 754 4844 ὲ
779 4781 920 4862 seguito
946 4789 981 4843 et
1004 4789 1130 4860 questo
1155 4778 1381 4842 serenissimo
1397 4779 1494 4841 Prin-

217 4893 297 4974 cipe
322 4893 341 4955 ἐ
365 4900 561 4954 constretto
585 4911 652 4953 con
677 4889 842 4971 maggior
864 4886 982 4950 sforzo
1006 4887 1188 4970 castigarli
1219 4888 1264 4948 de
1292 4888 1327 4949 la
1357 4888 1495 4951 rebelli·
