3559 5734
846 541 1092 602 &lilith-⁶

329 690 503 777 cipalibus
526 692 712 758 terminum
737 703 774 757 et
796 694 913 756 locum
936 693 982 755 asi
1015 691 1228 756 audiendum
1258 712 1324 775 per
1358 712 1424 758 nos
1457 693 1613 759 diffiniti-

328 823 409 866 vam
433 802 469 865 in
493 800 635 884 scriptis
658 800 744 864 ferri
769 810 806 863 et
829 799 1074 882 pronunctiari
1098 799 1319 881 sententiam,
1344 821 1415 884 quo
1440 804 1499 865 die
1523 804 1615 865 hora

330 921 365 973 et
392 911 472 973 loco
504 908 732 991 presentibus
764 906 1035 988 assignavimus.
1104 907 1150 970 Et
1185 928 1231 970 ne
1266 910 1453 973 clementie
1491 921 1615 973 nostre

330 1016 462 1099 aliquid
486 1016 522 1079 in
547 1025 618 1080 tam
643 1014 746 1097 gravi
762 1014 909 1096 negotio
935 1014 1061 1078 deesse
1075 1014 1269 1096 videretur,
1293 1016 1438 1079 eosdem
1453 1026 1616 1079 rectores

330 1133 366 1186 et
389 1123 543 1205 priorem
569 1131 718 1204 paterne
751 1133 835 1185 tunc
869 1142 1011 1204 quoque
1042 1121 1320 1190 commonuimus
1353 1132 1389 1185 et
1422 1144 1483 1187 seu
1521 1144 1615 1186 com·

329 1230 466 1294 moneri
489 1229 659 1309 fecimus,
696 1250 765 1312 quo
794 1232 840 1292 ab
866 1229 1026 1296 erroneis
1049 1250 1170 1293 corum
1194 1230 1422 1312 dogmatibus
1445 1241 1482 1295 et
1506 1232 1617 1294 sectis

330 1336 539 1401 scismaticis
562 1339 629 1399 hac
653 1345 866 1418 tempestate
890 1337 986 1404 haud
1013 1357 1191 1418 quaquam
1225 1335 1381 1400 inventis
1409 1347 1445 1401 et
1468 1338 1617 1420 excogi-

330 1445 433 1526 tatis,
463 1444 527 1507 sed
561 1443 697 1525 antiqui
725 1443 818 1507 illius
842 1444 1018 1525 serpentis
1043 1441 1222 1506 afflatibus
1246 1442 1480 1523 resuscitatis,
1505 1456 1617 1526 atque

330 1555 377 1616 ab
400 1550 593 1616 universali
616 1549 778 1613 Ecclesia
801 1550 871 1612 iam
895 1550 1026 1612 dudum
1052 1549 1227 1612 damnatis
1251 1560 1287 1611 et
1314 1551 1517 1631 reprobatis
1541 1553 1617 1634 qui·

330 1662 398 1722 bus
420 1657 488 1740 ipsi
511 1657 661 1721 involuti
681 1677 761 1722 esse
778 1659 1118 1739 cognoscesbantur,
1141 1655 1404 1739 resipiscerent,
1428 1664 1466 1721 et
1486 1660 1534 1724 ad
1553 1679 1619 1723 cor

332 1775 368 1829 et
391 1773 513 1829 sancte
540 1763 666 1826 Matris
691 1763 852 1827 Ecclesia
874 1763 1047 1827 unitatem
1076 1764 1192 1828 redire
1215 1765 1365 1845 vellent,
1401 1785 1463 1828 eos
1485 1765 1523 1834 in
1546 1765 1618 1829 vis·

332 1872 472 1935 ceribus
496 1870 678 1934 charitatis
700 1868 955 1951 benignissime
979 1868 1166 1950 recepturi.
1207 1869 1292 1933 Cum
1317 1879 1435 1934 autem
1453 1883 1619 1936 rectores

332 1988 368 2042 et
391 1978 489 2060 prior
513 1979 713 2040 exadverso
737 1975 955 2058 principales
978 1975 1130 2057 predicti
1162 1976 1274 2058 magis
1304 1976 1470 2041 indurato
1503 1982 1619 2043 oorde

331 2085 368 2149 in
400 2105 521 2149 eorum
554 2083 733 2147 erroribus
761 2092 797 2146 et
828 2082 968 2152 delictis
997 2081 1206 2165 persistent,
1242 2082 1318 2146 Nos
1349 2102 1423 2147 non
1452 2089 1619 2150 valentes

333 2213 454 2257 eorum
478 2191 756 2254 inobedientiam
781 2201 817 2254 et
840 2191 1097 2270 temeritatem,
1129 2211 1171 2252 ac
1196 2190 1254 2271 pie
1278 2190 1394 2271 plebis
1419 2191 1618 2258 animarum

332 2300 491 2381 pericula
515 2298 645 2361 diutius
676 2299 813 2377 celare,
849 2297 1037 2378 prehabita
1061 2295 1170 2378 igitur
1200 2296 1234 2357 in
1259 2294 1619 2381 singulispromissis,

333 2425 412 2468 cum
435 2403 659 2486 peritissimis
683 2404 769 2470 viris
799 2404 904 2467 nobis
935 2406 982 2466 ob
1006 2402 1042 2465 id
1074 2402 1244 2468 adhibitis
1272 2413 1409 2466 matura
1441 2406 1618 2470 delibera

333 2513 445 2593 tione,
478 2533 519 2574 ac
557 2513 710 2594 cognitis
747 2512 947 2575 huiusmodi
979 2532 1086 2574 cause
1115 2511 1268 2591 meritis,
1304 2510 1438 2575 suffulti
1470 2533 1618 2596 quoque

333 2628 406 2683 tum
431 2620 642 2702 Apostolioa
665 2620 769 2682 nobis
793 2619 827 2682 in
860 2621 927 2682 hac
957 2631 1060 2700 parte
1085 2638 1273 2693 concessa,
1304 2628 1341 2684 et
1369 2629 1490 2682 nostra
1522 2622 1618 2685 ordi-

334 2726 444 2805 naria,
469 2725 650 2808 Imperiali
673 2746 816 2808 quoque
851 2726 1137 2805 auctoritatibus,
1174 2737 1209 2789 et
1244 2725 1511 2809 Omnipotsntis
1546 2729 1619 2792 Dei

333 2833 444 2896 nostri
466 2832 549 2895 freti
564 2832 732 2914 presidio,
757 2843 915 2897 nostram
938 2832 974 2895 in
998 2832 1140 2914 scriptis
1164 2832 1306 2896 tulimus
1329 2842 1366 2896 et
1388 2835 1618 2915 pronunctia·

334 2939 447 3003 vimus
480 2923 700 3003 Sententiam
732 2939 958 3003 diffinitivam
990 2940 1025 3001 in
1055 2940 1148 3002 hunc
1170 2939 1242 3021 ‘qui
1275 2939 1433 3021 sequitur
1462 2943 1619 3008 modain.

335 3046 465 3110 Christi
489 3045 693 3114 Servatoris
717 3047 828 3112 nostri
852 3046 994 3110 nomine
1017 3047 1185 3114 invocato
1209 3067 1274 3128 pro
1298 3046 1468 3110 tribunali
1492 3050 1617 3112 seden-

334 3164 408 3236 tes,
433 3165 468 3217 et
493 3157 605 3217 solum
640 3155 753 3217 Deum
787 3176 851 3237 pre
879 3155 994 3218 oculis
1017 3156 1210 3234 habentes,
1238 3174 1303 3235 per
1330 3154 1423 3217 hanc
1459 3164 1618 3220 nostram

335 3259 559 3324 diffinitivam
575 3262 797 3340 sententiam,
823 3282 929 3344 quam
944 3263 989 3324 de
1006 3262 1200 3343 peritorum
1224 3260 1373 3324 consilio
1399 3271 1434 3324 et
1457 3282 1620 3344 assensu,

334 3366 370 3431 in
394 3367 461 3430 hiis
485 3367 626 3449 scriptis
649 3367 813 3448 ferimus,
842 3369 1150 3452 pronunctiamus,
1175 3367 1415 3448 decernimus,
1439 3376 1476 3430 et
1498 3369 1618 3434 decla

335 3494 464 3556 ramus,
488 3475 523 3536 in
549 3495 623 3538 cau¹
637 3496 658 3536 a
673 3485 709 3537 et
726 3475 852 3556 causis,
877 3497 946 3557 que
963 3496 1085 3539 coram
1100 3476 1205 3539 nobis
1221 3474 1418 3556 Wygando
1435 3471 1618 3558 Episcopo

337 3590 373 3644 et
394 3580 511 3644 iudice
534 3580 693 3662 prefato,
726 3602 792 3663 per
820 3582 913 3645 viam
943 3581 1198 3664 inquisitionis,
1223 3591 1354 3663 agente
1377 3581 1619 3647 Procuratore

335 3686 413 3751 fisci
443 3688 554 3751 nostri
589 3709 633 3751 ex
670 3709 755 3770 una,
780 3699 816 3751 et
839 3689 1036 3771 Georgium
1060 3690 1201 3767 Pesler,
1233 3688 1357 3752 Sancti
1382 3686 1549 3771 Sebaldi,
1575 3711 1618 3755 ao

337 3793 530 3858 Hectorem
555 3796 723 3876 Poemer,
749 3796 863 3859 sancti
886 3795 1086 3877 Laurentii,
1115 3797 1372 3879 parochialium
1396 3795 1617 3862 Eoclesiasti·

337 3920 458 3964 carum
486 3902 583 3983 opidi
608 3902 917 3984 Nurenbergensis
941 3912 1114 3983 rectores,
1149 3903 1357 3986 Prepositos
1381 3914 1618 3987 nuncupatos,

335 4007 637 4090 acVolfgangum
655 4008 863 4090 Volprecht,
888 4008 1093 4076 monasterii
1117 4009 1265 4072 fratrum
1290 4007 1424 4072 ordinis
1447 4008 1618 4076 Eremita

335 4134 413 4177 rum
437 4112 559 4177 Sancti
585 4116 787 4196 Augustini,
812 4116 969 4179 eiusdem
994 4115 1103 4197 opidi,
1129 4128 1249 4180 nostre
1275 4115 1437 4198 diocesis,
1461 4117 1616 4199 priorem

336 4231 524 4304 pretensos
548 4221 791 4303 adversarioS,
817 4224 1019 4286 exadverso
1043 4222 1261 4306 principales
1290 4222 1535 4304 supradictos,
1571 4228 1617 4289 de

337 4337 373 4391 et
396 4349 514 4410 super,
539 4330 733 4391 eorundem
758 4329 958 4392 exadverso
982 4328 1230 4411 principalium
1260 4337 1297 4391 et
1330 4347 1451 4391 eorum
1475 4330 1615 4393 cuiusli-

336 4438 409 4517 bet,
433 4445 600 4517 pretensa
624 4434 820 4498 variatione
845 4445 880 4498 et
904 4436 1106 4517 novatione,
1131 4456 1173 4499 ac
1197 4436 1231 4498 in
1248 4435 1367 4498 multis
1389 4435 1616 4517 obmissione,

336 4561 515 4605 sacrorum
526 4541 666 4622 rituum,
680 4563 722 4605 ac
733 4540 1044 4607 Sacramentorum
1056 4543 1387 4606 Ecclesiasticorum
1401 4541 1436 4605 in
1445 4539 1616 4608 Sanctam

336 4646 532 4711 Ecclesiam
547 4649 734 4730 prefatam,
753 4657 859 4730 atque
872 4659 1040 4731 nostram,
1056 4647 1231 4712 scismatis
1246 4667 1386 4730 quoque
1400 4648 1616 4732 criminibus,

335 4754 485 4836 aliisque
510 4755 740 4834 excessibus,
769 4764 806 4819 et
830 4756 990 4838 delictis,
1023 4775 1090 4838 per
1112 4755 1273 4838 prefatos
1296 4757 1497 4818 exadverso
1519 4757 1613 4838 prin»

335 4860 470 4946 cipales
482 4910 492 4945 ,
525 4871 561 4925 et
584 4862 778 4945 quemlibet
802 4883 944 4946 eorum,
978 4863 1180 4947 respective
1204 4861 1391 4927 temerarie
1421 4871 1460 4926 et
1482 4862 1614 4949 illic'oe,
