3559 5734
838 516 1085 578 edisse-0

410 662 524 725 Mons.
556 663 600 725 de
628 664 738 726 Polan
771 667 938 727 mandato
972 667 1031 729 dal
1054 664 1161 730 Sermo
1186 662 1352 745 Principe
1384 682 1406 724 a
1438 660 1473 721 la
1496 653 1603 720 Dieta

323 770 368 832 de
391 770 426 831 la
450 770 523 851 liga
548 772 592 832 de
611 768 743 832 Suevia
767 772 812 833 ad
826 769 932 834 Ulma
957 774 1009 834 ha·
1027 773 1161 856 scripto
1184 792 1281 836 esser
1305 767 1412 833 vicini
1436 765 1482 828 ad
1498 762 1604 825 Ulma

324 876 369 939 da
392 887 473 938 octo
498 877 593 939 milia
612 876 720 938 vilani
744 878 781 939 in
805 899 901 941 arme
928 880 1059 942 subditi
1083 881 1128 942 de
1146 879 1269 943 abbati
1294 888 1330 941 et
1346 866 1604 960 gentilhomini,

324 985 405 1065 qual
437 983 652 1046 dimandano
677 984 824 1057 liberth;
861 1006 907 1048 ne
930 988 976 1048 ho
1002 987 1138 1068 grande
1170 988 1314 1071 apiacer
1345 978 1478 1067 perche
1501 972 1605 1059 potrh

324 1110 421 1152 esser
445 1109 552 1151 causa
576 1091 620 1151 de
645 1089 700 1151 far
724 1099 824 1152 tanto
849 1091 908 1172 piu
934 1104 1056 1174 presto
1081 1095 1241 1157 resolver
1264 1095 1299 1156 la
1323 1092 1396 1173 liga
1412 1089 1458 1150 de
1474 1081 1606 1149 Suevia

324 1197 360 1260 in
386 1199 485 1259 voler
509 1198 681 1259 observar
712 1198 736 1259 li
761 1199 918 1261 mandati
943 1200 1102 1262 caesarei
1134 1209 1259 1264 contra
1282 1200 1307 1263 li
1331 1191 1519 1261 lutherani.
1566 1189 1606 1252 In

327 1303 529 1385 Hinspruch
555 1304 612 1366 die
638 1303 729 1365 XIV
755 1305 941 1368 Februarii
965 1306 1167 1371 MDXXV.

861 1521 1067 1530 nvflvvwm-wvm

355 1885 514 1966 Clemens
542 1884 620 1966 VII.
652 1881 796 1988 Georgia
825 1884 985 1986 episcopo
1013 1886 1209 1967 bubonensi
1237 1891 1272 1967 et
1289 1837 1583 1987 hamaburgensi

642 2024 804 2094 (dementis
822 2023 884 2082 m
903 2024 1006 2084 Brevia
1024 2025 1099 2084 Anno
1117 2025 1154 2085 11.
1173 2041 1215 2099 ep.
1234 2026 1299 2092 115.)

831 2131 885 2201 (12.
905 2136 997 2184 Martii
1019 2135 1108 2202 1525.)

420 2276 635 2359 Accepimus
659 2278 754 2358 quod
778 2277 861 2340 licet
884 2288 933 2359 tu,
958 2288 997 2340 ut
1014 2299 1121 2342 verus
1142 2288 1178 2342 et
1198 2280 1394 2342 catholicus
1410 2275 1613 2358 episcopus5

331 2382 537 2465 pestiferam
576 2394 708 2447 sectam
734 2385 955 2448 lutheranam
991 2406 1011 2448 e
1042 2387 1130 2448 locis
1163 2396 1245 2450 tuae
1276 2406 1382 2449 curae
1417 2380 1616 2447 commissis

332 2490 513 2553 eliminare
538 2490 730 2572 curaveris,
755 2500 791 2553 et
822 2491 960 2555 viribus
987 2492 1072 2554 totis
1104 2513 1291 2575 procures;
1323 2504 1441 2556 tamen
1472 2489 1616 2552 dubitas

330 2597 540 2660 immunitati
554 2598 791 2662 Ecclesiarum
807 2598 843 2661 in
862 2599 989 2682 quibus
1005 2600 1181 2664 lutherani
1207 2599 1418 2681 perditionis
1441 2597 1505 2660 filii
1527 2598 1615 2678 pub-

331 2705 397 2767 lice
421 2704 534 2787 ipsam
558 2687 692 2768 sectam
715 2706 848 2787 populo
861 2705 1081 2788 praedicant,
1105 2701 1367 2788 praeiudicare,
1390 2706 1420 2768 si
1444 2725 1507 2767 eos
1532 2703 1617 2766 inde

333 2810 508 2873 violenter
546 2811 650 2874 educi
688 2810 843 2885 faceres;
890 2832 956 2875 nos
983 2811 1107 2894 igitur,
1141 2833 1186 2876 ne
1214 2823 1372 2876 sanctum
1403 2823 1500 2874 tuum
1526 2828 1618 2893 opus

333 2918 534 2981 huiusmodi
557 2928 752 3000 propterea
775 2918 939 3001 impediri
962 2922 1084 2982 valeat
1107 2919 1298 3001 providere
1321 2920 1502 2999 volentes,
1539 2936 1618 2979 auc·

333 3024 476 3087 toritate
509 3025 708 3106 apostolica
743 3035 869 3088 tenore
909 3026 1149 3108 praesentium
1184 3026 1247 3088 tibi
1288 3025 1538 3089 committimus
1584 3031 1620 3085 et

334 3133 545 3195 mandamus
586 3141 759 3214 quatenus
799 3132 877 3195 sine
912 3135 1078 3214 scrupulo
1128 3132 1368 3196 conscientiae
1410 3134 1620 3194 lutheranos

335 3240 437 3320 ipsos
456 3249 528 3301 tam
552 3241 754 3302 saeculares
781 3260 883 3322 quam
908 3241 1093 3322 regulares
1117 3239 1222 3303 etiam
1245 3239 1281 3302 in
1306 3239 1490 3302 ordinibus
1507 3238 1621 3300 sacris

336 3345 547 3409 constitutos
583 3345 689 3409 etiam
726 3358 828 3409 extra
866 3348 944 3410 loca
979 3356 1062 3409 tuae
1094 3346 1325 3409 iurisdictioni
1359 3345 1539 3426 subiecta,
1576 3346 1621 3407 de

336 3473 510 3516 consensu
540 3462 658 3516 tamen
691 3464 727 3516 et
763 3453 906 3517 licentia
937 3453 1185 3536 episcoporum
1213 3473 1360 3534 quorum
1384 3450 1621 3515 iurisdictioni

336 3561 415 3623 loca
439 3560 517 3641 ipsa
540 3560 701 3623 subiecta
724 3560 867 3640 fuerint,
893 3560 998 3624 etiam
1021 3560 1058 3623 in
1082 3560 1251 3623 Ecclesiis
1267 3559 1559 3643 quibuscumque,
1587 3558 1622 3621 in

338 3666 465 3749 quibus
489 3687 554 3749 pro
579 3677 739 3750 tempore
770 3666 920 3748 fuerint,
949 3668 1028 3749 capi
1059 3677 1095 3731 et
1128 3667 1211 3729 inde
1248 3667 1390 3730 extrahi
1422 3675 1457 3729 et
1493 3677 1622 3729 contra

338 3774 418 3836 illos
442 3774 542 3837 iuxta
565 3774 760 3837 litterarum
785 3774 830 3842 fe.
854 3795 904 3838 re.
952 3773 1081 3837 Leonis
1115 3793 1232 3855 papae
1262 3773 1300 3835 X
1331 3773 1623 3854 praedecessoris

341 3880 452 3943 nostri
476 3881 630 3962 desuper
654 3881 828 3944 editarum
860 3880 1112 3943 continentiam
1142 3890 1177 3943 et
1201 3888 1361 3943 tenorem
1385 3879 1563 3962 procedas
1589 3890 1623 3942 et

339 3986 477 4070 punias,
502 3998 608 4069 prout
632 3989 825 4050 secundum
849 3988 965 4050 Deum
989 3987 1053 4050 tibi
1077 3988 1190 4050 visum
1214 3985 1321 4048 fuerit
1345 3986 1533 4067 expedire,
1559 3987 1622 4049 sci·

342 4104 441 4157 turus
474 4103 509 4156 te
540 4093 574 4156 in
608 4096 676 4156 hoc
712 4095 966 4158 immunitatem
1000 4094 1236 4157 Ecclesiarum
1268 4095 1460 4156 earundem
1492 4096 1623 4157 nedum

343 4223 414 4265 non
439 4201 605 4283 laedere,
634 4222 756 4264 verum
780 4204 886 4264 etiam
911 4202 1050 4265 illorum
1075 4209 1110 4263 et
1135 4200 1316 4263 Ecclesiae
1341 4199 1538 4264 catholicae
1564 4202 1622 4264 im·

343 4309 549 4372 munitatem
576 4307 777 4371 huiusmodi
810 4310 869 4390 pie
902 4329 943 4371 ac
972 4307 1139 4390 religiose
1173 4327 1398 4370 conservare.
1461 4306 1506 4369 Et
1541 4308 1623 4391 quia

341 4417 463 4479 forsan
487 4418 658 4479 hactenus
682 4417 803 4497 plures
828 4436 874 4479 ex
898 4413 1070 4497 praefatis
1094 4413 1289 4477 lutheranis
1315 4413 1421 4476 etiam
1448 4412 1483 4476 in
1520 4413 1624 4476 dictis

346 4523 530 4588 ordinibus
556 4525 765 4586 constitutos
791 4531 826 4585 et
848 4522 970 4586 forsan
994 4520 1183 4602 religiosos
1206 4528 1389 4601 apostatas
1413 4518 1449 4581 in
1473 4519 1624 4584 diversis

345 4629 505 4694 ecclesiis
529 4629 705 4692 violenter
729 4628 809 4711 capi
834 4638 870 4693 et
897 4630 981 4693 inde
1013 4627 1153 4691 extrahi
1185 4635 1220 4689 et
1251 4626 1464 4690 incarcerari
1496 4626 1623 4708 fecisti,

344 4748 380 4800 et
403 4748 594 4819 propterea
619 4735 836 4800 conscientia
860 4747 921 4798 tua
949 4755 987 4798 se
1018 4734 1273 4798 immunitatem
1298 4734 1535 4797 Ecclesiarum
1569 4754 1623 4798 ea·

343 4846 493 4910 rundem
517 4842 711 4905 offendisse
735 4843 917 4924 credebat,
942 4852 977 4905 te
1002 4843 1061 4925 qui
1086 4842 1280 4925 praemissa
1304 4843 1380 4904 zelo
1403 4840 1486 4903 fidei
1507 4840 1622 4904 fecisti
