3559 5734
797 532 1086 593 QXVHIGN

304 678 398 764 Quid
422 682 579 765 profuit?
614 683 670 745 De
698 681 853 764 pessimo
877 681 1128 745 haeresiarcha
1152 682 1494 764 Augustinianorum
1518 677 1573 744 fra

303 799 396 853 trum
417 788 640 872 Antuerpiae
664 790 801 873 priore,
824 789 992 852 Erasmus
1017 790 1094 871 ipse
1121 790 1435 871 pronunciaverat:
1463 789 1586 870 „Prior

303 897 656 980 Augustinianesium
669 896 890 978 Antverpiae
906 898 1003 959 solus
1015 917 1109 979 pene
1123 896 1298 960 Christum
1312 898 1491 980 predicat⁴‘
1502 898 1525 977 ¹)
1549 907 1585 960 et

302 1006 486 1069 Aleander
494 1025 614 1068 rursus
625 1004 683 1067 die
697 1028 727 1084 9.
736 1002 959 1085 Septembris
972 1003 1105 1067 aiebat:
1119 1003 1242 1085 „Quod
1252 1005 1353 1086 peius
1366 1007 1421 1068 his
1432 1005 1583 1087 regioni·

301 1116 368 1176 bus
381 1112 524 1177 invenio
533 1133 579 1176 ex
589 1112 650 1176 illo
662 1120 726 1191 est,
734 1131 849 1193 quem,
858 1109 959 1174 iuxta
966 1110 1060 1175 Rev.
1072 1123 1213 1175 vestrae
1230 1113 1583 1194 commendationem,

301 1220 395 1283 omni
423 1221 529 1284 modo
561 1221 604 1282 ad
632 1229 768 1282 rectam
799 1219 892 1281 viam
921 1220 1100 1283 adducere
1131 1218 1311 1304 debe0²)“.
1379 1218 1443 1283 Cui
1478 1219 1579 1282 Vice-

301 1327 551 1391 cancellarius:
581 1328 658 1409 „De
680 1326 794 1389 amico
819 1330 879 1408 qui
903 1336 1093 1408 tantopere
1117 1329 1255 1389 occulte
1281 1337 1397 1406 nocet,
1422 1346 1512 1409 opus
1529 1336 1583 1390 est

299 1455 391 1499 nunc
416 1455 481 1499 nec
505 1436 629 1498 videre
654 1454 721 1497 nec
746 1434 880 1514 audire,
906 1455 971 1497 nec
1004 1434 1242 1516 suspicionem
1275 1436 1484 1513 ostendere,
1519 1435 1581 1496 sed

300 1552 339 1605 ut
370 1543 503 1605 bonum
533 1542 631 1623 quod
662 1540 772 1623 dixit,
804 1542 973 1622 quodque
997 1540 1124 1604 iterate
1152 1540 1323 1624 promisit,
1355 1540 1583 1625 accipere“³).

298 1650 350 1712 At
378 1669 484 1731 quum
509 1648 634 1711 diebus
664 1647 733 1710 illis
761 1648 796 1711 in
828 1650 943 1711 lucem
978 1649 1069 1712 liber
1097 1649 1298 1712 haereticus
1330 1650 1478 1729 exisset,
1510 1668 1581 1730 quo

297 1757 441 1839 ignotus
454 1765 578 1819 auctor
590 1757 744 1838 probare
754 1756 895 1818 Petrum
911 1777 1090 1839 nunquam
1101 1755 1213 1834 fecisse
1224 1756 1362 1837 Romae,
1374 1759 1580 1835 conabatur,

297 1883 367 1926 una
380 1883 451 1926 vox
463 1862 539 1927 fere
551 1862 618 1925 fuit
631 1852 811 1926 auctorem
820 1862 1005 1926 Erasmum
1014 1863 1185 1927 indicans.
1211 1863 1353 1925 Accidit
1370 1862 1475 1926 etiam
1484 1865 1580 1946 quod

297 1971 473 2051 Alander,
500 1971 582 2033 dum
606 1969 641 2032 in
666 1968 831 2032 convivio
855 1989 934 2032 cum
958 1969 1105 2032 Erasmo
1139 1971 1297 2049 sederet,
1330 1971 1374 2032 de
1402 1970 1464 2033 illo
1488 1971 1580 2034 libro

296 2079 447 2159 locutus,
471 2097 578 2160 quum
603 2076 856 2140 calumniosum
881 2087 916 2138 et
941 2078 1147 2140 mendacem
1167 2077 1314 2157 diceret,
1339 2077 1581 2161 refertumque

296 2185 489 2267 erroribus,
502 2184 769 2247 Roterodarnus
786 2183 919 2264 impetu
936 2195 1047 2263 actus,
1065 2185 1240 2248 concitata
1257 2205 1346 2248 voce
1362 2185 1581 2266 inclamaret,

295 2312 333 2355 se
357 2294 492 2355 nullum
516 2291 551 2353 in
576 2291 655 2374 ipso
680 2290 901 2353 mendacium
926 2289 1123 2365 invenisse;
1158 2292 1381 2375 libenterque
1415 2293 1578 2375 accipere

294 2398 324 2462 si
348 2400 531 2462 Aleander
562 2398 620 2461 vel
650 2417 758 2459 unum
793 2396 953 2460 indicare
991 2409 1124 2480 posset.
1187 2400 1251 2463 Cui
1283 2421 1361 2465 cum
1395 2403 1579 2465 Aleander

295 2525 366 2569 non
396 2525 503 2568 unum
542 2505 606 2568 sed
641 2506 745 2586 plura
783 2504 1019 2585 ostendisset,
1056 2505 1221 2569 Erasmus
1256 2510 1303 2570 ob
1334 2509 1578 2572 'confusionem

294 2613 479 2676 obmutuit.
528 2612 628 2694 Quae
651 2633 799 2676 narrans
820 2611 1006 2674 Aleander
1020 2612 1218 2677 subiunxit:
1246 2625 1485 2698 ,compertum
1510 2615 1578 2679 sibi

293 2720 477 2784 Erasmum
501 2722 611 2783 multa
643 2720 768 2802 peiora
798 2718 994 2782 lutheranis
1018 2719 1222 2802 scripsisse,
1252 2723 1315 2784 sed
1347 2721 1430 2784 fuco
1465 2722 1576 2800 linita,

292 2827 521 2908 dissimulata,
539 2826 790 2908 aptissimeque
812 2827 878 2888 sub
903 2826 1047 2908 pietatis
1071 2827 1191 2909 specie
1216 2828 1353 2901 velata;
1379 2831 1503 2892 laudes
1527 2831 1573 2893 lu-

292 2936 520 2998 theranorum
566 2953 637 2996 non
685 2954 756 2995 una
792 2933 870 2996 vice
903 2935 1130 3005 decantasse;
1169 2934 1349 3017 principes
1382 2946 1418 2998 et
1441 2937 1577 2999 aulicos

291 3042 491 3105 haereticos
514 3040 629 3123 ipsum
653 3061 719 3123 pro
744 3041 834 3104 duce
859 3051 983 3122 aperte
1008 3040 1253 3115 confirmasse;
1278 3042 1410 3105 amicos
1435 3054 1471 3106 et
1494 3064 1574 3125 pro·

291 3147 407 3211 ximos
437 3148 535 3211 illum
570 3167 651 3229 pro,
669 3147 851 3209 haeretico
885 3148 1133 3229 reputasse“⁴).
1186 3147 1287 3229 Quae
1319 3149 1485 3213 Erasmus
1514 3160 1576 3214 aut

293 3254 409 3316 sciens
433 3264 495 3317 aut
517 3253 726 3336 suspicatus,
753 3273 832 3316 cum
845 3252 1040 3336 Campegio
1055 3253 1232 3318 Cardinali
1257 3258 1301 3320 de
1317 3257 1572 3321 calumniatori

290 3363 358 3425 bus
381 3360 453 3424 suis
477 3371 703 3443 conquestus,
728 3360 939 3423 catholicam
972 3382 1223 3443 romanamque
1255 3364 1436 3445 propriam
1467 3364 1574 3428 fidem

289 3468 535 3553 profitebatur,
560 3488 631 3531 non
656 3466 742 3530 satis
765 3469 926 3530 modeste
950 3469 1084 3551 scripta
1108 3489 1172 3532 sua
1188 3469 1324 3533 iactans
1348 3491 1412 3533 ceu
1438 3472 1573 3535 univer·

289 3579 399 3639 salem
422 3574 582 3658 religiosi
607 3574 722 3638 morbi
747 3573 967 3637 medicinam.
1019 3574 1152 3656 ,Multa
1176 3577 1301 3659 scripsi
1325 3580 1361 3639 in
1377 3577 1572 3643 Lutherum

376 3684 504 3746 multos
528 3682 652 3744 sanavi
676 3681 745 3744 iam
769 3681 932 3744 addictos
963 3682 1021 3744 isti
1056 3682 1211 3765 foederi,
1245 3687 1373 3748 multos
1404 3687 1572 3750 revocavi

290 3811 334 3853 ne
359 3791 582 3869 accederent,
607 3789 735 3851 multos
760 3789 964 3852 moderatus
988 3809 1064 3851 sum
1089 3810 1134 3853 ne
1158 3790 1301 3853 nimium
1325 3794 1572 3856 accederent“.

281 3896 363 3978 ,Sed
399 3896 514 3960 meriti
540 3895 712 3974 conscius,
741 3896 824 3959 dum
848 3897 973 3960 laudes
1000 3896 1166 3979 proprias
1197 3899 1429 3980 decantabat,
1466 3899 1571 3963 mina-

289 4007 394 4067 batur
424 4014 565 4086 aperte:
603 4000 736 4083 „Huius
766 4002 950 4066 Pontificis
981 4007 1028 4065 ab
1061 4003 1223 4067 omnibus
1254 4007 1462 4086 praedicata
1492 4027 1568 4089 pru·

290 4110 412 4174 dentia
424 4110 508 4173 mihi
520 4114 650 4173 bonam
667 4128 765 4189 spem
778 4108 874 4189 facit,
886 4130 952 4172 vos
964 4110 1050 4173 nihil
1063 4109 1218 4174 odiosius
1231 4112 1266 4173 in
1281 4131 1337 4174 me
1355 4113 1571 4178 decreturos.

290 4217 394 4299 Quod
411 4218 440 4280 si
453 4217 554 4280 fieret
567 4217 692 4279 eadem
707 4236 818 4298 opera
835 4228 870 4279 et
885 4216 1111 4280 Lutheranae
1121 4216 1268 4281 factioni
1281 4239 1354 4281 rem
1371 4221 1478 4300 longe
1492 4240 1571 4301 gra·

289 4324 458 4387 tissimam
478 4323 628 4404 facietis,
649 4344 688 4386 ac
707 4323 867 4406 pluribus
888 4324 1118 4387 summatibus
1136 4324 1221 4388 viris
1241 4327 1349 4406 longe
1368 4328 1568 4390 molestissi-

290 4451 392 4513 mam,
406 4451 495 4513 quos
503 4429 586 4493 mihi
598 4430 684 4493 meis
693 4431 818 4492 studiis
831 4418 1110 4494 devinxi'favore
1120 4452 1191 4495 non
1203 4431 1394 4498 exambito.
1413 4433 1569 4514 Quorum

291 4548 345 4602 est
359 4549 480 4602 noster
491 4536 639 4600 Carolus
653 4536 735 4600 etin
749 4537 851 4600 huius
864 4538 946 4599 aula
960 4537 1069 4617 multi,
1083 4538 1167 4600 Rex
1191 4538 1356 4619 Angliae,
1368 4540 1569 4622 Archiepis-

290 4644 688 4729 copusCantuariensiS,
701 4653 818 4707 utnon
836 4654 1167 4707 commemoremtot
1176 4644 1366 4728 principes,
1374 4655 1428 4710 tot
1436 4648 1569 4729 episco-

364 4802 386 4871 ¹)
405 4807 472 4854 Doc.
495 4816 553 4857 120.
572 4820 597 4869 p.
617 4805 677 4855 282.
978 4802 996 4865 Ι)
1016 4806 1084 4858 Doc.
1106 4818 1164 4858 122.
1183 4820 1209 4870 p.
1230 4807 1289 4869 289.

363 4886 385 4953 ⁸)
405 4886 471 4937 Doc.
494 4895 551 4946 125·
571 4885 617 4938 lol.
637 4897 697 4945 292.
978 4882 1001 4949 ⁴)
1021 4887 1088 4934 Doc.
1111 4886 1168 4937 126.
1188 4886 1235 4940 sol.
1254 4897 1402 4952 294-295.
