3559 5734
724 519 971 575 *uturum

209 663 387 747 Episcopo
410 665 462 729 fui
485 664 680 729 certificato
709 666 908 749 chequelli
931 664 1070 729 tumulti
1093 664 1130 729 in
1154 662 1262 728 Stiria
1286 685 1394 729 erano
1418 684 1488 747 pur

208 773 385 855 acquetati
409 784 445 836 et
469 775 535 837 che
559 773 583 835 li
608 772 728 836 villani
753 776 940 838 havevano
965 775 1049 837 dato
1074 772 1240 855 pregioni
1270 772 1358 837 XX.
1392 774 1438 835 de
1461 772 1487 835 li

209 879 286 943 suoi
310 880 391 962 capi
416 890 451 943 et
474 880 535 943 dui
558 880 746 963 principali
770 880 874 944 furon
899 879 1070 963 impalati,
1094 879 1118 942 li
1142 879 1222 942 altri
1246 880 1404 943 anchora
1420 888 1487 942 sta·

210 1006 302 1050 vano
336 985 373 1048 in
404 987 593 1070 pregione,
638 998 674 1049 et
709 985 901 1050 examinati
934 988 1170 1069 deponevano
1207 988 1284 1049 loro
1320 986 1488 1068 dissegno

210 1113 328 1156 essere
353 1093 388 1156 di
413 1094 595 1157 destruere
619 1092 655 1155 in
678 1101 769 1156 tutto
800 1093 939 1156 lordine
969 1091 1224 1174 ecclesiastic0,
1258 1100 1294 1156 et
1316 1093 1379 1175 poi
1402 1094 1489 1156 dare

214 1201 310 1283 leggi
335 1209 371 1264 et
393 1202 577 1283 imponere
600 1199 699 1263 censi
724 1200 784 1262 alli
809 1200 929 1263 Nobili
959 1208 995 1263 et
1022 1200 1207 1282 superiori,
1240 1198 1300 1281 qui
1323 1199 1353 1263 si
1378 1200 1487 1262 reluc-

210 1316 346 1370 tassent
389 1309 502 1371 alloro
545 1305 786 1370 destructione
815 1308 971 1372 anchora
1006 1327 1214 1389 pensavano
1255 1306 1418 1388 armarsi,
1454 1317 1490 1370 et

211 1422 301 1476 tutto
325 1414 446 1478 ridure
469 1416 503 1477 al
527 1413 651 1477 vivere
675 1414 720 1477 de
744 1411 890 1477 Svizeri.

298 1519 338 1583 In
362 1521 421 1583 via
452 1531 487 1583 et
518 1519 579 1602 qui
610 1520 628 1583 ὲ
660 1530 752 1583 stato
785 1523 884 1584 detto
919 1522 986 1584 che
1015 1522 1041 1584 li
1071 1520 1193 1584 villani
1222 1521 1258 1584 di
1287 1518 1489 1605 Saltzpurg,

210 1628 277 1690 che
301 1628 535 1690 assediavano
558 1626 583 1689 il
608 1625 796 1690 Cardinale
820 1648 865 1691 ne
888 1628 924 1690 la
947 1629 1079 1692 roccha
1101 1626 1124 1691 1'
1140 1630 1303 1692 haveano
1328 1639 1489 1693 ottenuta

212 1744 248 1796 et
270 1755 377 1817 preso
403 1742 439 1797 et
462 1736 693 1810 ammauatolo
719 1742 754 1796 et
777 1735 917 1797 ruinato
940 1735 977 1798 la
1000 1734 1171 1809 fortezza;
1199 1756 1258 1799 ma
1284 1756 1350 1818 per
1382 1739 1488 1800 homo

211 1843 276 1905 che
301 1842 358 1905 alli
385 1841 437 1904 ΠΙ
461 1840 591 1924 partite
615 1840 651 1902 di
675 1841 708 1903 la
732 1860 771 1903 se
794 1840 941 1905 intende
966 1861 1038 1904 non
1062 1862 1160 1906 esser
1184 1863 1281 1908 vero,

299 1949 369 2012 Dal
393 1948 492 2012 detto
516 1947 696 2029 Episcopo
720 1947 939 2029 Labacense,
965 1949 1112 2030 quale'e
1136 1970 1291 2032 persona
1315 1950 1432 2014 dassai
1456 1959 1491 2014 et

212 2056 320 2119 molto
345 2066 480 2136 amata,
514 2054 619 2117 intesi
642 2056 757 2118 ancho
787 2056 853 2118 che
883 2057 1022 2120 bench&
1058 2057 1165 2139 quelli
1194 2057 1326 2121 Villani
1353 2058 1491 2122 iussero

210 2162 363 2226 achetati
387 2171 423 2225 et
445 2164 511 2225 che
546 2163 580 2225 al
603 2170 770 2243 presente
795 2161 831 2224 di
854 2164 931 2226 loro
955 2184 1026 2227 non
1050 2163 1147 2227 fusse
1180 2166 1227 2228 da
1250 2174 1396 2246 temere,
1419 2168 1487 2229 che

212 2291 279 2353 pur
303 2261 394 2332 tutto
418 2270 585 2350 pendeva
609 2269 655 2331 da
677 2269 713 2331 la
736 2267 964 2331 conclusione
988 2270 1054 2333 che
1089 2270 1119 2333 si
1149 2270 1300 2334 farebbe
1330 2273 1387 2335 nel
1411 2292 1491 2334 con·

213 2386 287 2439 tato
311 2377 356 2438 de
380 2375 501 2439 Tirolo
536 2384 572 2438 et
606 2384 787 2438 mostrava
810 2376 974 2439 dubitare
1003 2377 1097 2440 assai
1127 2380 1193 2442 che
1225 2378 1333 2459 quelli
1357 2378 1489 2441 Villani

215 2503 284 2547 non
310 2482 522 2546 sforzassino
546 2483 572 2545 il
594 2482 760 2564 Principe
791 2484 837 2545 ad
865 2484 976 2546 multa
1006 2482 1155 2566 indigna
1186 2493 1222 2547 et
1248 2486 1341 2548 mala
1369 2496 1492 2549 contra

214 2590 320 2653 fidem
343 2600 379 2653 et
403 2590 562 2653 ordinem
586 2589 884 2671 ecclesiasticum,
916 2591 1082 2653 havendo
1113 2590 1174 2674 gia
1198 2592 1403 2657 dimandato
1428 2593 1494 2656 che

215 2700 272 2761 nel
297 2708 445 2761 trattare
471 2696 507 2759 di
530 2705 655 2778 queste
678 2716 761 2759 cose
785 2716 851 2760 con
883 2717 947 2759 sua
971 2694 1135 2760 Serenita
1163 2697 1305 2779 penitus
1329 2697 1494 2763 exclude·

215 2816 338 2868 rentur
360 2803 620 2884 Ecclesiastici,
652 2803 677 2866 li
710 2803 806 2885 quali
834 2806 980 2867 soleano
1010 2824 1128 2867 essere
1157 2804 1192 2867 in
1220 2805 1336 2887 primo
1361 2806 1494 2873 ordine.

215 2913 258 2976 El
282 2912 448 2994 Principe
471 2930 537 2992 per
560 2910 692 2993 meglio
708 2911 905 2993 prevalersi
921 2921 1045 2974 contra
1069 2908 1104 2973 di
1128 2912 1205 2974 loro
1228 2912 1344 2975 havea
1366 2932 1492 2995 procu·

217 3030 294 3084 rato
312 3022 378 3082 che
400 3028 489 3082 tutte
510 3020 544 3081 le
558 3020 648 3081 altre
663 3038 725 3081 soe
739 3017 853 3100 patrie
866 3017 1103 3081 mandassimo
1120 3018 1252 3081 oratori
1267 3018 1301 3082 in
1320 3020 1496 3103 Inspruck

218 3149 239 3190 a
262 3129 424 3207 suadere,
450 3126 515 3189 che
539 3144 610 3188 non
635 3133 805 3208 urgerent
828 3144 907 3188 eum
933 3145 954 3187 a
978 3144 1061 3188 cose
1084 3144 1155 3188 non
1179 3125 1409 3189 convenienti
1433 3136 1494 3189 aut

218 3234 434 3317 illegittime;
466 3253 537 3296 non
571 3253 611 3295 so
640 3233 759 3314 quello
784 3232 863 3295 sarh
892 3232 1042 3314 seguito.
1102 3231 1229 3312 Quello
1261 3234 1415 3296 contado
1448 3235 1493 3297 de

219 3342 340 3405 Tirolo
371 3341 389 3403 ἐ
415 3342 523 3403 molto
555 3340 648 3402 forte
676 3347 712 3402 et
734 3340 852 3402 hanno
885 3359 955 3401 uno
987 3339 1111 3403 ordine
1141 3349 1197 3402 tra
1226 3341 1322 3421 lor0,
1354 3341 1420 3403 che
1451 3340 1497 3403 ad

221 3448 306 3531 ogni
333 3446 488 3530 impresa
516 3445 682 3510 mandino
709 3445 823 3528 prima
846 3456 988 3528 quattro
1015 3445 1098 3509 mila
1121 3447 1293 3528 huomini,
1317 3447 1378 3529 poi
1402 3445 1498 3510 Sedi-

221 3555 346 3636 cimila,
371 3566 408 3618 et
430 3552 656 3635 bisognando
680 3572 802 3634 ponno
826 3561 976 3617 mettere
999 3554 1035 3616 in
1060 3553 1148 3615 armi
1172 3564 1208 3616 et
1232 3554 1402 3617 mandare
1425 3553 1498 3617 fino

220 3685 242 3727 a
264 3661 625 3743 Trentaquattromila
648 3680 819 3742 persone,
851 3669 887 3724 et
920 3660 1023 3744 &gia
1046 3670 1184 3742 tempe,
1214 3662 1280 3724 che
1304 3670 1438 3724 nutano
1462 3671 1498 3724 et

222 3769 397 3833 vacillano
433 3788 498 3851 per
528 3769 562 3829 la
604 3766 832 3850 propinquita
861 3768 927 3830 che
959 3767 1079 3830 hanno
1115 3787 1182 3830 con
1213 3767 1353 3832 Elvetii.
1400 3770 1498 3832 Deus

221 3880 313 3940 bene
336 3883 454 3940 vertat
492 3922 1497 3942 ...................

309 4089 471 4154 Venetiis
495 4088 543 4155 X.
567 4088 649 4168 Julii
673 4088 874 4154 MDXXV.
