3559 5734
820 527 1067 583 eoam&

302 675 459 737 absurdo
491 675 557 736 che
581 674 748 736 havendo
772 692 850 736 cum
875 682 975 736 tanto
1000 681 1137 736 matura
1160 667 1419 737 deliberatione
1449 676 1495 738 de
1518 675 1583 737 tuti

302 780 461 863 Principi
498 790 532 843 et
556 779 680 864 populi
705 778 783 843 suoi
814 778 965 863 subditi,
1001 800 1101 843 come
1124 782 1230 844 volea
1253 783 1289 843 la
1310 780 1458 864 region,
1492 781 1583 845 fatto

302 888 336 951 el
359 889 527 951 mandato
552 897 677 951 contra
700 895 827 969 questa
850 887 1025 963 haeresia,
1050 907 1120 950 non
1145 889 1341 951 solamente
1365 907 1438 951 non
1462 889 1498 951 lo
1513 887 1583 951 faci

303 994 470 1077 exequir‚
495 1015 553 1058 ma
575 994 680 1058 toleri
704 993 789 1076 ogni
814 991 849 1056 di
873 994 1135 1075 quodammodo
1158 993 1194 1057 in
1219 995 1384 1077 despetto
1408 1014 1473 1058 suo
1496 995 1584 1058 farsi

302 1101 479 1186 maggiori
503 1100 704 1165 desordeni.

391 1208 437 1272 Et
469 1228 577 1272 ancor
609 1208 675 1271 che
699 1206 830 1270 Nostro
855 1204 1009 1289 Signore
1037 1205 1135 1269 habii
1167 1206 1257 1271 fatto
1289 1217 1423 1289 quanto
1458 1228 1583 1291 appar·

301 1315 397 1379 tiene
430 1337 452 1379 a
482 1335 521 1379 se
549 1314 586 1378 in
616 1322 743 1395 questa
768 1332 869 1393 cosa,
906 1322 942 1376 et
965 1314 1031 1376 che
1055 1314 1131 1376 solo
1164 1313 1266 1394 resti,
1302 1335 1324 1377 a
1347 1312 1421 1379 Sua
1444 1315 1585 1378 Maesta

302 1422 358 1485 far
382 1424 418 1485 la
441 1421 653 1486 executione
676 1440 777 1483 come
800 1429 875 1482 tute
899 1420 981 1501 lege
997 1422 1139 1501 voleno,
1163 1440 1234 1483 non
1252 1420 1392 1484 dimeno
1407 1418 1481 1484 Sua
1496 1421 1584 1486 San·

302 1529 366 1592 tita
398 1527 478 1592 sera
502 1547 643 1611 sempre
667 1536 787 1610 presta
819 1546 899 1590 cum
922 1545 986 1589 suo
1011 1528 1082 1589 bon
1106 1526 1263 1590 conselio
1298 1536 1334 1591 et
1356 1528 1437 1591 altri
1462 1529 1585 1611 moggi

302 1639 367 1700 che
392 1636 438 1699 da
462 1643 588 1718 questa
612 1632 708 1698 Sede
732 1654 771 1698 se
795 1634 856 1716 pol
880 1643 917 1697 et
940 1633 1033 1696 deve
1056 1642 1239 1716 expettar,
1270 1634 1433 1717 assister,
1468 1647 1505 1699 et
1527 1635 1585 1699 far

300 1743 322 1807 l'
336 1742 455 1807 officio
481 1742 622 1805 debon
646 1741 790 1804 Vicario
815 1741 860 1803 de
884 1741 969 1821 Jesu
994 1739 1145 1804 Christo.

390 1851 462 1913 Per
484 1849 509 1912 li
533 1847 698 1925 remedii,
732 1847 752 1910 e
780 1846 983 1910 necessario
1009 1848 1075 1911 che
1098 1844 1173 1910 Sua
1194 1847 1335 1912 Maesta
1357 1858 1491 1930 quanto
1520 1849 1585 1932 piir

302 1966 425 2039 presto
456 1954 576 2018 mandi
610 1974 676 2036 per
704 1963 830 2036 questa
860 1973 969 2017 causa
996 1963 1288 2037 expressamente
1322 1954 1358 2018 in
1390 1953 1586 2021 Germania

302 2085 349 2127 un
373 2064 480 2127 homo
503 2064 574 2125 ben
598 2061 775 2134 instrutto‚
801 2070 837 2125 et
860 2063 927 2126 che
951 2061 992 2124 sii
1017 2062 1063 2125 de
1078 2061 1210 2144 qualite
1234 2072 1270 2125 et
1286 2062 1490 2127 conditione
1515 2065 1586 2128 che

302 2169 412 2253 quelli
435 2168 593 2252 Principi
619 2180 654 2232 et
677 2168 802 2250 populi
826 2167 1069 2250 cognoschino
1093 2167 1401 2233 manifestamente
1426 2171 1491 2233 che
1508 2167 1586 2234 Sua

301 2277 442 2340 Maesta
465 2297 504 2339 se
527 2285 670 2340 resente
694 2285 731 2339 et
755 2275 837 2338 dole
861 2294 961 2338 esser
982 2274 1074 2338 satta
1097 2296 1163 2357 per
1186 2276 1262 2339 loro
1287 2288 1414 2358 questa
1437 2296 1586 2342 enorme

300 2381 430 2446 iniuria
466 2403 488 2446 a
521 2382 608 2463 Dio,
639 2404 660 2445 a
684 2383 719 2444 la
742 2381 894 2462 religion
919 2380 1104 2445 Catholica
1127 2391 1163 2444 et
1197 2404 1219 2445 a
1242 2379 1316 2445 Sua
1339 2382 1479 2446 Maesta
1502 2404 1584 2447 cum

301 2509 416 2573 pocco
439 2490 555 2553 honor
579 2489 624 2551 de
648 2488 757 2569 quelli
780 2487 915 2570 populi,
941 2498 976 2551 et
1000 2489 1226 2551 damnatione
1249 2490 1295 2552 de
1311 2490 1345 2552 le
1362 2489 1478 2553 anime
1492 2491 1586 2554 loro,

300 2596 343 2660 Li
367 2596 462 2678 quali
492 2596 529 2659 in
560 2615 643 2657 cose
666 2596 712 2658 de
736 2595 771 2657 la
798 2593 882 2657 fede
906 2603 1006 2657 tanto
1038 2603 1295 2658 maturamente
1332 2606 1376 2660 et
1400 2596 1584 2679 religiosa·

300 2711 419 2767 mente
443 2702 676 2767 determinate
700 2700 814 2784 primo
838 2720 904 2781 per
927 2701 962 2764 la
985 2698 1081 2764 Sede
1105 2701 1332 2783 Apostolica,
1365 2711 1401 2767 et
1427 2705 1488 2786 poi
1515 2724 1587 2786 per

305 2809 380 2874 Sua
402 2809 540 2874 Maesta
566 2819 602 2871 et
630 2809 675 2871 de
706 2806 862 2872 conselio
892 2809 968 2871 loro
999 2807 1036 2870 in
1068 2811 1140 2871 cosl
1171 2812 1348 2890 populosa
1375 2809 1504 2875 Diaeta
1534 2811 1585 2876 de

302 2915 469 2980 Wormes
493 2936 563 2979 non
588 2916 784 2979 solamente
814 2934 885 2977 non
917 2914 1063 2978 habiino
1093 2915 1239 2979 obedito
1272 2917 1318 2978 ad
1353 2918 1403 2980 tal
1434 2918 1585 2983 decreto

301 3044 359 3087 ma
381 3044 489 3086 ancor
512 3022 657 3087 habiino
681 3023 790 3085 hauto
806 3021 903 3084 ardir
926 3021 961 3084 in
986 3029 1111 3103 queste
1136 3024 1212 3085 loro
1229 3022 1355 3087 Diaeta
1371 3024 1418 3088 de
1435 3025 1583 3089 Noram·

301 3132 429 3212 berga,
460 3150 566 3193 senza
590 3129 825 3194 deliberation
849 3131 895 3191 de
920 3126 993 3192 Sua
1016 3128 1154 3191 Maesta
1178 3128 1307 3192 limitar
1331 3131 1429 3194 detto
1454 3130 1585 3196 Edicto

302 3235 582 3317 Wormatiense‚
611 3246 648 3300 et
677 3238 778 3299 voler
813 3235 869 3298 far
892 3256 987 3299 nova
1010 3236 1268 3318 congregation
1294 3257 1401 3320 sopra
1423 3237 1487 3300 tali
1510 3259 1584 3302 ma·

300 3342 408 3425 terie3
439 3343 463 3406 il
496 3344 562 3406 che
590 3343 609 3405 ἐ
640 3343 685 3405 de
709 3342 845 3405 directo
870 3352 996 3405 contra
1020 3361 1099 3406 esso
1124 3343 1256 3424 edicto,
1281 3354 1317 3407 et
1340 3345 1374 3407 le
1398 3343 1470 3425 legi
1494 3345 1585 3408 anti·

301 3470 370 3532 que
404 3469 522 3530 sacre,
558 3457 594 3512 et
622 3448 809 3514 Caesarea.
834 3448 902 3511 ‘Et
936 3449 1002 3512 che
1038 3451 1181 3532 quando
1209 3448 1281 3514 Sua
1312 3449 1450 3514 Maesta
1482 3450 1585 3516 fusse

301 3559 371 3620 ben
396 3565 489 3621 stata
508 3567 676 3640 presente
700 3557 736 3619 in
760 3556 1009 3639 Norimberga,
1033 3576 1099 3638 per
1122 3558 1198 3621 zelo
1223 3560 1268 3620 de
1293 3559 1326 3620 la
1350 3557 1444 3637 fede,
1468 3568 1506 3620 et
1520 3560 1584 3622 ho·

302 3683 369 3726 nor
399 3683 463 3726 suo
502 3683 573 3726 non
609 3665 788 3726 harrebbe
819 3672 1050 3745 praesumpto
1087 3664 1300 3728 determinat
1336 3673 1462 3745 questa
1496 3686 1584 3730 cosa

302 3770 514 3833 altramente
537 3771 602 3833 che
627 3769 686 3851 gia
711 3790 773 3833 era
796 3779 890 3833 stata
913 3772 1080 3834 conclusa
1104 3771 1196 3834 cossi
1220 3780 1472 3835 sanctamente.

393 3877 486 3939 Pero
511 3875 584 3940 Sua
607 3876 745 3940 Maesta
775 3896 842 3959 per
871 3877 893 3939 l'
915 3879 1022 3940 homo
1051 3879 1116 3940 che
1141 3878 1162 3940 l'
1182 3878 1228 3940 ha
1259 3879 1306 3941 ad
1336 3878 1486 3941 mandat
1509 3879 1584 3943 faci

301 3983 483 4063 intendet,
514 4004 536 4045 a
559 3983 667 4066 quelli
697 3984 763 4046 tuti
796 3982 973 4066 Principi,
1006 3993 1041 4047 et
1069 3984 1208 4068 populi,
1243 3987 1404 4048 chonon
1443 3985 1461 4048 ὲ
1496 4006 1586 4050 cosa

302 4091 475 4170 honesta,
509 4091 552 4153 ne
577 4091 828 4172 ragionevole,
860 4101 896 4153 et
926 4093 1201 4154 resolutamente
1229 4111 1300 4154 non
1338 4091 1356 4153 ὲ
1387 4092 1433 4154 de
1462 4104 1584 4158 mente

302 4217 383 4276 sua,
414 4198 480 4258 che
503 4216 569 4259 con
594 4196 624 4259 si
648 4196 835 4261 manifesto
860 4198 1030 4260 scandalo
1055 4198 1100 4260 de
1124 4200 1159 4261 la
1183 4197 1355 4279 Religion
1379 4197 1587 4264 Christiana

301 4305 378 4366 loro
412 4301 529 4366 facino
562 4305 821 4387 congregation
852 4306 980 4368 alcuna
1016 4305 1052 4367 in
1083 4305 1233 4368 materia
1263 4305 1329 4367 che
1362 4304 1457 4367 tochi
1486 4308 1584 4370 altro

303 4412 370 4473 che
394 4411 427 4472 le
452 4431 535 4474 cose
559 4413 635 4475 loro
660 4422 829 4475 consuete
852 4413 912 4475 del
943 4411 1110 4494 imperio,
1135 4411 1164 4474 si
1192 4430 1292 4475 como
1319 4409 1367 4473 fin
1398 4411 1457 4493 qui
1490 4433 1584 4479 sono

302 4517 532 4579 accostumati
561 4519 605 4581 de
632 4518 698 4583 far.
750 4519 795 4581 Et
828 4517 864 4581 in
895 4519 1043 4581 materia
1072 4520 1117 4580 de
1145 4517 1293 4581 Concilii
1322 4519 1463 4599 quando
1499 4520 1582 4584 loro

302 4622 573 4687 desiderasseno
598 4626 724 4688 alcuna
748 4645 842 4706 cosa,
866 4626 1008 4688 devono
1032 4645 1204 4705 recorrer,
1228 4645 1249 4687 a
1265 4620 1338 4687 Sua
1353 4624 1502 4706 Maesta,
1527 4626 1585 4692 La

301 4731 386 4811 qual
408 4750 447 4792 se
471 4750 692 4813 cognoscera
715 4733 748 4795 el
781 4731 959 4794 desiderio
991 4732 1068 4794 loro
1101 4751 1199 4795 esser
1226 4731 1320 4812 justo
1349 4741 1385 4795 et
1414 4732 1582 4813 honesto,

301 4834 526 4902 intercedere
550 4857 721 4922 appresso
745 4836 877 4902 Nostro
902 4836 1056 4925 Signore
1080 4838 1129 4922 (al
1153 4839 1236 4923 qual
1259 4837 1470 4924 appartiene
1494 4859 1583 4907 con-
