3559 5734
834 517 892 570 0⁴3
933 517 985 573 106
1025 516 1082 570 ῖὲνῡ

316 676 420 740 istum
444 678 637 749 hominem:
664 690 699 741 et
714 680 804 761 sapii
824 681 956 743 Vostra
973 680 1142 763 Signoria
1159 681 1475 746 Reverendissima
1496 684 1561 746 che
1580 682 1601 744 ’i

317 783 509 848 Confessor
540 808 561 849 a
593 788 770 851 mantenir
794 787 925 852 Cesare
957 789 1029 871 (qui
1060 791 1157 851 solus
1184 790 1392 869 bonusest)
1422 791 1483 873 pol
1506 789 1600 852 assai

316 892 421 955 immo
445 892 521 955 fere
546 895 665 957 omnia
689 905 724 958 et
748 896 936 979 persertim
960 895 996 958 in
1020 916 1059 959 re
1084 895 1305 977 Lutherana,
1337 895 1373 959 in
1398 917 1468 979 qua
1492 896 1602 959 Cesar

316 1003 405 1062 cossi
431 999 525 1081 fara,
550 1022 651 1065 como
676 1002 700 1065 li
726 1002 805 1065 sarit
828 1012 1036 1066 mantenuta
1060 1006 1095 1066 la
1118 1003 1355 1083 conscientia,
1389 1004 1424 1066 la
1447 1005 1530 1085 quai
1555 1006 1602 1066 da

316 1128 379 1170 sua
404 1116 529 1171 natura
553 1131 609 1173 me
633 1131 700 1191 par
723 1111 788 1173 che
814 1110 937 1174 habbii
961 1110 1085 1174 melior
1109 1111 1174 1173 che
1198 1113 1314 1191 homo,
1340 1112 1406 1174 che
1430 1111 1499 1174 mai
1516 1111 1600 1174 vidi.

404 1215 520 1279 Resta
544 1219 610 1280 che
634 1217 669 1279 io
693 1219 873 1299 responde
888 1239 909 1279 a
925 1219 1045 1300 quella
1064 1228 1177 1299 parte,
1202 1219 1268 1281 che
1283 1218 1417 1281 Vostra
1434 1218 1601 1300 Signoria

315 1322 632 1387 Reverendissima
655 1324 691 1387 in
715 1332 806 1387 tutte
830 1345 893 1387 sue
917 1327 1021 1389 lettre
1046 1325 1092 1387 mi
1116 1325 1242 1404 scrive,
1267 1326 1333 1388 che
1358 1326 1493 1388 usiamo
1513 1326 1600 1407 ogni

315 1429 397 1492 sede
430 1439 465 1492 et
496 1431 700 1514 diligentia,
734 1443 769 1494 et
800 1432 910 1495 siamo
943 1452 1084 1514 sempre
1115 1432 1299 1515 congiunti
1324 1445 1359 1496 et
1383 1434 1552 1496 concordi
1576 1433 1601 1494 il

316 1535 449 1619 Signor
465 1538 741 1603 Prothonotario
759 1538 948 1603 Carazzolo
974 1549 1009 1603 et
1033 1540 1082 1603 io:
1120 1539 1200 1621 Qua
1223 1541 1258 1602 in
1284 1561 1322 1603 re
1347 1540 1509 1622 supplico
1534 1541 1600 1602 che

254 1702 257 1719 ,
315 1643 357 1706 N.
383 1643 419 1707 S.
445 1655 480 1708 et
505 1645 548 1708 V.
575 1643 611 1709 S.
638 1647 732 1709 Rma
764 1646 870 1710 stiino
904 1649 948 1710 de
979 1650 1076 1709 bono
1110 1647 1226 1710 animo
1259 1656 1428 1729 quantum
1462 1648 1599 1710 adhoc

315 1753 380 1814 che
411 1761 508 1815 certo
541 1753 577 1815 di
608 1754 642 1816 la
665 1753 748 1817 fede
774 1763 809 1816 et
833 1754 952 1817 studio
976 1773 1047 1817 non
1073 1774 1117 1816 ne
1141 1774 1365 1835 sapressemo
1389 1764 1517 1817 metter
1539 1753 1598 1835 piu

315 1869 351 1920 et
382 1860 427 1921 de
458 1879 557 1922 esser
588 1860 741 1923 unanimi
774 1860 809 1923 in
838 1863 888 1924 tal
920 1862 1026 1941 modo
1057 1860 1104 1923 fin
1130 1864 1188 1942 qui
1212 1859 1379 1923 habiamo
1405 1861 1599 1941 negotium,

316 1965 365 2029 ita
389 1967 424 2028 in
449 1967 514 2029 bac
540 1987 578 2029 re
604 1987 709 2030 unum
724 1968 909 2047 sensimus,
934 1988 1038 2031 unum
1055 1968 1253 2030 studuimus
1278 1978 1316 2029 ut
1342 1966 1426 2030 nibil
1443 1968 1601 2049 potuerit

315 2094 393 2136 esse
417 2075 522 2139 nobis
545 2074 774 2138 coniunctius
823 2074 940 2138 Oimel
969 2078 1121 2140 sarebbe
1151 2076 1278 2138 adesso
1303 2085 1424 2157 tempo
1449 2076 1515 2137 che
1540 2074 1599 2137 noi

316 2180 461 2243 fossimo
486 2181 643 2245 discordi
667 2182 702 2244 in
727 2192 827 2245 tanta
850 2203 967 2245 rerum
992 2182 1145 2245 omnium
1169 2181 1451 2263 perturbatione,
1476 2192 1601 2244 contra

316 2288 404 2351 tanti
430 2299 465 2352 et
488 2292 516 2352 si
541 2289 637 2371 aspri
662 2288 788 2352 nemici
812 2291 857 2352 de
881 2291 906 2352 ii
931 2289 1042 2352 nostri
1066 2289 1223 2371 patroni,
1253 2289 1288 2350 di
1314 2289 1335 2350 l'
1352 2291 1481 2362 honor,
1506 2289 1600 2351 dila

316 2396 449 2477 patria,
484 2397 519 2460 di
544 2398 579 2459 la
603 2398 689 2460 sede
712 2418 860 2460 romana
883 2397 1115 2461 fundamento
1140 2399 1185 2459 de
1210 2405 1332 2459 nostra
1355 2405 1479 2459 sancta
1502 2396 1599 2458 fede:

317 2524 386 2565 non
411 2503 496 2566 voiii
520 2503 590 2567 Dio
614 2505 679 2566 che
704 2506 753 2567 ta}
777 2504 1054 2567 inconveniente
1088 2502 1230 2575 accadi;
1262 2504 1306 2565 ιιὲ
1337 2503 1493 2584 suspichi
1522 2522 1599 2585 per·

315 2612 361 2672 1ιὸ
385 2610 426 2675 V.
451 2610 487 2672 S.
509 2611 605 2674 Rma
628 2612 688 2674 noi
712 2632 810 2674 esser
833 2613 915 2674 stati
941 2609 1098 2674 discordi
1121 2630 1188 2692 per
1204 2611 1323 2692 quello
1340 2611 1405 2673 che
1422 2609 1456 2672 io
1473 2609 1600 2690 scripsi

316 2737 414 2780 esser
444 2728 499 2780 sta
528 2717 619 2781 fatto
650 2738 750 2782 error
773 2717 808 2781 in
833 2718 996 2781 nominer
1020 2721 1133 2781 solum
1158 2717 1206 2780 lui
1230 2717 1265 2780 in
1290 2717 1406 2780 alcuni
1431 2717 1467 2779 di
1492 2717 1600 2798 quelli

316 2825 417 2888 brevi
442 2825 647 2888 credentialt
673 2826 915 2889 ultimamente
932 2826 1056 2907 scripti
1072 2825 1166 2887 circa
1180 2827 1215 2888 la
1230 2823 1379 2887 materia
1396 2824 1492 2886 della
1505 2823 1599 2903 fede,

316 2935 381 2995 che
406 2933 514 2995 credo
538 2932 562 2995 il
586 2933 779 2996 secretario
796 2953 867 2995 non
883 2935 997 3014 penso
1014 2934 1225 2994 altramente
1240 2953 1306 3013 per
1322 2932 1599 3005 inadvertentia;

316 3041 374 3102 dei
398 3042 465 3102 che
489 3041 522 3102 el
546 3039 645 3103 detto
663 3038 796 3121 Signor
819 3040 1097 3103 Prothonotario
1122 3039 1161 3102 fu
1180 3039 1241 3121 piri
1260 3041 1329 3101 mal
1349 3049 1518 3103 contento
1534 3040 1600 3101 che

316 3148 361 3225 in,
379 3147 519 3230 perche,
536 3167 638 3209 como
654 3148 931 3229 prudentissimo
954 3158 990 3211 et
1006 3147 1041 3210 in
1059 3149 1152 3228 loce,
1169 3167 1372 3229 cognoscea
1388 3167 1458 3210 non
1473 3148 1601 3229 giovar

316 3256 386 3317 alia
417 3275 501 3317 cosa
531 3264 654 3317 nostra
684 3254 871 3337 presertim
901 3255 936 3317 in
966 3275 1005 3318 re
1029 3254 1112 3318 fidei
1139 3256 1175 3317 la
1199 3256 1281 3337 qual
1305 3254 1600 3336 principalmente

315 3364 555 3425 ecommessa
578 3383 600 3424 a
623 3382 679 3424 me
710 3370 745 3424 et
777 3381 843 3443 per
876 3371 1003 3443 questa
1036 3381 1144 3425 causa
1176 3363 1432 3444 specialmente
1456 3382 1520 3423 son
1545 3373 1601 3423 sta

316 3470 497 3547 mandato,
523 3479 559 3533 et
583 3489 604 3531 a
628 3490 684 3533 me
707 3479 811 3531 tocca
834 3470 971 3551 parler,
996 3470 1174 3551 disputat,
1199 3488 1381 3552 proponer
1404 3470 1601 3550 persuadet

315 3576 481 3657 privatim
513 3590 548 3639 et
578 3576 720 3658 publice
749 3596 868 3639 coram
893 3577 1060 3639 universo
1084 3576 1234 3658 imperio
1260 3577 1295 3638 in
1320 3596 1427 3638 unum
1451 3595 1599 3656 congre·

315 3692 401 3764 gato
425 3687 482 3747 vel
507 3684 612 3747 etiam
636 3705 755 3747 coram
779 3684 930 3766 singulis
955 3684 1140 3747 ordinibus
1164 3686 1222 3747 vel
1245 3684 1469 3766 principibus
1493 3683 1598 3766 impe·

316 3792 357 3852 rii
382 3811 551 3871 seorsum,
577 3811 677 3853 come
700 3790 759 3853 fin'
776 3812 838 3853 ora
863 3812 1003 3872 sempre
1026 3792 1073 3854 ho
1097 3790 1188 3854 fatto
1214 3790 1470 3853 comunicando
1494 3799 1597 3852 tutta·

317 3898 374 3960 via
397 3897 422 3960 il
445 3906 537 3961 tutto
562 3918 627 3960 con
654 3898 752 3961 detto
768 3899 1057 3979 Protbonotario,
1082 3898 1107 3960 il
1131 3900 1214 3980 qual
1238 3918 1370 3960 ancora
1390 3897 1459 3960 mai
1476 3918 1601 3960 manca

316 4006 459 4086 quando
492 4005 516 4066 il
548 4006 707 4069 richiedo
732 4016 893 4069 trovarse
918 4026 1028 4069 ancor
1052 4007 1099 4068 lui
1125 4015 1292 4087 presente
1317 4007 1351 4068 al
1375 4003 1541 4087 negotiar
1565 4015 1601 4066 et

315 4113 363 4175 lui
388 4111 543 4175 vicissim
568 4113 603 4175 di
628 4116 663 4176 ia
687 4133 770 4176 cosa
794 4114 830 4177 di
855 4115 889 4176 la
914 4133 978 4176 sua
1001 4111 1175 4194 principa]
1201 4111 1447 4175 commissione
1467 4132 1598 4175 amore·

317 4222 496 4282 volmente
519 4221 697 4301 participa
721 4241 788 4284 con
813 4241 913 4284 meco
938 4222 981 4284 ne
1008 4219 1075 4283 mai
1100 4218 1148 4281 fin
1173 4227 1230 4301 qut
1257 4222 1385 4282 estato
1403 4238 1599 4281 commesso

317 4348 363 4389 un
395 4327 538 4390 minimo
572 4348 671 4390 error
698 4329 741 4392 nt
765 4328 855 4391 fatto
879 4348 948 4409 pur
971 4347 1017 4389 un
1043 4346 1156 4407 segno
1180 4326 1214 4387 di
1240 4324 1389 4388 dissidio
1414 4345 1435 4387 o
1459 4324 1599 4388 simulta

317 4437 444 4498 alcuna
467 4433 523 4496 fra
547 4435 617 4498 noi.
663 4434 707 4498 Et
731 4436 863 4516 perche
888 4435 932 4499 V.
960 4431 996 4497 S.
1020 4434 1117 4495 Rma
1149 4432 1208 4515 gia
1240 4433 1275 4495 in
1309 4442 1434 4514 queste
1458 4433 1526 4493 doe
1550 4434 1599 4494 ui·

317 4544 400 4605 time
421 4544 548 4606 lettere
573 4564 611 4606 se
636 4546 755 4624 degna
780 4564 801 4606 a
825 4543 938 4607 ferme
964 4542 1195 4606 excusatione
1219 4559 1329 4603 ancor
1353 4541 1418 4602 che
1442 4559 1513 4601 non
1540 4541 1598 4602 be·

317 4669 489 4732 sognasse
513 4651 578 4713 che
595 4649 616 4712 ’l
640 4649 710 4712 mio
727 4648 860 4732 Signor
884 4670 923 4712 se
946 4648 1150 4712 humiliasse
1175 4668 1196 4710 a
1220 4651 1247 4709 si
1273 4646 1321 4709 vii
1346 4667 1429 4709 cosa
1454 4665 1558 4708 verso
1574 4645 1600 4707 il

317 4777 380 4819 suo
405 4777 521 4834 servn,
545 4756 791 4819 dubitandomi
815 4758 880 4819 che
905 4757 1024 4837 quella
1048 4776 1118 4817 non
1143 4755 1253 4817 hebbi
1270 4754 1395 4835 piliato
1412 4754 1536 4815 umbra
1553 4753 1601 4815 da

317 4864 385 4927 mie
418 4866 544 4927 lettere
576 4866 642 4927 che
674 4884 739 4946 per
773 4863 966 4926 ambitione
991 4862 1025 4924 io
1050 4882 1104 4923 me
1128 4860 1225 4923 habii
1251 4862 1443 4923 lamentato
1468 4870 1504 4922 et
1527 4879 1598 4922 non
