3559 5734
725 523 783 585 aa
821 521 874 586 sin
913 518 971 585 aa

209 683 268 737 aut
304 673 425 738 verbis
457 674 591 739 referre
622 697 808 758 possumus
817 726 825 756 ,
858 676 1031 738 maximas
1060 674 1221 758 quidem,
1255 681 1290 737 et
1314 687 1489 758 perpetuo

209 782 320 844 acturi
353 803 487 854 sumus;
519 783 554 845 id
588 802 696 865 supra
732 784 850 846 omnia
884 783 1130 846 desiderantes
1162 792 1201 844 ut
1231 781 1350 864 aliqua
1381 803 1419 845 se
1450 804 1490 845 se

210 888 311 951 nobis
335 887 463 953 offerat
487 890 638 972 occasio,
663 900 701 953 ut
716 891 800 973 quid
817 892 862 955 de
879 903 941 955 tua
960 890 1131 973 singulari
1146 899 1273 953 natura
1297 891 1490 953 sentiamus

213 1008 427 1078 quantumve
445 1006 505 1059 tua
521 1017 629 1060 causa
652 998 845 1081 cupiamus
862 999 1038 1082 possimus
1053 998 1117 1061 tibi
1134 998 1353 1060 memorabili
1370 998 1489 1079 aliquo

211 1103 305 1165 facto
330 1105 532 1176 declarare;
558 1108 652 1186 quod
677 1116 794 1169 tamen
819 1107 898 1169 Deo
923 1107 1067 1190 auspice
1090 1106 1246 1169 futurum
1270 1104 1489 1168 confidimus.

212 1210 283 1272 Sed
318 1220 354 1273 et
386 1210 431 1273 de
462 1211 517 1273 his
550 1212 713 1275 omnibus
747 1221 782 1275 et
812 1234 919 1295 quum
953 1224 1116 1295 optemus
1139 1212 1362 1275 Maiestatem
1393 1221 1490 1275 tuam

213 1338 302 1398 quae
327 1320 420 1380 bene
445 1330 550 1400 cepta
574 1329 655 1382 sunt
679 1322 725 1383 ad
749 1324 939 1384 salutarem
962 1321 1069 1384 finem
1093 1321 1281 1398 deducere,
1305 1318 1491 1383 scribimus

212 1425 342 1487 nuntiis
367 1424 497 1488 nostris
520 1435 558 1488 ut
582 1447 662 1490 cum
684 1427 873 1491 Maiestate
897 1440 958 1491 tua
984 1438 1104 1491 nostro
1129 1426 1269 1515 nornine
1301 1426 1489 1489 communi·

210 1541 302 1611 cent,
342 1532 471 1612 quibus
503 1532 564 1595 illa
604 1533 709 1597 fidem
746 1539 879 1598 habere
919 1535 1134 1618 dignabitur.
1181 1535 1263 1597 Dat.
1310 1534 1489 1597 Malianae

213 1638 269 1700 die
293 1639 345 1699 lV
369 1637 455 1701 Maii
485 1660 563 1718 1521
592 1662 685 1705 anno
710 1664 816 1707 nono.

298 1747 336 1826 (¹)
362 1744 505 1810 Gratias
540 1748 605 1810 tibi
641 1770 729 1831 quas
761 1746 949 1834 possumus
982 1752 1172 1830 habemus,
1209 1750 1490 1831 Redemptorem

212 1863 366 1915 nostrum
390 1853 570 1917 humiliter
593 1856 828 1937 deprecantes
859 1858 924 1921 tibi
949 1860 1123 1922 concedat
1146 1878 1319 1939 prospera
1352 1867 1490 1938 cuncta,

215 1958 358 2040 impleat
389 1972 514 2024 sancta
553 1963 748 2046 desideria,
782 1966 985 2049 tribuatque
1013 1964 1193 2028 Maiestati
1227 1975 1310 2027 tuae
1342 1963 1490 2027 similem

215 2085 352 2149 semper
376 2068 530 2131 animum
555 2080 590 2131 et
614 2091 736 2152 parem
761 2069 937 2137 virtutem.

744 2286 847 2298 *tx-«amm
863 2289 874 2296 ⁴-
887 2288 949 2298 ννννν

824 2538 876 2601 85.

314 2647 510 2749 Exemplar
537 2652 662 2732 Brevis
689 2654 766 2733 iam
794 2654 898 2734 missi
927 2656 973 2734 ad
1000 2653 1091 2737 offic.
1121 2654 1381 2735 Treverensem

662 2792 804 2860 (Nuntiat-
823 2794 914 2853 Germ.
933 2794 963 2852 11.
983 2794 1035 2867 59.)

621 2909 699 2978 (Cum
718 2912 813 2961 litteris
843 2926 880 2976 14.
903 2914 968 2963 Maii
992 2915 1078 2980 1521.)
1105 2953 1107 2962 ,

299 3030 367 3094 Dil.
383 3031 462 3097 Fili.
509 3034 564 3097 Ex
588 3036 715 3100 litteris
740 3049 939 3102 nostrorum
964 3049 1001 3103 et
1024 3050 1213 3123 praeterea
1228 3041 1416 3101 multorum
1432 3036 1489 3098 ist-

212 3135 290 3198 hinc
316 3140 453 3203 nunciis
477 3144 709 3225 cognovimus
734 3166 804 3228 qua
830 3157 890 3210 tua
916 3146 1058 3210 devotio
1076 3148 1218 3226 virtute,
1243 3153 1489 3227 quaconstan-

211 3242 268 3325 tia‚
292 3243 447 3327 Spiritus
472 3259 569 3314 certe
587 3253 701 3315 sancti
725 3252 850 3317 afflata
866 3256 1003 3335 ardore,
1025 3254 1168 3335 impiam
1182 3252 1327 3315 Martini
1343 3250 1490 3315 Lutheri

212 3361 246 3412 et
276 3363 430 3416 mentem
466 3365 502 3418 et
536 3360 747 3422 sententiam
786 3360 1024 3423 confutaverit
1060 3361 1244 3442 ipsumque
1280 3368 1316 3422 et
1349 3368 1490 3440 patrum

213 3458 451 3542 maiorumque
476 3473 674 3528 nostrorum
707 3478 742 3529 et
766 3468 1047 3531 sanctisimorum
1078 3467 1384 3531 oecumenicorum
1409 3486 1488 3528 con·

212 3564 371 3630 ciliorum
395 3570 559 3652 decretiS,
580 3574 832 3655 sanctionibus,
857 3575 1026 3639 institutis
1041 3575 1264 3658 impudenter
1288 3593 1329 3635 ac
1354 3581 1489 3635 temere

213 3673 445 3756 derogantem
469 3678 562 3761 aptis
594 3690 630 3742 et
660 3681 837 3763 expeditis
869 3682 1209 3764 interrogationibus
1242 3681 1291 3743 ita
1322 3679 1489 3742 irretierit

212 3789 248 3842 ut
263 3780 332 3844 iam
349 3785 512 3848 omnibus
528 3808 705 3871 apparere
720 3789 867 3872 incipiat
882 3790 1080 3873 manifesto,
1095 3810 1174 3852 cum
1188 3789 1360 3850 innovare
1374 3785 1490 3849 omnia

211 3889 382 3953 voluisset
405 3912 476 3955 non
501 3905 539 3955 ut
563 3896 759 3977 corrigeret
782 3898 844 3959 sed
871 3907 908 3959 ut
936 3900 1163 3979 perturbaret
1186 3898 1357 3979 populum
1381 3893 1488 3957 Sanc·

211 4005 281 4059 tum
305 3998 376 4061 Dei
401 4009 436 4062 et
459 4012 627 4084 tanquam
651 4003 809 4066 minister
833 4001 1015 4067 Sathenae
1046 4015 1183 4068 rectum
1215 4006 1346 4083 dogma
1371 4001 1488 4063 catho-

211 4102 299 4167 licae
339 4107 588 4172 observantiae
628 4112 672 4172 ad
713 4112 900 4192 pernitiem
939 4111 1132 4174 animarum
1171 4121 1207 4174 et
1246 4130 1344 4172 suam
1387 4107 1489 4171 nimis

211 4212 346 4291 gloriae
370 4215 601 4296 cupiditatem
625 4227 865 4299 perverteret;
891 4239 982 4299 quae
1006 4240 1064 4281 res
1087 4228 1212 4299 utpote
1236 4227 1335 4286 tanta
1358 4215 1488 4278 virtute

211 4328 247 4381 et
269 4321 402 4402 pietate
426 4334 530 4404 gesta
554 4334 721 4405 quantum
746 4327 871 4387 horum
888 4334 1086 4407 temporum
1111 4325 1270 4406 gravitas
1287 4334 1322 4387 et
1340 4343 1488 4386 comune

211 4430 428 4513 reipublicae
464 4432 659 4513 periculum
695 4437 914 4515 postulabat,
951 4434 1017 4496 etsi
1059 4436 1171 4497 Deum
1210 4431 1488 4511 omnipotentem

211 4548 246 4599 et
284 4539 505 4602 laudatorem
542 4540 643 4603 simul
680 4552 714 4603 et
746 4550 1046 4604 remuneratorem
1080 4540 1245 4602 habitura
1276 4551 1347 4620 est,
1384 4537 1488 4601 nobis

210 4656 325 4709 tamen
352 4647 402 4708 ita
426 4657 529 4728 grata
553 4648 693 4730 accidit,
718 4659 817 4710 tanta
841 4668 920 4710 eam
944 4669 1021 4711 cum
1046 4647 1183 4710 laetitia
1206 4646 1426 4714 audivimus,
1449 4656 1488 4707 ut

242 4876 263 4946 ¹)
283 4882 356 4943 Quae
376 4887 521 4943 sequuntur
539 4887 598 4929 sunt
617 4881 697 4928 verbu
716 4880 813 4944 scripta
832 4896 910 4929 manu
930 4881 1038 4945 propria
1057 4880 1155 4929 Leonis
1173 4882 1209 4928 X.
