3559 5734
1392 512 1886 590 wasme-0

359 695 544 737 nunc
593 675 1105 759 laborantibuS,
1153 683 1452 758 paterne
1500 677 1916 759 prospicere
1951 686 2267 759 conatur,
2316 697 2459 741 non
2487 678 2769 762 vulgari
2805 690 2917 742 me

362 780 601 844 affecit
648 782 933 865 gaudio.
1027 783 1185 865 Ego
1234 782 1581 866 siquidem
1628 785 1748 865 qui
1800 784 1884 848 V.
1934 785 2017 850 B.
2068 794 2139 848 et
2191 783 2501 848 Sanctae
2549 786 2913 850 Ecclesiae

359 888 737 952 Romanae
783 911 896 954 me
945 891 1179 954 omnia
1227 892 1493 955 debere
1542 912 1899 975 agnosc0,
1949 912 2156 955 omne
2205 892 2546 974 studium,
2613 894 2917 976 labores,

358 998 784 1079 voluntateS,
836 996 1144 1080 denique
1190 1018 1302 1062 me
1349 998 1578 1081 ipsum
1612 1008 1836 1063 totum
1886 1001 1976 1062 ad
2013 1001 2145 1062 hoc
2176 1007 2497 1063 sanctum
2527 999 2921 1065 institutum

358 1103 665 1169 Vestrae
713 1104 1150 1168 Beatitudini
1196 1092 1828 1188 polliceor,'atque
1866 1126 1997 1188 pro
2032 1108 2388 1170 servanda
2434 1107 2921 1171 incolumitate

360 1219 435 1275 et
479 1214 751 1275 honore
799 1211 985 1275 illius
1031 1210 1337 1276 fideliter
1383 1215 1743 1295 prestabo.
1840 1214 2068 1295 Quum
2119 1223 2355 1277 autem
2404 1233 2543 1296 ego
2604 1214 2746 1279 iam
2801 1218 2919 1278 ali-

360 1318 674 1399 quandiu
730 1319 935 1402 gravi
995 1319 1317 1402 corporis
1378 1328 1450 1383 et
1511 1321 1818 1383 adversa
1880 1321 2293 1384 valetudine
2349 1322 2676 1385 laboravi
2739 1325 2921 1386 adeo

360 1427 553 1508 quod
601 1426 813 1489 etiam
862 1424 932 1489 in
979 1427 1297 1508 periculo
1347 1427 1590 1491 mortis
1637 1427 1929 1511 fuerim,
1992 1428 2130 1491 Dei
2186 1438 2424 1492 tamen
2491 1429 2737 1512 optimi
2789 1454 2921 1494 rna»

359 1533 533 1596 ximi
580 1533 831 1597 favore
879 1532 1396 1617 aliquantisper
1453 1532 1759 1598 Sanitati
1808 1535 2207 1618 restitutus,
2271 1535 2370 1598 ita
2435 1545 2671 1600 tamen
2735 1542 2921 1618 qued

361 1642 633 1722 absque
682 1661 951 1705 summo
998 1641 1316 1724 periculo
1348 1663 1457 1705 me
1490 1642 1858 1705 laboribus
1898 1641 2225 1705 itinerum
2274 1662 2460 1705 nunc
2509 1643 2921 1707 submittere

362 1767 504 1811 non
552 1767 873 1829 possum,
922 1769 1144 1831 quare
1190 1749 1352 1812 huic
1399 1749 1802 1833 principum
1850 1749 2233 1812 conventui
2291 1750 2724 1814 intervenire
2781 1750 2921 1814 ine-

361 1853 638 1918 vitabili
685 1857 992 1937 quadam
1039 1856 1468 1920 necessitate
1514 1857 1773 1921 invitus
1807 1856 2167 1931 detineor;
2218 1866 2528 1922 attamen
2563 1859 2752 1941 quod
2789 1858 2921 1922 mei

362 1960 671 2025 muneris
718 1961 852 2025 erit
899 1982 1039 2043 ego
1087 1984 1218 2046 per
1264 1973 1584 2026 oratores
1633 1984 1715 2027 ac
1749 1963 2043 2028 nuncios
2089 1984 2287 2028 meos
2320 1984 2500 2049 quos
2531 1985 2716 2028 nunc
2765 1986 2921 2030 mee

363 2067 646 2132 nomine
704 2070 795 2132 ad
841 2070 1029 2133 hunc
1080 2079 1505 2134 conventum
1555 2071 2063 2154 delegaverim,
2112 2091 2243 2154 pro
2292 2073 2565 2134 honore
2606 2071 2694 2134 V.
2746 2071 2917 2135 Bee-

369 2175 690 2239 titudinis
738 2197 821 2240 ac
869 2177 1127 2260 Legati
1179 2177 1363 2241 illius
1413 2179 1603 2260 apud
1674 2178 1851 2241 alios
1906 2177 2263 2261 principes
2323 2176 2630 2241 fideliter
2692 2198 2921 2262 agere,

365 2292 439 2344 ut
484 2282 605 2347 ille
655 2283 894 2366 dignis
940 2283 1366 2366 suscipiatur
1410 2285 1842 2366 honoribus,
1892 2285 2345 2368 benigneque
2395 2294 2761 2364 tractetur,
2809 2306 2921 2350 ne*

365 2390 773 2472 gotiumque
822 2392 957 2454 hoc
1006 2401 1323 2455 sanctum
1370 2390 1864 2455 favorabiliter
1913 2400 2449 2474 promoveatur,
2517 2412 2726 2473 quern
2785 2414 2921 2474 ege

365 2497 783 2581 iampridem
813 2508 904 2562 ‚et
961 2498 1129 2562 novi
1192 2508 1264 2562 et
1325 2518 1483 2562 cum
1545 2508 1844 2582 propter
1905 2519 2311 2563 communes
2376 2502 2686 2564 honores
2701 2550 2719 2583 ,
2781 2513 2921 2562 tum

366 2616 659 2688 propter
710 2605 1005 2669 eximias
1052 2606 1240 2670 illius
1288 2606 1588 2669 virtutes
1635 2626 1716 2669 ac
1766 2606 2236 2669 eruditionem
2301 2626 2393 2669 ex
2454 2607 2688 2671 animo
2746 2630 2917 2670 suma

365 2713 493 2778 mis
540 2733 940 2796 prosequor
985 2712 1373 2777 favoribus·
1469 2712 1709 2795 Quare
1759 2713 2023 2777 Vestra
2071 2711 2430 2777 Sanctitas
2477 2714 2612 2780 sibi
2675 2716 2765 2778 de
2813 2734 2925 2778 me

366 2830 561 2885 certo
610 2823 1041 2903 persuadeat
1086 2823 1277 2903 quod
1322 2823 1455 2883 hac
1502 2820 1575 2884 in
1622 2840 1700 2884 re
1748 2841 2190 2904 quacumque
2258 2821 2398 2884 alia
2461 2842 2645 2904 quae
2692 2822 2785 2884 ad
2837 2822 2921 2886 Ψ.

363 2928 840 2991 Beatitudinis
887 2949 967 2992 ac
1036 2927 1344 2992 Sanctae
1408 2926 1619 2992 Sedis
1677 2927 2142 3010 Apostolicae
2207 2930 2551 2992 honorem
2615 2938 2686 2991 et
2747 2930 2921 2990 utili-

366 3044 584 3098 tatem
633 3045 960 3118 spectare
1007 3036 1291 3118 poterit,
1342 3056 1428 3099 ea
1473 3034 1780 3098 fideliter
1828 3055 2037 3118 agam
2086 3056 2270 3118 quae
2310 3036 2925 3100 obedientissimus·

363 3141 549 3205 filius
598 3152 669 3206 et
716 3162 934 3224 agere
984 3151 1055 3207 et
1100 3152 1423 3225 prestare
1473 3144 1590 3206 vel
1639 3143 1865 3225 possit
1911 3144 2027 3206 vel
2077 3144 2356 3207 debeat.
2451 3142 2578 3208 Cui
2641 3164 2751 3206 me
2807 3146 2923 3206 hu·

366 3249 626 3313 militer
674 3252 1111 3314 commendo,
1208 3252 1467 3314 Datum
1516 3250 1748 3313 Hallis
1798 3270 1888 3313 ex
1937 3250 2128 3313 Arce
2177 3250 2323 3313 divi
2385 3250 2745 3332 Mauricii,
2813 3254 2925 3314 die

366 3354 666 3421 Sabathi
740 3357 1079 3421 vicesima
1142 3357 1406 3421 mensis
1452 3356 1854 3439 Februarii,
1915 3378 2103 3420 anno
2153 3356 2438 3420 Domini
2486 3357 2925 3422 MDXXIV.

1432 3569 1782 3583 mmvw
1787 3570 1845 3583 W&

1577 3784 1723 3852 145.

875 3903 1192 3984 Clemens
1246 3902 1408 3982 VII.
1467 3901 1837 3983 cardinali
1892 3899 2424 4004 Salzburgensi.

1291 4050 1475 4123 (Brev.
1510 4050 1553 4108 1.
1592 4049 1705 4110 193.
1743 4048 1836 4109 fol.
1871 4048 2012 4122 466.)

1384 4171 1490 4237 (25.
1530 4170 1688 4219 Febr.
1734 4169 1910 4237 1524.)

546 4316 829 4379 Dilecte
857 4314 979 4397 fili,
1012 4317 1310 4379 salutem
1343 4322 1476 4377 etc.
1557 4311 1897 4395 Quamvis
1931 4310 2485 4394 Circumspectio
2515 4320 2658 4392 tua,
2705 4322 2781 4373 ut
2821 4334 2925 4374 et:-

374 4425 723 4508 cepimm,
773 4425 865 4486 ad
911 4422 1061 4487 Nos
1124 4431 1194 4486 et
1256 4422 1659 4485 Romanam
1720 4418 2031 4499 Curiam,
2082 4429 2156 4480 ut
2203 4439 2336 4501 par
2384 4428 2525 4499 est,
2587 4438 2662 4481 se
2711 4427 2925 4482 trane

374 4532 580 4615 ferre,
632 4541 703 4595 et
749 4531 823 4594 in
873 4550 957 4593 ea
1004 4529 1320 4593 residere
1369 4527 1843 4600 desideraret3
1894 4534 2207 4589 attamen
2258 4527 2805 4608 subpullulante,
2861 4538 2929 4586 et

373 4639 578 4702 latius
625 4639 697 4701 in
748 4638 902 4702 dies
948 4645 1282 4720 serpente
1344 4636 1417 4698 in
1464 4633 1787 4717 partibus
1844 4633 2273 4697 Germaniae
2333 4632 2735 4717 perniciosa
2801 4634 2926 4694 Lu-

372 4749 670 4811 therana
717 4745 1030 4827 haeresi,
1077 4754 1155 4807 ut
1201 4744 1294 4806 ad
1341 4762 1682 4825 praesens
1730 4740 1886 4804 istic
1950 4749 2368 4822 permaneat
2427 4738 2653 4821 magis
2718 4760 2925 4822 expe-

375 4854 574 4918 diens
620 4853 778 4916 fore
842 4855 1231 4918 censemus,
1345 4847 1708 4933 Siquidem
1780 4848 2345 4930 consideramus,
2411 4848 2600 4929 quod
2668 4846 2737 4908 in
2801 4850 2929 4926 hie,

2506 4951 2615 5006 21*
