3559 5734
694 531 941 592 0431st

174 681 303 761 riores,
336 681 480 744 eosdem
512 700 634 743 omnes
666 700 779 762 penes
812 702 877 745 vos
910 684 956 744 ad
981 689 1121 744 nostras
1146 699 1270 743 manus
1295 678 1458 761 teneatis,

176 808 287 869 usque
311 790 358 851 ad
382 786 586 850 ulteriorem
610 795 769 850 nostrum
792 787 935 851 iussum.
970 788 1043 850 Vos
1067 787 1206 850 debetis
1224 789 1330 850 etiam
1346 789 1458 850 dictas

175 895 371 976 scripturas
404 905 439 957 et
472 894 600 974 libros,
634 904 670 956 et
695 915 934 977 quascumque
960 895 1047 957 alias
1071 895 1271 957 consimiles
1296 897 1340 956 de
1365 915 1458 957 novo

175 1003 401 1066 inventiones
432 1002 508 1065 sive
540 1023 586 1064 ex
617 1001 772 1065 Martino
802 1003 958 1065 Luthero
990 1002 1171 1083 predict0,
1203 1002 1278 1065 sive
1312 1002 1458 1064 aliorum

175 1109 286 1189 iussu,
315 1130 358 1172 ac
383 1111 549 1173 mandato
573 1130 637 1172 seu
659 1110 801 1172 nomine
826 1112 1015 1191 prodeant,
1045 1111 1090 1171 de
1114 1120 1257 1172 coetero
1282 1129 1352 1172 non
1378 1109 1458 1172 scri·

175 1219 277 1296 bere,
306 1217 526 1299 imprimere,
556 1237 689 1297 emere,
712 1220 886 1298 vendere,
916 1216 1139 1298 praedicare,
1165 1217 1375 1295 defendere,
1400 1226 1459 1279 aut

176 1345 297 1388 eorum
315 1326 476 1406 opinioni
490 1346 553 1388 seu
568 1324 766 1388 sententiae
784 1327 1020 1403 subscribere,
1045 1334 1253 1403 sustentare,
1273 1336 1309 1387 et
1325 1323 1458 1386 eisdem

176 1432 361 1511 adherere,
387 1442 422 1494 ct
445 1432 669 1495 haecomnia
692 1433 778 1495 nulli
801 1433 981 1496 hominurn
1005 1431 1125 1494 facere
1149 1431 1371 1514 permittatis,
1396 1433 1458 1493 sed

176 1540 221 1600 de
252 1539 308 1601 his
340 1540 483 1603 omnino
517 1540 797 1621 supersedeatis,
832 1552 868 1604 et
901 1560 971 1602 non
991 1539 1065 1602 alia
1090 1539 1224 1619 agatis,
1255 1550 1317 1601 aut
1339 1539 1458 1601 inobe-

26 1722 27 1731 ,
71 1684 75 1690 -
177 1645 316 1709 dientes
339 1667 405 1709 vos
434 1647 652 1728 exhibeatis,
684 1647 720 1710 in
746 1657 914 1729 quantum
945 1646 1135 1728 unicuique
1159 1657 1315 1709 vestrum
1339 1667 1459 1709 carum

177 1762 248 1833 est,
282 1762 439 1816 nostram
473 1763 509 1817 et
540 1755 631 1817 sacri
660 1754 798 1837 imperii
823 1753 1068 1836 gravissimam
1093 1753 1391 1834 indignationem,
1424 1764 1460 1816 et
1555 1824 1557 1827 .

177 1880 323 1940 poenaS,
347 1881 436 1941 quas
457 1861 537 1943 jura
561 1862 594 1924 in
620 1861 820 1924 huiusmodi
845 1862 986 1924 casibus
1010 1861 1280 1939 constituerunt,
1305 1862 1458 1923 evitare:

178 1966 278 2029 Haec
303 1978 424 2030 nostra
449 1978 503 2031 est
527 1969 728 2032 omnimoda
752 1971 918 2032 voluntas
942 1978 978 2031 et
1002 1969 1135 2030 seriose
1161 1969 1348 2031 sententia.

267 2074 397 2137 Datum
423 2075 654 2139 Wormatiae.

792 2503 846 2568 48.

237 2629 414 2708 Aloanda·
442 2628 596 2728 archiep.
626 2628 790 2727 (fortasse
817 2629 1014 2725 leodiensi)
1043 2632 1078 2708 et
1106 2628 1191 2708 aliis
1218 2629 1402 2728 praelatis.

609 2767 894 2830 inmolatorum
913 2767 943 2826 1..
962 2766 1030 2838 190.)

683 2880 735 2939 (13.
755 2878 843 2926 Martii
867 2874 953 2945 1521.)

291 3004 412 3065 Rev¹¹¹“
454 3023 506 3083 pr.
552 3012 588 3064 et
628 3004 742 3066 illustr
784 3004 864 3065 Dne
909 3004 1104 3068 commend.
1164 3003 1277 3083 Quum
1313 3014 1462 3084 propter

177 3112 399 3192 imperialem
424 3110 578 3173 diaetam
603 3130 673 3173 non
698 3111 830 3192 possim
857 3132 949 3173 nunc
973 3111 1237 3192 presentialiter
1262 3131 1317 3172 me
1333 3111 1378 3172 ad
1393 3109 1462 3172 ista

180 3230 299 3280 restra
323 3221 402 3281 loca
426 3216 600 3297 conferre,
626 3230 819 3301 eapropter
842 3219 943 3280 mitto
967 3220 1117 3280 latorem
1141 3218 1381 3298 praesentium
1403 3217 1462 3298 qui

180 3324 402 3388 Sanctissimi
424 3325 567 3387 Domini
592 3324 711 3387 Nostri
737 3326 875 3387 Bullam
906 3334 1029 3387 contra
1052 3324 1241 3386 Martinum
1269 3324 1460 3386 lutherum

180 3441 216 3494 et
239 3431 315 3495 eius
330 3451 502 3512 sequaces
517 3431 744 3514 publicatam,
761 3432 878 3494 Rmae
896 3431 1138 3493 Dominationi
1154 3441 1294 3493 vestrae
1311 3432 1368 3493 vel
1386 3431 1461 3493 eius

179 3539 322 3603 officiali
355 3559 417 3601 seu
448 3538 582 3601 vicario
607 3537 734 3601 offerat
758 3547 794 3601 et
818 3549 1018 3621 presentet,
1048 3548 1218 3621 petatque
1243 3548 1279 3599 et
1302 3538 1460 3619 requirat

181 3657 219 3709 ut
247 3646 434 3728 praedicta
465 3648 582 3726 bulla,
616 3665 787 3707 unacum
812 3647 980 3708 mandato
1005 3644 1236 3727 impressione
1261 3645 1367 3726 sigilli
1392 3646 1460 3707 mei

182 3755 282 3835 parvi
307 3754 452 3831 munit0,
478 3752 513 3815 in
538 3751 682 3814 civitate
708 3763 743 3815 et
770 3752 926 3815 dioecesi
949 3764 1069 3815 vestra
1093 3751 1295 3815 executioni
1318 3752 1462 3822 debitae

184 3863 426 3925 demandetur.
474 3860 578 3939 Quod
610 3868 648 3921 ut
671 3859 718 3920 R.
743 3859 787 3922 D.
812 3859 856 3920 V.
888 3858 997 3921 faciat
1021 3857 1079 3921 8⁰¹¹
1107 3859 1150 3923 D.
1176 3858 1218 3921 N.
1244 3859 1342 3940 jussu
1366 3869 1461 3942 pet0,

184 3969 324 4051 requiro
359 3978 394 4030 et
423 3970 488 4029 sub
513 3965 672 4030 censuris
696 3965 730 4029 in
756 3968 852 4028 bulla
877 3966 1073 4047 apostolica
1098 3966 1274 4029 contentis
1298 3964 1462 4047 iniung0;

183 4097 260 4140 meo
284 4096 372 4138 vero
397 4074 538 4137 nomine
551 4086 625 4136 'oro
650 4081 686 4135 et
709 4073 871 4156 supplico
897 4084 935 4135 ut
950 4074 1082 4155 possim
1099 4074 1214 4136 eidem
1231 4070 1462 4136 Sanctissimo

184 4182 336 4246 Domino
361 4192 397 4244 et
412 4179 498 4243 Sedi
513 4180 746 4262 Apostolicae
764 4181 1014 4243 observantiae
1031 4191 1066 4242 et
1082 4180 1225 4242 debitae
1241 4179 1463 4242 executionis

186 4300 324 4354 vestrae
357 4288 463 4351 fidem
494 4286 624 4351 facere.
672 4288 772 4350 Bene
804 4289 924 4350 valeat
955 4288 1077 4350 Reum
1108 4287 1311 4349 llominatio
1345 4298 1464 4349 vestra

186 4398 240 4460 cui
273 4417 330 4460 me
364 4395 477 4459 offero
511 4406 546 4457 et
577 4395 796 4456 commende.
845 4393 1084 4473 Wormatiae,
1121 4415 1166 4456 ex
1204 4394 1320 4455 diaeta
1355 4393 1462 4475 impe·

184 4505 261 4567 riali
286 4503 378 4566 XIII
401 4502 521 4565 Martii
546 4501 728 4566 MDXXI.

717 4698 923 4708 mmmm·
