3559 5734
795 941 868 1007 162.

350 1054 598 1136 lendinendns
626 1057 811 1137 Arehidun
839 1058 1005 1137 lustriae
1034 1057 1205 1140 Clementi
1232 1059 1310 1143 tn

624 1206 710 1275 (Arm.
730 1204 778 1262 11.
797 1205 873 1278 daps.
892 1205 914 1263 t
931 1203 965 1263 ii.
984 1205 1036 1278 74.)

706 1321 758 1391 (3ο.
780 1325 846 1389 Julii
869 1324 956 1388 1524.)

281 1463 320 1529 Si
351 1472 422 1528 tam
453 1487 583 1549 magno
616 1487 781 1529 successu
806 1487 912 1548 quam
942 1488 1071 1550 magno
1102 1470 1218 1532 studio
1243 1491 1308 1552 pro
1338 1470 1472 1552 pietate

189 1594 271 1637 mea
293 1573 328 1635 in
353 1573 547 1656 Religione
572 1584 808 1656 promptaque
838 1595 926 1656 erga
950 1573 1079 1637 Sedem
1111 1575 1213 1638 istam
1246 1579 1473 1642 observantia

191 1689 340 1743 conatus
363 1700 462 1743 meus
486 1680 719 1761 profecisset,
754 1681 918 1742 excitatis
948 1681 1024 1743 istis
1055 1681 1264 1763 periculosis
1293 1685 1473 1747 erroribus

190 1796 297 1868 atque
322 1807 439 1850 rerum
464 1786 664 1850 confusioni
689 1796 832 1868 optatus
856 1786 936 1849 finis
960 1787 995 1849 in
1029 1788 1192 1869 proximo
1218 1790 1359 1871 Imperii
1385 1790 1472 1854 Con·

190 1904 301 1957 ventu
325 1893 512 1975 impositus
538 1906 649 1974 esset,
680 1905 741 1956 aut
765 1896 889 1956 saltem
915 1915 1045 1975 magna
1068 1915 1187 1958 eornm
1214 1898 1273 1978 qui
1297 1899 1342 1959 ab
1358 1899 1474 1961 ortho-

191 2001 287 2064 doxa
304 2001 375 2063 fide
393 2001 629 2081 desciverunt,
647 2022 731 2084 pars
747 2001 780 2063 in
798 2011 931 2063 rectam
947 2001 1040 2064 viam
1056 2002 1237 2075 rediisset:
1263 2024 1473 2086 quamquam

191 2128 262 2190 ego
286 2118 480 2189 propterea
504 2110 572 2171 hoc
598 2108 765 2188 studium,
790 2109 953 2189 huncque
978 2108 1131 2171 animum
1155 2130 1270 2191 neque
1295 2112 1471 2174 declinavi

191 2235 309 2296 neque
354 2214 548 2297 despondi,
594 2235 664 2277 non
708 2215 877 2295 ignorans
920 2215 1025 2277 aliam
1072 2225 1146 2278 tota
1185 2237 1263 2280 mea
1303 2218 1375 2280 vita
1413 2219 1473 2282 vix

192 2321 270 2384 dari
300 2342 408 2403 posse
442 2322 664 2384 occasionem
698 2342 768 2403 qua
798 2322 878 2384 Deo
912 2321 1048 2404 gratius
1084 2323 1291 2404 obsequium
1324 2328 1475 2407 prestari

190 2429 333 2512 possim.
382 2428 610 2511 Quapropter
639 2449 716 2491 cum
751 2431 818 2491 hac
852 2450 923 2492 non
958 2429 1188 2492 successisset
1219 2431 1296 2510 via,
1330 2432 1473 2496 nimium

191 2536 270 2599 Deo
297 2536 413 2598 adhuc
438 2535 540 2615 irate,
565 2536 669 2598 aliam
694 2536 852 2616 arripere
876 2535 989 2614 libuit,
1015 2556 1080 2617 per
1105 2555 1208 2616 quam
1233 2538 1327 2618 apud
1355 2538 1472 2602 Ratis-

191 2645 320 2704 bonam
351 2642 403 2721 id,
428 2642 584 2724 propitio
609 2642 685 2722 illo,
711 2643 945 2721 obtinuimus,
978 2645 1072 2724 quod
1097 2643 1342 2725 Noremberge
1367 2645 1474 2709 nullis

191 2749 305 2812 modis
331 2751 491 2813 obtinere
518 2749 704 2831 quivimus.
752 2749 901 2833 Jamque
927 2770 995 2830 ego
1026 2749 1103 2831 ipse
1127 2749 1223 2813 facto
1248 2752 1474 2834 synceritatis

190 2876 268 2920 mee
292 2856 395 2936 fidei,
424 2856 517 2918 absit
540 2856 708 2918 iactantia
744 2862 873 2937 verbo,
907 2857 1073 2937 exempla
1103 2856 1217 2920 indies
1248 2869 1369 2939 presto
1401 2880 1472 2922 non

190 2967 354 3027 obscura.
411 2962 553 3045 Quippe
584 2984 654 3026 non
686 2973 739 3025 est
774 2963 870 3025 aliud
902 2965 967 3025 sub
991 2965 1067 3025 sole
1092 2964 1185 3045 quod
1210 2964 1392 3027 ardentius
1417 2967 1474 3029 de-

190 3072 324 3152 sydero
352 3091 457 3152 quam
490 3071 584 3152 quod
617 3071 661 3133 de
692 3069 807 3133 medio
842 3069 1112 3133 Provinciarum
1142 3091 1298 3134 mearum
1330 3073 1475 3135 tollatur

191 3190 263 3240 tam
288 3188 416 3241 tetrum
435 3176 614 3241 hominum
639 3197 771 3260 genus;
801 3177 899 3258 quod
924 3197 994 3240 non
1019 3180 1066 3240 ob
1091 3178 1196 3241 aliam
1220 3199 1361 3242 causam
1385 3179 1472 3242 Bea-

190 3286 335 3355 titudini
356 3296 475 3349 vestre
500 3285 617 3349 scribo
634 3304 736 3367 quam
755 3295 793 3345 ut
810 3284 921 3346 leniat
944 3286 1103 3348 dolorem
1127 3284 1224 3348 illum
1243 3305 1344 3348 suum
1370 3306 1474 3366 quem

189 3399 272 3460 ideo
297 3394 451 3475 accepit,
482 3401 651 3474 quantum
683 3412 726 3454 ex
759 3390 885 3453 litteris
910 3391 983 3454 suis
1006 3390 1206 3473 intelligere
1231 3393 1348 3473 potui,
1379 3394 1474 3474 quod

189 3525 261 3588 que
286 3501 495 3566 sanctissimi
520 3501 645 3561 Patres
670 3497 928 3580 proculdubio
953 3497 1063 3561 afflati
1077 3500 1145 3561 Dei
1162 3499 1286 3580 spiritu
1311 3502 1473 3562 condem·

190 3622 339 3691 narunt,
367 3629 433 3690 per
457 3608 649 3669 Lutherum
675 3605 774 3687 quasi
799 3608 845 3667 ab
869 3604 993 3668 inferis
1018 3607 1134 3669 denuo
1161 3616 1271 3683 eruta,
1296 3607 1330 3669 in
1355 3606 1474 3670 futura

190 3722 289 3783 dieta
317 3719 352 3781 in
378 3714 652 3798 disputationem
677 3712 830 3795 proponi
855 3714 1020 3778 debeant,
1068 3712 1172 3794 Quod
1199 3725 1317 3776 autem
1341 3713 1472 3777 eisdem

191 3827 320 3890 litteris
343 3845 398 3886 me
424 3825 469 3885 ad
493 3819 797 3903 perseverantiam
822 3821 1048 3900 exhortatur,
1078 3841 1181 3902 quam
1206 3821 1309 3883 etiam
1336 3820 1371 3882 in
1395 3841 1472 3902 par-

190 3949 264 3998 tem
288 3930 448 4014 pluribus
480 3929 591 3991 Rev¹¹⁸
619 3926 792 3990 Dominus
816 3928 956 4007 legatus
981 3947 1118 3989 mecum
1142 3928 1233 4009 egit,
1266 3948 1473 4009 persuasum

192 4061 272 4105 esse
295 4038 404 4102 velim
428 4034 645 4099 Beatitudini
670 4043 790 4096 vostre
815 4033 900 4096 mihi
925 4034 1067 4096 omnino
1092 4054 1198 4097 curae
1222 4035 1299 4097 fore
1323 4045 1361 4096 ut
1378 4035 1473 4116 quod

192 4148 298 4229 coepi
323 4165 392 4227 qna
410 4142 533 4208 licebit
548 4144 750 4223 praestab0,
777 4153 812 4202 et
836 4159 997 4221 exequar
1010 4160 1076 4221 per
1091 4161 1229 4203 omnem
1250 4141 1474 4203 occasionem

193 4254 345 4319 offitium
368 4251 454 4314 boni
484 4258 519 4313 et
547 4249 628 4311 iusti
662 4247 850 4328 principis,
888 4247 948 4329 qui
982 4246 1163 4309 Ecclesiae
1199 4248 1267 4309 Dei
1303 4249 1474 4329 prodesse

193 4365 313 4441 debet,
338 4356 551 4441 posthabitis
576 4356 738 4419 omnibus
763 4354 912 4437 privatis
937 4352 1135 4417 affectibus,
1182 4353 1270 4416 Nam
1288 4354 1344 4415 hic
1365 4353 1472 4436 respi-

193 4469 358 4534 ciendum
390 4486 462 4529 non
495 4473 549 4526 est
580 4465 673 4545 quod
709 4464 830 4543 plures
860 4460 995 4523 faciunt
1026 4461 1089 4523 sed
1122 4461 1216 4541 quod
1249 4460 1324 4522 fieri
1355 4462 1474 4540 debet,

193 4575 296 4660 parvi
322 4591 580 4655 quamcumque
604 4570 742 4631 faciens
766 4568 935 4631 iacturam
961 4587 1065 4648 quam
1081 4566 1254 4629 aerarium
1280 4588 1393 4629 meum
1419 4587 1473 4629 ac-

193 4683 282 4767 cipit
303 4682 339 4744 in
364 4677 606 4764 opprimendis
631 4676 781 4738 subditis
806 4675 893 4737 meis
916 4676 983 4736 hac
1008 4675 1090 4737 labe
1113 4672 1255 4736 infectis
1280 4683 1315 4735 et
1332 4671 1474 4754 quidem

193 4810 267 4855 non
292 4787 438 4870 privatis
463 4794 598 4848 tantum
622 4785 686 4846 sed
710 4783 793 4846 totis
818 4781 969 4864 oppidis,
994 4799 1085 4863 quae
1109 4780 1265 4862 presidio
1291 4787 1325 4842 et
1343 4782 1472 4842 robore

193 4895 337 4962 militari
364 4895 497 4957 tuenda
521 4901 616 4970 sunt,
649 4911 694 4954 ne
725 4892 770 4953 ad
801 4889 1011 4952 seditionem
1039 4909 1097 4951 res
1129 4893 1245 4952 exeat.
1292 4887 1392 4967 Quae
1415 4907 1473 4950 res
