3559 5734
686 565 931 626 *ultre-³

171 700 270 766 sione
294 700 448 765 hostium
471 699 678 764 terminata:
710 698 740 761 si
759 699 844 761 nihil
869 708 922 760 est
945 699 1056 762 maius
1080 713 1139 763 aut
1164 699 1329 783 amplius,
1354 704 1449 784 quod

171 807 363 871 moderatis
386 818 422 870 et
445 806 679 889 prudentibus
703 805 828 868 animis
842 805 942 887 posci
960 808 1006 869 ab
1022 806 1208 870 immortali
1226 809 1305 871 Deo
1326 812 1447 891 possit,

172 934 275 997 quam
302 923 468 997 quantum
493 912 558 975 tibi
581 912 728 975 coelesti
751 911 844 975 illius
868 911 1043 977 beneficio
1068 924 1122 977 est
1151 914 1336 994 tributum,
1373 937 1446 979 ora·

171 1043 248 1085 mus
271 1040 529 1106 precamurque
554 1018 667 1083 Ser‘tm
691 1029 786 1082 tuam
812 1019 909 1082 utin
937 1020 1198 1084 conditionibus
1232 1023 1330 1103 pacis
1360 1033 1448 1086 trac-

174 1129 291 1192 tandis
315 1130 379 1191 des
395 1138 430 1190 te
448 1129 492 1190 ad
511 1148 588 1190 eam
613 1136 761 1207 partem,
787 1136 824 1188 ut
847 1126 962 1209 magis
985 1138 1134 1209 propter
1151 1129 1365 1192 desiderium
1390 1151 1447 1211 pa·

172 1236 233 1318 cis,
256 1235 381 1300 faciles
405 1245 441 1298 et
464 1234 640 1315 benignas
665 1233 886 1297 conditiones
910 1234 1051 1313 tulisse,
1085 1255 1188 1316 quam
1213 1246 1361 1318 propter
1385 1237 1448 1300 dif-

171 1342 364 1406 ficultatem
388 1341 630 1406 conditionum
653 1341 733 1424 paci
757 1343 872 1404 locum
889 1361 960 1403 non
977 1341 1163 1424 reliquisse
1178 1342 1333 1407 videare.
1370 1345 1450 1408 Hoc

173 1452 335 1532 petimus,
359 1451 427 1513 hoc
451 1452 649 1529 hortamur,
673 1468 790 1529 neque
815 1447 912 1511 dubii
936 1468 1072 1528 sumus,
1095 1459 1131 1512 te
1155 1452 1200 1512 ad
1225 1452 1342 1513 omnia
1365 1451 1448 1515 libe·

173 1557 260 1621 ralia
284 1568 319 1621 et
342 1559 496 1620 humana
519 1566 721 1643 promptum
746 1575 833 1621 esse.
881 1553 955 1617 Sed
984 1566 1022 1618 ut
1052 1564 1114 1619 tua
1143 1559 1328 1638 praeclara
1350 1579 1451 1621 mens

173 1666 207 1728 in
239 1685 302 1728 sua
333 1664 492 1727 bonitate
524 1672 560 1726 et
590 1662 767 1754 sententia
796 1673 1006 1744 permaneat
1035 1665 1278 1745 deprecamur.
1337 1665 1450 1728 Nemo

174 1793 327 1856 unquam
359 1771 527 1854 princeps
551 1769 627 1849 fuit,
652 1769 712 1852 qui
735 1768 869 1833 maiora
894 1770 1044 1834 senserit
1069 1791 1156 1854 erga
1180 1792 1218 1834 se
1243 1771 1312 1834 Dei
1332 1772 1449 1837 Omni-

174 1881 330 1963 potentis
362 1878 556 1961 promerita
595 1897 699 1959 quam
731 1886 883 1959 experta
918 1887 972 1940 est
1005 1875 1109 1941 Ser‘⁸⁸
1138 1891 1215 1952 tua:
1252 1880 1315 1942 sed
1347 1900 1449 1943 nemo

175 1987 281 2051 etiam
306 1985 424 2049 extitit
447 2004 602 2065 unquam
626 1982 685 2065 qui
713 1983 940 2047 illustriorem
964 1984 1188 2048 occasionem
1212 1987 1377 2050 habuerit
1399 2008 1450 2051 re·

173 2094 345 2159 ferendae
369 2087 420 2154 illi
443 2091 591 2174 gratiae.
639 2087 776 2152 Scimus
800 2110 865 2153 nos
901 2100 937 2153 et
968 2099 1157 2170 testamur,
1198 2101 1234 2155 et
1267 2094 1378 2157 vades
1416 2104 1452 2157 et

175 2220 367 2285 sponsores
390 2198 483 2261 inter
513 2208 549 2261 te
579 2206 614 2260 et
646 2197 761 2260 Deum
792 2217 871 2261 esse
906 2199 1078 2278 volumus,
1103 2197 1131 2260 si
1156 2207 1216 2261 tua
1240 2201 1451 2264 auctoritate

175 2320 210 2373 et
234 2305 423 2371 clementia
445 2305 501 2373 his
524 2304 694 2367 luctuosis
717 2304 940 2385 temporibus
964 2305 1197 2368 constituetur
1210 2327 1293 2387 pax,
1319 2310 1451 2371 nullum

176 2436 330 2498 unquam
354 2411 555 2495 Principem
589 2422 625 2473 et
656 2411 797 2491 Regem
827 2413 974 2492 nullum,
1008 2421 1068 2476 aut
1099 2412 1211 2476 maius
1244 2416 1451 2497 obsequium

174 2526 253 2588 Deo
284 2520 518 2605 praestitisse,
543 2528 605 2582 aut
627 2520 700 2580 ullo
725 2528 885 2601 tempore
916 2540 994 2582 esse
1025 2528 1295 2600 praestaturum.
1332 2520 1439 2604 Carpi

175 2651 253 2695 mur
276 2629 463 2712 paulatim:
489 2626 752 2690 concludimur:
770 2625 813 2712 in
838 2625 1023 2708 angustias
1038 2626 1249 2708 redigimur:
1274 2639 1380 2709 atque
1406 2649 1451 2691 ex

177 2741 263 2802 orbe
287 2744 462 2799 terrarum
486 2733 661 2813 universo,
686 2732 745 2813 qui
768 2732 845 2796 fere
869 2743 965 2795 totus
985 2734 1177 2815 aliquando
1195 2735 1293 2817 Regi
1309 2736 1453 2817 Regum

176 2845 317 2910 Christo
341 2843 426 2923 Jesu
450 2838 628 2903 Salvatori
652 2850 774 2903 nostro
798 2840 926 2922 paruit,
952 2841 986 2903 in
1011 2848 1085 2904 tres
1107 2843 1166 2904 vel
1189 2851 1341 2924 quatuor
1365 2843 1451 2906 chri-

177 2951 367 3016 stianitatis
390 2947 593 3033 provincias
623 2946 757 3029 repulsi
781 2959 817 3010 et
850 2947 1022 3010 coarctati
1057 2967 1193 3028 sumus,
1229 2970 1319 3030 quae
1355 2953 1452 3013 solae

176 3069 312 3123 restant
334 3058 511 3139 integrae:
536 3054 627 3118 aliae
651 3064 712 3117 aut
734 3055 877 3137 penitus
902 3056 980 3118 Deo
1004 3057 1237 3138 rebellarunt,
1262 3068 1322 3120 aut
1337 3057 1454 3141 impiis

179 3167 283 3231 sectis
307 3175 343 3229 et
366 3163 552 3228 heresibus
582 3164 628 3225 ad
658 3163 904 3225 rebellandum
936 3172 1018 3226 sunt
1044 3163 1286 3245 propinquae,
1322 3175 1382 3227 aut
1418 3164 1452 3227 in

178 3284 275 3338 tanto
300 3273 460 3356 periculo
484 3270 697 3334 constitutae
721 3280 802 3332 sunt
814 3318 823 3350 ,
848 3279 886 3331 ut
909 3272 1010 3352 quasi
1029 3290 1095 3352 pro
1112 3271 1310 3354 desperatis
1326 3282 1361 3335 et
1377 3293 1453 3353 per-

180 3380 260 3444 ditis
282 3381 492 3443 habeantur.
540 3377 723 3458 Quaenam
758 3397 971 3459 quaesumus
1006 3388 1106 3441 tanta
1141 3399 1206 3442 nos
1236 3378 1312 3461 agit
1341 3379 1452 3460 preci·

179 3489 270 3572 pites
294 3487 363 3550 Dei
386 3486 455 3565 ira,
488 3495 527 3547 ut
557 3495 692 3568 pestem
718 3494 753 3547 et
776 3483 956 3547 interitum
980 3494 1138 3548 nostrum
1162 3484 1302 3566 ipsimet
1326 3506 1450 3568 appro

178 3597 365 3678 petemus?
390 3602 638 3656 convertamur
662 3592 706 3654 ad
731 3592 844 3672 ipsum
868 3591 1077 3655 Dominum:
1114 3605 1149 3655 et
1184 3612 1263 3655 cum
1298 3592 1361 3655 illi.
1383 3593 1454 3656 iras

180 3714 213 3768 et
237 3703 383 3767 iniurias
414 3711 552 3764 nostras
577 3699 916 3778 condonaverimus,
940 3720 1123 3781 speremus
1147 3702 1192 3762 ab
1217 3720 1260 3763 eo
1284 3701 1453 3782 consequi

180 3809 476 3888 misericordiam,
500 3827 590 3889 quae
615 3817 711 3870 certe
735 3827 805 3869 non
831 3806 957 3884 deerit,
982 3806 1010 3868 si
1030 3805 1089 3887 pie
1105 3816 1140 3869 et
1155 3807 1333 3870 humiliter
1348 3806 1454 3872 fuerit

180 3918 299 3999 petita.
347 3917 392 3980 Et
407 3917 495 3979 haec
512 3924 630 3977 tamen
648 3914 765 3977 omnia
787 3913 822 3975 in
848 3933 950 3975 manu
971 3924 1032 3974 tua
1047 3912 1267 3994 potissimum
1283 3913 1332 3976 fili
1349 3915 1452 3977 caris·

181 4026 264 4088 sime
289 4035 380 4087 sunt.
427 4022 495 4103 Qui
520 4021 549 4084 si
574 4031 609 4084 te
633 4032 672 4083 ut
695 4019 921 4098 confidimus,
953 4021 998 4081 ad
1030 4029 1197 4083 constans
1220 4021 1319 4101 pacis
1343 4020 1452 4084 consi·

181 4131 261 4194 lium
286 4128 520 4207 converteris,
545 4137 649 4192 erunt
673 4135 734 4190 tuo
759 4129 866 4189 ductu
891 4140 927 4189 et
950 4125 1098 4207 imperio
1114 4147 1184 4190 non
1202 4129 1323 4189 salvae
1342 4129 1454 4191 solum

181 4236 445 4301 christianitatis
468 4256 535 4315 res,
560 4256 681 4298 verum
706 4233 811 4297 etiam
835 4231 1019 4305 florentes:
1044 4253 1116 4297 non
1140 4234 1253 4297 minor
1271 4247 1324 4295 est
1339 4235 1455 4315 gloria

180 4365 327 4427 parcere
351 4344 512 4408 hostibus
537 4342 695 4421 devictis,
720 4361 825 4423 quam
849 4361 912 4403 eos
936 4340 1097 4403 vincere:
1126 4340 1241 4423 pietas
1272 4352 1386 4405 autem
1420 4351 1456 4404 et

182 4453 290 4517 virtus
314 4461 350 4516 et
373 4448 547 4533 sapientia
572 4451 680 4511 multo
704 4447 816 4511 maior
836 4466 903 4529 pro
929 4447 1052 4510 celesti
1071 4447 1220 4528 imperio
1243 4446 1338 4510 ferre
1353 4449 1456 4529 signa

181 4559 214 4623 in
238 4560 306 4623 Dei
329 4560 460 4636 hostes,
486 4576 590 4638 quam
614 4575 680 4637 pro
704 4554 854 4617 terrenis
877 4555 985 4616 rebus
1009 4556 1227 4636 depugnare.
1269 4554 1342 4616 Nos
1358 4564 1454 4617 certe

183 4668 346 4731 ardentes
369 4663 612 4729 benivolentia
636 4681 723 4743 erga
746 4671 797 4741 te,
829 4673 863 4723 et
888 4661 1005 4724 studio
1029 4661 1144 4724 laudis
1175 4673 1277 4741 tuae,
1309 4682 1352 4724 ea
1376 4682 1455 4724 con·

182 4774 325 4838 sulimus
348 4772 423 4853 tibi,
441 4792 531 4855 quae
546 4770 758 4833 arbitramur
771 4767 924 4848 utilitati,
943 4766 1118 4849 dignitati,
1135 4767 1357 4850 amplitudini
1374 4776 1455 4832 tuae

181 4881 456 4943 accommodata.
503 4877 596 4959 Quid
622 4875 792 4940 Dominus
815 4876 913 4938 Deus
937 4886 1102 4956 appetat,
1134 4874 1359 4957 perspicuum
1392 4884 1457 4959 est,
