3559 5734
726 546 974 603 04340θῶ

210 703 290 758 ortu
315 704 350 757 et
373 693 482 757 initiis
506 693 688 758 Ecclesiae
713 714 758 756 ne
782 715 870 757 sono
896 703 1004 774 state,
1041 703 1077 757 et
1099 694 1187 775 perd
1212 714 1324 775 penso
1349 693 1414 755 che
1439 689 1491 754 sia

210 811 387 884 oportuno
419 803 504 865 dare
537 801 621 884 ogni
646 801 742 864 aiuto
773 811 809 865 et
832 799 959 865 favore
991 822 1012 864 a
1034 803 1244 883 spengerla‚
1280 809 1315 863 et
1346 798 1490 881 special·

210 919 329 972 mente
360 911 394 971 al
418 908 556 988 castigo
588 908 624 971 di
655 908 754 970 detta
787 907 889 988 cista,
925 910 960 972 la
992 909 1074 990 qual
1098 927 1183 971 cosa
1213 907 1292 970 sera
1326 907 1361 969 di
1385 917 1491 985 sorte,

211 1017 277 1079 che
301 1015 462 1098 scoprira
494 1025 529 1077 et
552 1015 577 1079 li
601 1017 710 1078 buoni
741 1024 778 1077 et
801 1015 825 1077 li
848 1015 932 1078 mali
964 1024 1000 1076 et
1022 1016 1089 1077 hos
1113 1014 1321 1096 segregabit
1353 1017 1399 1076 ab
1423 1012 1492 1076 illis

212 1131 249 1186 et
271 1121 350 1185 sara
374 1121 511 1186 sorzato
535 1124 695 1185 cadauno
713 1122 848 1185 aiutare
872 1121 897 1185 li
914 1121 1002 1202 suoi,
1027 1132 1062 1184 et
1078 1121 1209 1203 perche
1234 1120 1258 1183 li
1279 1120 1386 1183 buoni
1404 1139 1492 1182 sono

211 1231 321 1292 molto
345 1228 404 1310 pid
428 1228 464 1292 in
489 1249 634 1291 numero
660 1238 695 1290 et
718 1229 753 1291 in
778 1229 901 1292 valore
925 1239 961 1291 et
976 1229 1045 1291 Dio
1070 1247 1139 1290 non
1157 1227 1347 1290 abandona
1371 1226 1427 1289 chi
1447 1228 1494 1289 ha

213 1335 294 1400 fede
317 1335 353 1398 in
376 1336 437 1416 lui,
462 1337 480 1399 ὲ
505 1336 552 1398 da
576 1354 732 1417 sperare,
757 1338 823 1398 che
848 1338 892 1397 de
916 1336 941 1398 li
966 1334 1057 1397 tristi
1081 1334 1284 1397 facilmente
1309 1334 1337 1397 si
1360 1332 1493 1396 otterra

303 1675 426 1737 Budae
451 1673 583 1755 Quinta
606 1673 764 1754 Januarii
788 1673 1008 1736 MDXXIV.

994 1805 1039 1854 aa
1058 1804 1138 1853 frater
1155 1797 1184 1859 1..
1204 1796 1265 1859 var.
1284 1796 1459 1871 oramus.

818 2199 881 2263 186

647 2306 859 2409 campegius
887 2304 1059 2387 Sadoleto.

591 2445 770 2513 (Nuntiat.
795 2444 950 2504 German.
977 2443 1052 2503 Iam
1071 2445 1122 2513 54.)

547 2556 583 2624 (6.
602 2557 723 2622 Januarii
746 2565 811 2618 1525
831 2553 909 2623 (hora
927 2558 1044 2605 secunda
1063 2557 1166 2623 noctis).

306 2679 405 2742 Hieri
430 2677 548 2743 scrissi
574 2702 595 2742 a
618 2680 724 2762 pieno
749 2681 867 2762 quello
893 2681 958 2743 che
982 2679 1029 2743 mi
1053 2699 1264 2754 occorreva;
1297 2678 1395 2762 dipoi
1425 2700 1495 2742 non
1574 2665 1578 2672 ¹

217 2785 370 2850 essendo
396 2789 511 2849 ancho
536 2788 580 2848 de
605 2792 663 2868 qul
688 2787 820 2869 partito
855 2788 880 2850 il
905 2808 1040 2869 messe,
1073 2808 1159 2851 sono
1192 2798 1431 2870 sopravenute
1463 2788 1497 2850 al

217 2893 360 2956 Barone
384 2896 511 2956 lettere
536 2894 571 2956 di
597 2892 745 2957 Boemia
776 2895 835 2956 dal
859 2896 962 2957 Duca
990 2895 1113 2973 Carlo,
1141 2914 1206 2976 per
1237 2897 1270 2957 el
1300 2903 1424 2957 tenore
1451 2895 1497 2957 de

218 3001 251 3063 le
276 3000 371 3081 quali
395 2999 439 3062 N.
464 2999 500 3064 S.
525 3000 628 3083 potra
652 3003 785 3064 vedere
810 3021 910 3063 come
938 2999 1021 3062 viva
1052 3010 1088 3063 et
1118 3021 1240 3063 cresca
1267 3002 1301 3063 la
1325 3020 1498 3082 speranza

219 3103 255 3170 di
280 3108 397 3189 quelle
422 3127 515 3172 cose.
563 3108 691 3170 Donde
716 3128 781 3190 per
804 3106 828 3170 il
853 3110 952 3170 detto
981 3128 1098 3171 messe
1130 3108 1158 3169 si
1191 3109 1368 3171 mandano
1399 3108 1497 3171 dette

218 3215 346 3277 lettere
370 3216 527 3277 anchora
550 3235 615 3276 con
640 3217 674 3277 le
699 3217 788 3277 altre
813 3214 911 3277 accid
936 3215 1002 3276 che
1026 3212 1062 3278 S.
1087 3212 1139 3276 5ιιι
1165 3225 1200 3277 et
1214 3209 1258 3278 V.
1284 3213 1320 3278 S.
1346 3236 1415 3277 non
1439 3235 1498 3278 va·

201 3324 313 3383 'dano
337 3320 502 3383 fraudate
527 3320 562 3383 di
587 3331 713 3403 questa
737 3326 809 3384 cos}
833 3323 954 3384 buona
978 3340 1161 3402 speranza.

307 3425 534 3511 Riparlando
558 3448 623 3490 con
649 3429 673 3490 li
698 3427 830 3490 oratori
855 3428 914 3490 del
926 3428 1003 3489 R¹¹¹⁰
1024 3426 1236 3509 Maguntino
1260 3426 1408 3490 intendo
1432 3428 1498 3489 che

218 3554 284 3617 per
308 3554 427 3598 essere
448 3533 483 3599 S.
502 3532 538 3600 S.
563 3535 639 3597 R¹¹¹⁸
663 3555 763 3597 come
778 3536 825 3597 ho
842 3534 965 3598 scritto
990 3556 1035 3597 ne
1051 3534 1073 3597 l'
1091 3535 1181 3597 altra
1198 3534 1290 3597 assai
1314 3534 1351 3596 di
1374 3544 1500 3598 natura

218 3639 354 3719 timido,
378 3643 445 3704 che
466 3661 537 3704 non
561 3644 713 3703 sarebbe
737 3662 775 3704 se
800 3661 871 3703 non
885 3643 1005 3703 buono
1031 3642 1096 3703 che
1113 3641 1153 3706 N.
1170 3639 1206 3705 S.
1232 3661 1298 3704 con
1317 3662 1363 3703 un
1381 3642 1498 3704 Breve

220 3749 452 3811 accomodato
485 3749 520 3811 lo
553 3749 729 3812 excitasse
764 3760 798 3812 et
829 3747 1043 3810 inanimasse
1074 3769 1095 3809 a
1126 3748 1268 3829 seguire
1298 3747 1498 3829 gagliarda-

219 3862 337 3918 mente
362 3854 383 3917 l'
401 3855 600 3917 ordimento
626 3857 720 3918 della
744 3854 916 3937 impressa
940 3855 1006 3917 che
1029 3856 1119 3917 hora
1142 3864 1250 3917 tratta
1274 3865 1309 3917 et
1333 3875 1451 3934 move,
1476 3854 1499 3917 il
1565 3837 1573 3848 ³

219 3962 285 4025 che
310 3964 357 4025 ho
380 3961 471 4024 fatto
496 3964 630 4024 anchor
653 3962 687 4024 io
713 3982 778 4024 con
804 3963 837 4024 le
860 3961 929 4025 mie
953 3964 1091 4025 lettere.

308 4068 354 4131 Et
378 4068 437 4151 pid
463 4070 555 4132 vedo
579 4069 644 4131 che
669 4067 748 4131 sara
773 4068 976 4131 necessario
999 4067 1092 4131 assai
1117 4068 1209 4130 darli
1242 4088 1262 4130 a
1286 4067 1371 4149 ogni
1394 4069 1500 4131 modo

220 4174 348 4238 alcuno
376 4175 473 4238 aiuto
498 4186 534 4237 et
557 4174 692 4254 favore,
717 4177 750 4238 el
774 4176 879 4256 quale
907 4194 979 4237 non
1002 4194 1050 4258 po
1079 4193 1198 4237 essere
1223 4172 1296 4238 cosi
1319 4194 1411 4256 poco
1436 4176 1501 4239 che

219 4303 290 4345 non
316 4282 369 4345 sia
392 4302 458 4362 per
489 4281 567 4344 fare
598 4302 687 4363 gran
713 4280 823 4345 frutto
856 4281 988 4363 perche
1020 4290 1265 4362 apertamente
1297 4281 1343 4344 mi
1371 4282 1499 4346 dicono

221 4391 287 4452 che
312 4409 383 4452 non
407 4389 572 4451 havendo
596 4389 773 4451 authorita
798 4398 835 4452 et
858 4390 962 4451 caldo
987 4389 1033 4450 da
1057 4389 1092 4449 la
1115 4386 1210 4451 Sede
1230 4388 1441 4470 Apostolica
1465 4403 1501 4453 et

221 4498 269 4559 da
292 4499 327 4558 la
352 4493 506 4558 Cesarea
528 4495 667 4557 Maesta
692 4498 757 4558 che
782 4498 816 4557 la
847 4495 1003 4577 impresa
1035 4494 1115 4556 sara
1144 4494 1251 4576 piena
1281 4495 1317 4557 di
1341 4496 1499 4577 pericolo

221 4612 258 4666 et
282 4603 326 4665 de
352 4600 540 4674 difficulta3
572 4604 660 4683 perd
694 4622 801 4683 sopra
826 4602 879 4664 eid
905 4601 947 4665 V.
976 4601 1011 4663 S.
1037 4600 1113 4663 fara
1138 4603 1258 4664 buona
1280 4602 1449 4666 instantia
1472 4602 1501 4667 si

219 4709 352 4792 perche
377 4708 398 4770 l'
417 4727 487 4770 uno
512 4716 549 4770 et
571 4708 592 4770 l’
611 4709 701 4770 altro
725 4708 755 4769 si
779 4707 913 4788 faccia,
937 4705 966 4769 si
989 4707 1121 4789 perche
1146 4717 1268 4790 presto
1293 4730 1332 4773 se
1355 4710 1501 4774 intenda

221 4819 267 4880 de
291 4817 326 4880 la
349 4824 467 4880 mente
492 4815 536 4878 de
560 4813 602 4879 N.
628 4813 715 4879 S...
763 4815 888 4878 Budae
913 4825 1016 4876 sexta
1039 4813 1197 4897 Januarii
1221 4815 1421 4880 MDXXV.

802 4941 950 4954 »ww
