3559 5734
710 518 956 581 obite*

193 672 275 740 dam
308 694 377 740 non
409 671 667 757 inelegantem,
706 674 769 738 sed
803 694 874 738 non
907 673 1049 738 omnino
1084 672 1120 737 in
1160 674 1322 739 omnibus
1352 693 1474 739 verum

191 804 392 848 sermonem
409 782 571 863 confecit,
603 803 706 864 quem
731 786 776 845 ab
794 783 978 845 Aleandro
1009 783 1194 845 recitatum
1218 784 1332 865 finxit,
1356 806 1473 866 quem·

193 913 262 973 que
280 891 372 953 inter
386 893 598 952 documenta
615 889 753 952 sincera
777 890 907 972 Leplat
931 890 1052 970 edidit,
1077 889 1207 971 aliique
1233 903 1473 955 numerarunt.

191 998 338 1080 Optima
369 1000 459 1060 haec
483 998 719 1076 consuetude,
752 997 973 1079 temporibus
1008 997 1237 1079 Pallavicini,
1273 1000 1474 1063 habebatur

190 1125 374 1168 sermones
405 1103 578 1184 effingere
612 1114 649 1166 et
687 1104 722 1166 in
762 1124 823 1166 ore
860 1105 1049 1184 haeroum,
1092 1106 1235 1186 ducum,
1273 1107 1474 1189 principum

189 1234 345 1294 ponere;
375 1212 439 1274 sed
469 1213 515 1273 ab
546 1209 716 1274 historiae
750 1211 941 1274 severitate
965 1211 1135 1292 alienam,
1165 1233 1376 1296 quamquam
1405 1215 1473 1277 for-

189 1330 285 1383 tasse
310 1318 504 1381 lectoribus
520 1328 670 1400 gratam,
686 1338 778 1380 reor.
817 1319 894 1380 Hac
921 1339 1007 1381 vero
1030 1320 1216 1383 occasione
1234 1322 1474 1385 Pallavicinus

188 1448 254 1509 pro
280 1426 453 1489 sermonis
482 1428 612 1487 robore
637 1427 806 1504 nonnulla
830 1426 967 1488 addidit
991 1447 1100 1508 quae,
1137 1428 1165 1489 si
1199 1429 1313 1491 minus
1345 1450 1474 1512 oppor-

188 1546 276 1597 tuna
311 1531 461 1594 iudicari
491 1543 685 1613 nequeant,
720 1553 826 1614 quum
851 1553 920 1596 non
954 1553 1076 1596 coram
1100 1537 1279 1615 quoddam
1312 1537 1473 1619 principe

187 1641 342 1704 recitata
359 1640 439 1719 sint,
462 1640 527 1702 sed
550 1639 584 1701 in
609 1639 895 1720 frequentissimo
917 1640 1056 1722 imperii
1068 1642 1268 1725 principum
1285 1656 1475 1725 conventu,

186 1770 398 1831 germanam
440 1760 556 1811 tamen
594 1748 855 1829 simplicitatem
895 1770 965 1812 non
1005 1760 1159 1815 servant.
1217 1751 1473 1815 Instructiones

186 1856 373 1939 Episcopo
403 1854 616 1937 Tergestino
649 1865 685 1917 et
714 1856 851 1934 Jodoco
883 1859 989 1918 datae
1013 1877 1175 1919 severam
1200 1859 1377 1939 quandam
1402 1860 1473 1921 vim

185 1963 455 2045 praeseferunt;
489 1983 604 2044 neque
637 1963 801 2025 inornata
834 1962 950 2025 forma
973 1963 1041 2025 illis
1066 1967 1187 2038 obest;
1223 1966 1355 2028 veritas
1380 1966 1473 2028 enim

187 2073 288 2133 nullo
323 2072 514 2132 verborum
546 2069 628 2132 fuco
666 2069 826 2132 involuta
858 2070 1057 2132 evidentior
1089 2072 1228 2134 exsistit
1259 2085 1295 2134 et
1327 2073 1473 2153 propria

186 2180 267 2241 luce
300 2178 426 2259 fulget.
473 2177 742 2239 Monumentum
774 2178 842 2240 hoc
873 2177 1094 2260 temporibus
1137 2179 1277 2241 diaetae
1311 2179 1472 2242 Worma-

186 2285 297 2347 tiensi
337 2284 574 2347 anterioribus
612 2283 881 2366 adscripsimus,
918 2296 991 2347 tum
1027 2285 1109 2366 quia
1155 2288 1287 2348 nullum
1321 2289 1366 2349 de
1397 2288 1474 2369 ipsa

185 2392 312 2454 diaeta
334 2372 582 2472 vestigiumin
607 2391 685 2472 ipso
710 2402 877 2473 apparet,
907 2402 979 2453 tum
1009 2392 1092 2472 quia
1117 2404 1251 2456 tantum
1276 2394 1473 2457 Constanti-

186 2499 286 2561 ensis
327 2499 468 2561 diaetae
497 2497 595 2560 sacta
627 2498 832 2578 innuuntur,
874 2499 1067 2580 ipsaequae
1098 2500 1348 2563 instructiones
1383 2504 1474 2564 tales

186 2618 270 2668 sunt
306 2627 397 2687 quae
428 2605 641 2668 desiderium
669 2606 787 2688 potius
815 2627 886 2668 non
911 2607 1064 2668 vocandi
1096 2610 1140 2669 ad
1167 2628 1295 2671 novam
1320 2610 1471 2671 diaetam

187 2713 386 2775 Lutherum
411 2714 617 2792 ostendant,
649 2733 754 2794 quam
786 2714 856 2775 iam
889 2714 1007 2776 vocati
1032 2724 1067 2775 et
1092 2715 1243 2776 convicti
1269 2717 1471 2778 obstinatio-

186 2839 270 2881 nem
295 2820 474 2881 damnent.

279 2926 356 2988 Nec
381 2925 483 3007 parvi
511 2926 679 2989 momenti
703 2935 785 2989 sunt
809 2927 960 3008 epistola
993 2949 1014 2990 a
1049 2928 1354 2992 Vicecancellario
1391 2932 1471 2992 Ale·

186 3036 304 3096 andro
330 3035 413 3096 data
436 3034 494 3096 die
524 3055 571 3113 15.
597 3033 732 3115 Aprilis
762 3055 854 3115 1521,
881 3035 1057 3098 sententia
1080 3037 1293 3098 marchionis
1318 3038 1472 3100 Brande·

187 3141 392 3223 burgensiS,
417 3141 599 3203 consilium
615 3141 811 3223 principum
828 3141 965 3223 imperii
992 3145 1035 3203 de
1050 3143 1256 3223 Luther01'),
1281 3146 1473 3207 relationes

187 3248 365 3312 Aleandri
390 3250 435 3311 de
459 3250 608 3330 privatis
632 3250 778 3312 Lutheri
803 3250 990 3331 colloquiis
1014 3250 1047 3312 in
1075 3252 1180 3312 domo
1206 3253 1369 3314 electoris
1389 3254 1470 3314 Tre-

189 3355 362 3435 verensiS,
388 3357 504 3437 deque
528 3359 794 3419 lutheranorum
819 3357 1016 3441 consiliislj,
1042 3369 1076 3419 et
1101 3359 1299 3421 Cardinalis
1323 3361 1471 3440 Mogun·

186 3464 251 3527 tini
279 3465 324 3525 de
349 3472 441 3525 statu
467 3463 728 3546 Germaniae³),
754 3464 905 3546 epistola
920 3466 1069 3527 Adriani
1089 3466 1149 3528 VI.
1171 3467 1216 3527 ad
1234 3467 1472 3531 Archiducem

187 3571 455 3634 Ferdinandum
481 3592 574 3634 anno
614 3592 694 3649 ¹5²2
729 3573 812 3634 data
843 3572 938 3634 circa
968 3572 1247 3636 machinationes
1271 3576 1470 3637 lutherano-

187 3676 309 3763 rum4).
350 3680 519 3759 Quamvis
537 3699 644 3741 unum
659 3679 802 3741 missum
820 3680 865 3741 sit
879 3681 925 3741 ad
943 3679 1116 3742 Nuncium
1138 3682 1288 3742 sednon
1306 3680 1411 3744 Carlo
1427 3682 1471 3746 V.

188 3786 450 3868 consignatum,
471 3796 506 3847 et
522 3786 617 3848 aliud
642 3785 810 3868 scriptum
828 3789 890 3848 sed
909 3807 979 3849 non
994 3786 1148 3868 missum,
1173 3788 1330 3869 pretiosa
1353 3800 1471 3852 tamen

187 3904 272 3955 sunt
296 3892 420 3955 brevia
444 3914 535 3974 quae
559 3895 625 3955 sub
649 3914 795 3955 numero
820 3914 861 3972 39
887 3904 923 3956 et
951 3915 1009 3972 152
1035 3895 1069 3956 in
1092 3896 1222 3958 nostris
1238 3897 1472 3960 monumentis

189 4000 350 4063 veniunt.
396 4000 497 4062 Haec
521 4011 639 4062 autem
664 4011 788 4062 contra
811 4000 1080 4081 impugnatores
1105 4002 1234 4064 Leonis
1259 4014 1295 4065 et
1312 4004 1469 4067 Clemen-

188 4108 233 4169 tis
267 4107 413 4172 faciunt.
461 4108 713 4170 Instructiones
744 4111 789 4169 ad
823 4108 980 4171 Nuncios
1014 4110 1242 4190 Apostolicos
1266 4132 1359 4173 anno
1389 4133 1470 4189 1524

188 4217 298 4278 datae
323 4225 404 4279 sunt
428 4216 638 4297 prudentiae
663 4227 698 4277 et
722 4215 858 4277 consilii
882 4228 1146 4280 monumentum
1170 4217 1309 4299 insigne
1341 4229 1376 4280 et
1401 4241 1469 4282 non

188 4322 369 4385 minimum
392 4321 562 4384 historiae
587 4321 839 4404 adiutorium5).

282 4427 382 4509 Quae
406 4428 523 4491 omnia
548 4439 583 4490 et
607 4429 676 4492 alia
699 4430 756 4491 hic
781 4451 851 4491 non
876 4441 1080 4509 memorata,
1106 4431 1266 4513 apprime
1281 4433 1471 4495 historicae

188 4535 335 4598 veritati
358 4535 562 4615 inserviunt,
588 4546 623 4597 et
648 4546 768 4598 nostra
796 4539 862 4599 hac
887 4548 1023 4617 aetate,
1049 4538 1213 4600 eruendis
1237 4541 1471 4601 monumentis

266 4731 285 4792 ¹)
308 4735 420 4781 Docum.
440 4733 482 4792 63,
504 4734 546 4791 69,
567 4745 609 4796 71.
844 4730 865 4801 2)
885 4737 999 4787 Docum.
1019 4746 1060 4797 74,
1081 4736 1123 4792 80,
1144 4746 1187 4795 93,
1207 4748 1240 4798 o4
1260 4743 1309 4787 etc.

264 4809 286 4879 ³)
307 4815 418 4861 Docum.
442 4825 500 4875 107.
844 4813 866 4881 ⁴)
886 4817 999 4868 Docum.
1024 4828 1080 4877 129.

264 4894 284 4961 ⁵)
304 4895 416 4944 Docum.
440 4905 496 4961 154.
