3559 5734
1709 542 1827 597 0-<23
1903 538 2204 596 4545*

681 689 809 753 cilo
861 698 1009 769 est,
1081 691 1270 770 quod
1326 709 1582 750 omnes
1637 688 1900 770 passim
1949 700 2206 769 parent
2277 694 2349 749 et
2411 690 2900 769 obsequuntur
2970 688 3059 749 ad
3104 690 3235 751 has

677 797 962 877 rapinas
989 796 1550 877 committendas,
1580 795 1773 858 nulla
1807 794 1877 855 in
1906 793 2077 876 ipsis
2102 793 2174 855 vi
2200 793 2417 874 illata,
2447 815 2577 858 nec
2611 794 2982 858 coactione
3014 794 3232 869 facta;

677 925 817 985 quo
877 901 973 981 fit,
1023 912 1099 966 ut
1147 902 1552 985 superiores
1602 911 1672 965 et
1720 901 1986 963 domini
2033 900 2424 963 remedium
2471 911 2796 983 prestare
2859 912 3235 984 nequeant,

677 1009 733 1069 si
785 1011 1069 1089 quidem
1133 1008 1396 1072 subditi
1458 1029 1586 1090 per
1650 1028 1829 1090 quos
1886 1007 2217 1070 resistere
2275 1007 2573 1089 quisque
2631 1008 2965 1091 deberet,
3031 1008 3239 1091 primi

677 1129 921 1177 contra
982 1115 1304 1180 dominos
1361 1115 1769 1196 insurgunt,
1847 1114 1968 1195 qui
2028 1114 2128 1176 sic
2196 1135 2236 1175 a
2299 1114 2443 1177 suis
2510 1114 2865 1197 destituti,
2925 1116 3065 1180 alio
3122 1117 3237 1181 mi-

677 1245 885 1305 grare
944 1224 1492 1306 compelluntur:
1560 1223 1695 1284 hoc
1765 1220 1845 1283 fit
1906 1229 1983 1283 ut
2028 1241 2261 1302 neque
2311 1242 2421 1284 me
2469 1222 2640 1284 satis
2686 1231 2912 1286 tutum
2961 1244 3118 1286 esse
3166 1224 3237 1288 in

681 1333 1015 1393 'l'ridento
1076 1329 1504 1412 putaverim,
1572 1329 1697 1392 sed
1765 1328 1979 1390 ilhinc
2067 1328 2473 1391 abeundum
2559 1329 2919 1409 duxerim,
2984 1351 3235 1412 meque

677 1437 745 1501 in
797 1441 979 1501 hanc
1046 1458 1280 1501 arcem
1342 1436 1588 1519 Rippe
1639 1436 2068 1517 receperim,
2129 1436 2247 1498 ubi
2318 1437 2534 1517 paulo
2605 1436 2921 1500 securius
2991 1437 3238 1500 vivere

681 1545 841 1605 mihi
897 1544 1145 1607 videor
1190 1552 1262 1607 et
1307 1562 1528 1625 agere
1574 1563 1809 1625 posse.
2053 1535 2080 1554 ²

861 1652 1162 1714 Accedit
1214 1651 1354 1732 his,
1406 1651 1596 1732 quod
1645 1649 1782 1712 iam
1832 1670 1973 1712 non
2023 1648 2197 1712 nulli
2246 1670 2338 1712 ex
2399 1650 2803 1713 hominibus
2851 1650 3233 1734 Episcopa-

681 1773 791 1821 tus
841 1757 975 1821 mei
1035 1758 1225 1821 dicto
1294 1760 1545 1820 horum
1605 1754 1977 1819 audientes
2048 1764 2212 1818 sunt
2274 1766 2344 1818 et
2410 1755 2529 1818 alii
2599 1757 2691 1819 ad
2763 1757 3238 1821 defectionem

681 1865 1163 1931 sollicitantur.
1246 1863 1324 1927 Si
1366 1863 1522 1947 quis
1553 1863 1794 1946 itaque
1827 1864 1959 1926 hos
2007 1883 2431 1945 progressus
2481 1862 2892 1946 diligentius
2923 1863 3097 1928 velit
3145 1864 3237 1927 in·

681 1973 881 2049 tueri,
946 1981 1018 2035 et
1084 1971 1280 2034 initia
1327 1971 1482 2054 ipsa
1530 1970 2002 2053 perscrutari,
2064 1981 2133 2033 et
2181 1991 2357 2052 quas
2403 1969 2594 2034 vires
2643 1971 3015 2053 conquirat
3060 1974 3239 2036 haec

685 2081 938 2141 seditio
987 2098 1224 2141 secum
1272 2077 1507 2141 animo
1564 2080 1899 2158 volvere,
1975 2078 2184 2141 fateri
2248 2098 2540 2141 necesse
2588 2087 2732 2158 est,
2800 2088 2872 2142 et
2938 2079 3239 2143 maxime

689 2185 1069 2247 verendum
1120 2205 1209 2247 ne
1268 2185 1483 2268 (quod
1535 2180 1748 2267 absit)
1797 2205 2020 2267 usque
2069 2184 2139 2247 in
2196 2185 2423 2267 ipsam
2471 2185 2745 2248 Italiam
2783 2195 3241 2268 pervagetur,

685 2305 753 2353 et
801 2293 999 2353 labes
1047 2293 1180 2354 hec
1228 2292 1647 2355 universalis
1698 2313 1856 2355 esse
1904 2292 2194 2373 feratur,
2240 2293 2309 2355 id
2342 2293 2534 2375 quod
2562 2292 2874 2356 futurum
2907 2293 3238 2357 Vestram

685 2401 1152 2462 Sanctitatem
1223 2400 1605 2481 aliquando
1672 2398 1846 2462 meis
1909 2399 2273 2479 admonui,
2343 2410 2414 2462 et
2476 2400 2569 2462 ad
2615 2400 2792 2462 alios
2858 2401 3239 2482 plerosque

685 2505 955 2585 scripsi.
1050 2506 1250 2569 Haec
1301 2506 1493 2568 volui
1542 2505 1846 2568 Vestrae
1899 2505 2332 2569 Beatitudini
2394 2526 2769 2570 recensere
2827 2516 2901 2569 ut
2967 2508 3027 2570 si
3101 2528 3238 2589 quo

685 2613 893 2673 modo
970 2621 1209 2695 potest
1279 2616 1492 2675 rebus
1555 2613 1960 2675 labentibus
2021 2633 2468 2693 succurrere,
2541 2613 2612 2676 id
2680 2634 2811 2697 pro
2882 2634 3013 2677 sua
3080 2634 3240 2697 pru·

689 2721 929 2781 [letitia
973 2718 1214 2782 facere
1265 2720 1618 2804 dignetur,
1669 2720 1780 2783 cui
1828 2741 1939 2783 me
1987 2720 2373 2785 humillime
2422 2722 2861 2786 commendO.

869 2845 975 2906 Ex
1025 2844 1217 2907 Arce.
1265 2844 1512 2927 Rippe
1572 2848 1668 2908 18.
1715 2844 1863 2907 Mai
1922 2864 2109 2923 1525.

865 2973 983 3031 Me
1040 2979 1274 3032 autem
1322 2969 1392 3032 in
1444 2968 1682 3050 specie
1732 2969 2182 3051 persequitur
2227 2968 2340 3032 hic
2389 2968 2608 3051 furor,
2657 2972 2847 3052 quod
2894 2992 3023 3033 suo
3073 2984 3237 3034 tem·

685 3097 861 3157 pore
913 3076 1215 3139 Vestrae
1264 3075 1700 3138 Beatitudini
1749 3076 2124 3138 constabit.

869 3185 941 3245 E..
993 3182 1299 3245 Vestrae
1358 3181 1851 3246 Beatitudinis.

2329 3293 2491 3339 Hum.
2530 3290 2780 3339 Creatura

2214 3377 2273 3439 B.
2310 3377 2498 3451 xmae.
2536 3376 2919 3440 melonum.

1762 3522 2024 3535 Wax-
2051 3524 2148 3534 zuar«
2163 3527 2171 3533 .

1273 3831 1592 3912 Clemens
1647 3832 1804 3911 VH.
1862 3717 2250 3914 ἆ42113111111111
2304 3834 2659 3915 Austriae.

1216 3980 1467 4055 (Epistol.
1504 3980 1578 4039 ad
1613 3980 1896 4055 Principes
1932 3998 2032 4056 per
2069 3981 2396 4041 sadoletum
2430 3982 2522 4041 fol.
2558 3984 2691 4056 148.)

1716 4089 1824 4161 (19.
1865 4092 1996 4142 Maii
2041 4090 2212 4160 1525.)

869 4215 1142 4280 I]ilecte
1190 4215 1344 4281 Fili.
1458 4215 1631 4279 Cum
1702 4216 2004 4300 primum
2087 4218 2177 4279 ad
2240 4237 2369 4280 nos
2427 4217 2564 4280 fuit
2628 4219 2915 4282 allatum
2989 4219 3079 4282 de
3143 4219 3243 4283 eis

689 4323 1099 4386 tumultibus
1146 4322 1266 4406 qui
1325 4343 1455 4404 per
1502 4326 1887 4405 populares
1959 4335 2029 4386 et
2087 4323 2386 4387 rusticos
2447 4324 2516 4387 in
2568 4324 2951 4389 Germania
3017 4328 3242 4390 conci·

686 4429 813 4493 tati
865 4428 1170 4493 omnium
1234 4428 1537 4493 fortunis
1609 4440 1678 4493 et
1727 4429 2195 4512 dignitatibus
2244 4431 2710 4510 minarentur,
2783 4431 2916 4495 etsi
2960 4453 3076 4496 res
3124 4434 3245 4497 illa

689 4537 893 4599 nobis
960 4535 1204 4597 auditu
1268 4535 1401 4598 fuit
1467 4536 1995 4611 molestissima,
2064 4537 2182 4619 qui
2245 4538 2871 4602 innumerabilibus
2928 4540 3115 4603 curis
3174 4554 3250 4604 et-

685 4642 1032 4725 angustiis
1091 4642 1535 4706 circumsessi
1585 4644 1677 4706 ad
1726 4664 1970 4707 omnes
2019 4643 2140 4706 vix
2189 4646 2424 4708 animo
2473 4645 2801 4709 sufficere
2848 4666 3245 4730 possumus,

685 4765 917 4813 tamen
954 4769 1237 4831 semper
1270 4751 1710 4831 speravimus
1744 4750 2183 4813 nobilitatem
2234 4761 2425 4815 tuam
2473 4773 2599 4815 sua
2647 4753 2953 4833 quadam
3002 4755 3241 4818 dexte-

685 4857 893 4921 ritate
940 4865 1014 4919 et
1059 4857 1440 4940 prudentia
1486 4876 1627 4920 non
1679 4855 2064 4922 difficiliter
2112 4857 2250 4919 illis
2289 4858 2624 4940 periculis
2672 4880 3124 4926 occursuram
3172 4870 3241 4927 et
