3559 5734
890 898 966 964 233.

747 1013 919 1094 Roianus
948 1012 1119 1095 Sadoleio.

736 1159 853 1228 (Venor.
874 1161 911 1219 ad
928 1161 1011 1220 diem.
1029 1163 1066 1220 11.
1084 1163 1132 1229 51.)

802 1281 854 1344 (ra
874 1281 941 1346 Julii
965 1281 1051 1350 1525.)

377 1422 418 1484 El
445 1420 550 1485 Sermo
574 1421 740 1504 Principe
764 1424 879 1485 havea
900 1424 1097 1487 deliberato
1121 1425 1234 1507 partir
1258 1425 1303 1486 de
1320 1423 1379 1505 qui
1396 1424 1443 1485 ali
1459 1422 1569 1485 XVII

289 1539 324 1591 et
348 1530 462 1591 andar
486 1550 506 1590 a
532 1528 709 1610 Coupnier
732 1549 798 1611 per
822 1531 994 1593 accordar
1023 1530 1046 1593 Ii
1071 1532 1209 1593 tumulti
1234 1532 1279 1594 de
1304 1531 1480 1611 Algovia;
1514 1551 1570 1591 ma

289 1638 324 1698 Ia
355 1636 445 1718 Liga
475 1638 520 1698 de
556 1635 688 1699 Suevia
719 1637 883 1700 havendo
909 1637 969 1718 pii1
1001 1640 1096 1700 volte
1127 1638 1217 1700 fatto
1247 1637 1412 1700 intendet
1443 1658 1465 1700 a
1498 1635 1571 1698 Sua

291 1744 383 1805 Serti
409 1745 474 1805 che
499 1764 564 1825 per
588 1756 693 1805 conto
719 1746 846 1806 alcuno
876 1765 947 1807 non
982 1747 1133 1807 voleano
1167 1746 1339 1823 accordo,
1372 1744 1451 1806 anzi
1475 1745 1570 1805 vole·

290 1871 383 1912 vano
408 1851 563 1932 castigas
587 1851 610 1912 Ii
634 1850 765 1932 prefati
791 1851 1000 1932 Algoviensi
1025 1872 1103 1914 cum
1127 1855 1160 1914 le
1184 1872 1296 1930 anne,
1329 1851 1571 1914 ultimamente

292 1957 452 2039 partirno
478 1959 524 2018 da
548 1957 653 2019 Ulma
678 1969 729 2038 et,
763 1957 961 2020 simulando
998 1960 1110 2022 andar
1144 1959 1178 2021 in
1204 1978 1369 2021 soccorso
1398 1960 1443 2020 de
1476 1957 1569 2018 Salz·

290 2065 413 2144 purch,
431 2065 596 2126 voltorno
621 2085 641 2125 a
665 2067 699 2126 Ia
723 2065 822 2127 volta
845 2065 880 2126 di
906 2064 1056 2147 Chempt
1081 2065 1163 2127 etii
1188 2086 1209 2127 a
1233 2086 1303 2127 una
1327 2067 1408 2144 lega
1433 2085 1471 2126 se
1492 2065 1571 2127 dice

294 2170 449 2232 habiano
481 2170 582 2232 morti
616 2170 662 2232 da
692 2170 779 2232 VIII
804 2172 886 2234 mile
919 2171 1057 2251 villani,
1089 2175 1124 2234 la
1151 2173 1232 2253 qual
1269 2192 1372 2233 cossa
1403 2173 1450 2233 ha
1475 2171 1570 2233 facto

290 2278 503 2359 sopraseder
526 2278 561 2339 la
585 2276 716 2358 partita
742 2278 799 2340 del
824 2278 1000 2360 Principe.
1050 2279 1121 2340 Pur
1137 2278 1283 2341 intendo
1308 2279 1373 2340 che
1388 2297 1453 2339 sua
1476 2276 1568 2340 Ser*

290 2384 337 2446 ha
360 2383 527 2446 mandato
553 2384 598 2445 da
622 2383 646 2445 li
670 2383 801 2464 prefati
832 2386 877 2446 de
911 2386 945 2446 Ia
974 2384 1064 2465 Liga
1094 2406 1116 2447 a
1146 2386 1286 2448 dolerse
1319 2386 1385 2447 che
1414 2383 1569 2447 habiano

290 2492 459 2552 assaliato
492 2492 536 2552 de
565 2491 672 2571 quelli
697 2490 818 2553 villani
850 2491 919 2554 ali
944 2492 1052 2572 qualli
1075 2493 1215 2554 haveva
1238 2511 1421 2574 promesso
1447 2494 1492 2553 de
1517 2510 1568 2554 ac·

290 2596 443 2659 cordarli
468 2605 503 2659 et
528 2597 572 2659 ad
597 2597 791 2660 exhortarli
816 2598 851 2659 di
876 2617 971 2660 novo
995 2618 1017 2659 a
1040 2619 1130 2680 pace
1154 2609 1190 2660 et
1214 2598 1425 2679 concordia,
1451 2609 1486 2660 et
1510 2617 1566 2660 ve·

291 2714 376 2766 nuta
400 2706 435 2766 la
459 2714 622 2786 resposta
646 2725 684 2767 se
708 2725 814 2786 spera
838 2707 904 2767 che
928 2705 983 2767 fra
1006 2705 1059 2767 VI
1082 2705 1199 2787 giorni
1223 2704 1297 2768 Sua
1320 2703 1415 2768 Sera
1438 2705 1568 2768 andere

292 2832 314 2873 a
344 2813 565 2892 parlamento
597 2830 675 2873 cum
706 2811 814 2893 quelli
843 2813 888 2874 de
916 2813 951 2874 la
982 2811 1072 2894 Liga
1096 2822 1131 2875 et
1155 2813 1199 2874 de
1233 2809 1257 2875 ii
1287 2812 1347 2894 poi
1376 2833 1414 2875 se
1438 2832 1483 2874 ne
1508 2832 1564 2874 an·

292 2920 378 2982 dara
402 2920 436 2983 in
463 2918 618 3000 Austria,
643 2930 679 2982 et
702 2939 740 2981 se
765 2939 834 2981 non
851 2920 986 2981 andara
1002 2920 1048 2981 da
1065 2918 1172 3000 quelli
1197 2919 1293 2982 dela
1308 2919 1409 3001 Liga,
1434 2918 1567 2981 andara

292 3029 336 3090 de
361 3031 419 3109 qui
445 3027 489 3089 de
513 3029 622 3106 longo
646 3026 682 3088 in
706 3024 863 3091 Austria.
911 3026 961 3088 Le
985 3045 1087 3088 cosse
1118 3026 1162 3088 de
1187 3027 1382 3108 Salzpurch
1407 3037 1509 3088 stano
1533 3024 1568 3086 in

291 3134 455 3216 maggior
478 3133 657 3196 discordia
681 3134 746 3195 che
771 3134 851 3214 mai,
875 3135 918 3196 nd
942 3135 1072 3197 voleno
1096 3132 1131 3195 in
1171 3136 1274 3196 alcun
1302 3144 1407 3195 conto
1440 3133 1465 3194 il
1490 3132 1568 3195 Car·

292 3242 420 3304 dinale.
467 3239 515 3304 Se
548 3241 644 3321 dice,
678 3261 734 3302 ma
764 3240 824 3322 gia
856 3260 926 3302 non
957 3243 1031 3302 scio
1064 3259 1129 3322 per
1153 3252 1262 3321 certo,
1292 3242 1358 3303 che
1386 3239 1434 3302 lui
1463 3239 1570 3301 habia

291 3357 479 3429 acceptato
503 3347 539 3409 in
564 3346 748 3410 coadiutor
775 3346 800 3409 il
824 3367 979 3410 vescovo
1005 3347 1049 3422 de
1073 3347 1223 3409 Patavia
1246 3367 1311 3429 per
1326 3346 1458 3410 volersi
1474 3347 1567 3410 adiu-

291 3465 448 3518 tarcum
473 3456 506 3517 el
530 3453 655 3517 favore
680 3454 723 3516 de
748 3453 771 3515 li
795 3452 927 3517 fratelli
951 3455 1009 3516 del
1032 3454 1135 3516 Duca
1160 3453 1194 3515 di
1221 3454 1384 3516 Baviera.

380 3561 432 3623 La
443 3560 551 3623 Dieta
574 3563 619 3624 de
644 3560 798 3642 quinon
824 3561 842 3624 ἐ
867 3563 1001 3625 anchor
1025 3563 1210 3634 conclusa3
1247 3562 1276 3623 si
1301 3582 1406 3643 spera
1439 3561 1475 3623 di
1500 3564 1570 3624 ben

291 3689 347 3731 ma
371 3688 441 3731 non
467 3668 541 3731 scio
566 3670 631 3731 che
655 3670 725 3730 ben
749 3666 870 3751 possia
894 3688 1040 3751 sperare
1064 3669 1228 3731 vedendo
1253 3668 1276 3730 il
1301 3688 1486 3731 commune
1511 3669 1569 3731 de·

291 3777 441 3858 syderar
473 3776 552 3837 chel
585 3775 637 3837 sia
671 3776 790 3837 levato
815 3777 931 3839 almen
956 3776 979 3838 il
1004 3777 1199 3857 temporale
1224 3776 1292 3837 ali
1317 3774 1570 3854 EcclesIastici²

291 3882 336 3945 ne
361 3884 390 3943 si
420 3883 481 3964 pol
507 3881 561 3944 dir
593 3902 689 3944 esser
720 3883 810 3943 altro
844 3883 910 3944 che
935 3882 956 3945 'l
986 3882 1168 3964 Principe,
1202 3884 1284 3963 qual
1314 3903 1391 3944 cum
1422 3892 1515 3944 tutto
1546 3883 1569 3944 il

291 4010 374 4053 core
399 3989 423 4051 li
448 3989 611 4052 defende.

381 4097 469 4159 Heri
493 4118 573 4160 sera
597 4117 688 4159 vene
712 4099 838 4160 lettere
863 4099 897 4158 al
922 4097 1087 4178 Principe
1119 4098 1164 4159 de
1196 4098 1230 4157 la
1261 4096 1416 4159 Cesarea
1432 4095 1569 4158 Maesti

291 4205 336 4265 de
362 4203 453 4266 XIV
478 4205 536 4266 del
560 4217 704 4286 passato
729 4223 794 4285 per
822 4206 855 4265 le
889 4205 1007 4284 quelle
1041 4204 1141 4265 avisa
1170 4205 1280 4265 havet
1309 4203 1507 4266 deliberata
1536 4203 1571 4264 la

292 4319 423 4373 venuta
446 4310 481 4372 in
505 4311 716 4392 Alemagna.
764 4310 802 4372 In
822 4311 1026 4393 HInspruch
1042 4310 1098 4373 die
1114 4309 1251 4372 XVIII.
1267 4309 1349 4389 Juiii
1367 4309 1569 4371 MDXXV.

837 4612 928 4623 m
935 4615 1035 4624 mame-⁵·-
