3559 5734
667 588 914 645 ο·<348ί3ἱ>-ο

152 740 219 803 tior
243 760 338 819 sum,
374 759 477 821 quam
505 757 660 819 unquam
696 756 816 807 eorum
847 734 1020 816 perfidiae
1052 737 1296 817 subscribere,
1328 735 1431 799 sicuti

152 846 469 910 Reverendissimo
514 844 664 907 Domino
708 840 887 906 Cardinali
931 841 1125 923 Campegio
1163 843 1198 906 in
1243 843 1431 926 Hungaria

153 952 360 1017 Sanctitatis
384 952 537 1015 Vestrae
561 951 712 1032 Legat0,
737 950 781 1011 de
805 948 933 1028 studio,
958 948 1144 1029 diligentia
1168 959 1203 1013 et
1218 970 1328 1032 opera
1352 972 1431 1014 mea

152 1063 216 1123 hoc
241 1059 278 1122 in
294 1058 446 1140 negocio
462 1057 639 1135 adhibitis,
662 1056 773 1119 lacius
798 1064 954 1128 constat;
980 1056 1140 1138 supplico
1158 1057 1278 1137 itaque
1295 1056 1429 1120 Sancti-

152 1168 216 1229 tati
229 1166 392 1247 Vestrae,
413 1175 545 1247 quanta
558 1184 699 1246 possum
711 1162 919 1241 humilitate,
934 1160 1110 1226 Sanctitas
1120 1162 1250 1226 Vestra
1263 1164 1430 1246 dignetur

153 1276 294 1337 tandem
319 1272 483 1336 clementi
509 1282 680 1353 paternae
704 1269 848 1352 pietatis
873 1271 976 1332 oculo
1000 1271 1092 1332 hanc
1116 1271 1285 1334 diocesim
1306 1292 1431 1351 meam,

152 1381 257 1444 immo
282 1401 379 1442 suam
405 1379 610 1461 benigniter
633 1378 822 1459 respicere.
879 1376 968 1439 Nam
994 1397 1036 1440 eo
1061 1397 1118 1440 res
1142 1380 1298 1441 nondum
1322 1379 1430 1457 venit,

153 1499 189 1549 ut
214 1488 258 1549 de
275 1486 508 1549 restauranda
528 1485 702 1565 religione
728 1505 809 1566 spes
835 1483 948 1546 omnis
972 1486 1092 1546 ablata
1116 1485 1172 1565 sit,
1196 1484 1429 1567 racionesque

155 1603 373 1675 opportunas
397 1592 499 1655 huius
523 1593 662 1673 amplae
687 1590 868 1674 dyocesis,
894 1591 1080 1652 Romanae
1105 1588 1192 1654 Sedi
1224 1591 1431 1655 retinendae

155 1708 289 1761 mature
322 1699 411 1761 inire
442 1709 631 1780 antequam
664 1718 804 1760 errores
826 1697 875 1759 hii
899 1696 934 1760 in
959 1697 1074 1761 vicina
1094 1717 1207 1781 regna
1224 1699 1432 1781 Hungariae

156 1806 348 1869 Bohemiae
373 1806 544 1868 Poloniae
569 1817 603 1869 et
628 1816 769 1868 caetera
804 1813 950 1886 serpant
980 1808 1130 1886 posthac
1161 1826 1339 1887 nunquam
1374 1826 1431 1868 ex·

156 1913 352 1996 tinguendi.
401 1912 457 1978 Ob
481 1914 517 1975 id
542 1913 633 1976 enim
663 1911 866 1975 Sanctitatis
891 1912 1044 1976 Vestrae
1077 1932 1295 1995 magnopere
1328 1913 1432 1976 inter·

157 2041 233 2084 esse
265 2020 461 2100 videretur,
493 2041 598 2101 quam
628 2020 778 2102 primum
810 2019 890 2081 huic
924 2021 1016 2082 malo
1050 2021 1130 2082 dum
1160 2040 1285 2082 recens
1317 2021 1432 2082 adhuc

157 2137 208 2190 est
233 2127 376 2191 obviam
399 2128 461 2190 ire.
508 2127 549 2188 Id
574 2127 668 2207 quod
692 2147 757 2208 pro
783 2125 905 2189 debito
921 2147 1001 2188 meo
1017 2125 1250 2189 Sanctitatem
1268 2127 1432 2190 Vestram

157 2234 281 2298 iterum
311 2234 470 2298 officiose
502 2234 597 2297 nolui
629 2236 756 2297 celare.
810 2232 1000 2296 Sanctitati
1028 2233 1180 2297 Vestrae
1213 2234 1361 2315 perinde
1395 2255 1436 2297 ac

157 2342 428 2405 clementissimo
445 2341 599 2404 Domino
623 2361 701 2403 meo
727 2361 781 2403 me
806 2339 1070 2403 devotissimam
1095 2340 1276 2404 euiusdem
1301 2352 1435 2404 creatu·

156 2469 228 2511 ram
252 2449 445 2512 humillime
470 2450 688 2511 commendo,

243 2557 325 2620 Dat.
351 2555 559 2619 Otmuchaw
584 2556 641 2617 die
665 2554 849 2635 Vigesima
877 2564 1006 2617 octava
1039 2556 1172 2619 Mensis
1202 2555 1297 2635 Junii
1328 2556 1436 2618 Anno

156 2664 297 2726 Domini
321 2663 522 2726 MDXXV.

244 2771 410 2833 Eiusdem
436 2768 643 2833 Sanctitatis
667 2769 829 2831 Vestrae.

954 2877 1132 2925 Devotissima
1150 2877 1276 2926 Crentura

828 2963 948 3026 120th
970 2971 1116 3035 Episcopus
1137 2971 1359 3021 Vrafislaviensis.

697 3128 783 3139 Α’ἉΛΝ.»
801 3129 890 3140 ovas-,mm

756 3325 832 3390 226.

412 3441 606 3543 Episcopus
635 3440 865 3521 Tridentinus
894 3442 1065 3522 clementi
1093 3443 1171 3525 VII.

610 3588 710 3662 <rpus
729 3588 887 3647 11111111
906 3589 976 3660 iss)

669 3707 706 3776 (1·
725 3709 791 3773 Julii
814 3709 901 3771 1525.)

243 3833 422 3896 Sanctitas
451 3833 581 3895 Vestra
618 3833 740 3895 debuit
773 3833 840 3895 iam
879 3833 1062 3915 accepisse
1098 3834 1292 3897 cuiusmodi
1324 3834 1432 3898 fuerit

154 3961 363 4023 responsum
388 3941 483 4021 quod
508 3939 762 4002 Serenissimus
786 3940 955 4023 princeps
981 3942 1176 4004 declaravit
1200 3940 1432 4024 popularibus

153 4048 256 4110 huius
280 4047 474 4111 Comitatus
498 4068 605 4128 super
629 4047 796 4129 querellis
821 4057 856 4109 et
879 4046 1116 4128 peticionibus
1140 4049 1344 4128 eorundem,
1360 4068 1430 4130 quo

154 4155 296 4237 quidem
321 4156 427 4237 plane
453 4154 624 4235 colligere
649 4154 731 4216 licet
755 4173 834 4216 eum
868 4175 947 4217 esse
971 4175 1075 4236 quem
1110 4165 1251 4219 vestrae
1276 4155 1431 4220 Beatitu-

153 4262 226 4325 dini
251 4261 394 4344 saepius
418 4270 567 4323 testatus
591 4280 666 4323 sum
691 4260 887 4342 principem
912 4261 1116 4343 religiosum
1146 4264 1273 4326 iustum
1307 4273 1343 4325 et
1372 4264 1431 4325 ho·

153 4380 290 4434 nestum
315 4370 416 4432 simul
442 4379 476 4431 et
500 4371 711 4431 catholicum
735 4370 868 4432 ordinis
902 4381 937 4432 et
961 4370 1145 4451 dignitatis
1168 4370 1431 4433 ecclesiasticae

154 4476 390 4540 defensorem.
438 4477 477 4539 In
503 4496 573 4558 quo
597 4476 748 4557 negocio
765 4475 932 4557 quicquid
956 4496 1025 4559 ego
1042 4477 1185 4540 fecerim
1211 4477 1342 4558 quidve
1365 4497 1431 4559 pro

151 4584 245 4646 virili
269 4604 348 4646 mea
371 4583 490 4647 facere
515 4584 708 4663 contendo,
732 4603 856 4666 parum
888 4583 1054 4646 convenit
1083 4585 1237 4666 quodid
1271 4584 1350 4665 ipsa
1385 4604 1431 4647 ex

150 4712 207 4754 me
233 4701 439 4773 cognoscat,
463 4691 551 4754 alios
576 4712 680 4772 quam
704 4711 759 4754 me
784 4692 957 4754 relatores
980 4693 1144 4756 habitura

240 4797 296 4859 Ex
320 4797 490 4862 Tridento
520 4819 545 4864 1.
569 4797 652 4878 Julii
682 4819 774 4877 1525.

692 4975 897 4987 ⁷1³*me
