3559 5734
874 834 918 898 84

663 948 747 1030 Leo
780 950 822 1031 Χ.
860 886 1025 1032 Gaiolo
1062 948 1137 1050 Ψ)

732 1088 829 1160 muno.
848 1086 939 1148 dem.
958 1090 989 1148 11·
1007 1090 1059 1162 tt)

677 1197 754 1267 (Cum
774 1199 869 1248 litteris
893 1213 931 1265 14.
952 1201 1016 1250 Maii
1040 1202 1126 1263 1521.)

348 1341 546 1404 Carissime.
595 1340 681 1404 Cum
706 1342 740 1403 in
765 1343 831 1404 hac
849 1341 1046 1405 catholicae
1062 1341 1145 1406 fidei
1170 1364 1277 1407 causa
1301 1354 1337 1408 te
1360 1346 1538 1420 advocato

259 1450 362 1512 huius
387 1447 542 1512 Sanctae
567 1446 672 1511 Sedis
696 1449 867 1511 adversus
891 1449 1017 1529 impias
1042 1449 1229 1531 opiniones
1253 1472 1425 1515 novorum
1456 1455 1536 1516 hae-

257 1559 445 1622 reticorum
470 1577 512 1619 ac
538 1555 645 1619 filiurn
669 1555 862 1638 praecipue
877 1556 1073 1639 iniquitatis
1089 1557 1279 1622 Martinurn
1299 1559 1538 1642 defendenda,

257 1686 301 1729 ea
325 1672 597 1746 expectaremus
622 1664 666 1725 de
690 1674 772 1726 tuae
796 1662 994 1726 Maiestatis
1018 1665 1134 1728 animo
1159 1675 1266 1747 atque
1290 1666 1414 1729 iuditio
1445 1688 1538 1749 quae

258 1774 303 1835 de
326 1770 480 1835 maximo
504 1769 666 1852 principe
691 1781 726 1831 et
758 1770 1063 1851 praestantissimo
1095 1769 1249 1835 Caesare
1280 1783 1448 1855 poterant
1478 1796 1537 1838 ex-

257 1879 405 1962 pectari,
429 1864 717 1940 fatebimur'tum
740 1897 873 1956 verum,
898 1879 1006 1959 longe
1037 1859 1122 1940 vicit
1144 1878 1257 1940 virtus
1288 1889 1348 1942 tua
1380 1891 1537 1943 nostram

257 1984 553 2070 expectationem.
601 1985 655 2047 Ita
678 1984 771 2046 enim
795 1985 841 2046 ad
865 2005 931 2047 nos
955 1985 1107 2048 omniurn
1132 1986 1309 2048 constanti
1337 2008 1426 2050 voce
1459 2008 1536 2069 per·

256 2097 364 2157 latum
390 2101 444 2155 est
467 2102 601 2155 tantam
625 2090 660 2152 in
687 2103 721 2153 te
745 2092 969 2173 gravitatem,
993 2103 1065 2154 tam
1088 2092 1333 2156 admirabilem
1348 2093 1537 2177 insignem-

256 2222 325 2284 que
340 2200 561 2282 sapientiam,
585 2208 721 2262 tantum
737 2198 772 2260 in
788 2208 824 2260 te
842 2198 1003 2262 extitisse
1019 2201 1218 2261 servandae
1233 2211 1268 2262 et
1281 2200 1537 2264 custodiendae

258 2309 333 2373 eius
366 2327 471 2390 quam
511 2328 533 2368 a
569 2306 648 2368 Deo
687 2318 722 2369 et
759 2306 921 2387 patribus
954 2306 1083 2369 nostris
1119 2307 1320 2389 accepimus
1353 2307 1537 2390 religionis

256 2415 420 2495 studium,
443 2424 482 2476 ut
506 2413 667 2476 omnibus
691 2413 879 2476 manifesto
904 2414 1120 2496 apparuerit,
1145 2414 1259 2478 Deum
1283 2414 1347 2477 tibi
1372 2414 1536 2478 comitem

256 2534 292 2586 et
315 2522 383 2586 Dei
408 2521 568 2603 spiritum
591 2523 661 2584 tuis
684 2520 826 2602 optimis
850 2520 1006 2583 consiliis
1022 2519 1174 2583 affuisse.
1222 2520 1299 2584 Res
1322 2520 1431 2603 igitur
1454 2531 1537 2584 acta

255 2650 383 2713 perse
408 2627 570 2691 omnibus
594 2627 745 2690 saeculis
769 2627 1007 2690 memorabilis
1032 2629 1232 2710 exemplum
1256 2629 1427 2701 salutare;
1458 2650 1535 2691 cae·

255 2747 352 2800 teros
376 2735 468 2798 enim
493 2736 668 2798 cernimus
701 2734 948 2818 auctoritatem
980 2745 1075 2798 tuam
1109 2735 1143 2798 in
1178 2737 1380 2798 damnanda
1407 2735 1537 2818 perfidi

159 2927 163 2932 .
255 2843 405 2906 hominis
428 2842 649 2905 contumacia
674 2840 779 2904 facile
803 2841 984 2923 secut0s2).
1033 2842 1126 2923 Quid
1151 2844 1276 2906 modus
1297 2852 1358 2905 aut
1382 2864 1536 2925 quonam

255 2951 344 3013 haec
368 2970 390 3011 a
422 2959 458 3010 te
482 2949 599 3011 studio
632 2958 735 3030 gesta
766 2950 864 3010 sunt!
912 2947 1012 3029 Quae
1045 2949 1254 3030 magnitudo
1287 2949 1409 3028 animi,
1442 2972 1536 3034 quae

254 3055 465 3135 constantia,
490 3055 685 3117 cuiusmodi
710 3075 797 3137 erga
814 3056 929 3118 Deum
953 3056 1069 3137 pietas
1087 3056 1195 3137 digna
1219 3055 1361 3138 quidem
1379 3057 1536 3121 Caesare

255 3165 318 3227 sed
347 3183 482 3226 summo
513 3172 549 3224 et
582 3161 715 3243 optimo
750 3161 921 3224 Caesare!
969 3162 1122 3225 Domine
1155 3164 1291 3225 salvum
1321 3164 1378 3226 iac
1411 3185 1534 3247 regem

253 3272 346 3336 hunc
372 3280 407 3333 et
431 3268 558 3332 exaudi
583 3289 648 3332 nos
672 3269 706 3331 in
730 3268 788 3331 die
812 3288 883 3350 qua
906 3268 1111 3332 invocamus
1134 3290 1183 3333 se.
1221 3269 1314 3351 Quid
1338 3272 1433 3353 quod
1458 3282 1536 3336 tute

254 3379 435 3440 decretum
460 3386 556 3437 tuum
573 3373 816 3456 conscripsisti
842 3375 924 3437 altis
940 3375 1010 3438 illis
1034 3385 1069 3438 et
1084 3375 1281 3458 magnificis
1296 3376 1416 3439 verbis
1431 3398 1535 3442 exor-

254 3504 331 3546 sus:
363 3483 522 3564 „Decere
546 3491 581 3545 te
606 3503 652 3544 ex
677 3482 836 3562 ducibus,
862 3470 1126 3563 archiducibusp
1145 3484 1292 3566 regibus
1315 3484 1535 3566 imperatori·

253 3594 391 3671 busque
415 3588 601 3652 oriundum
625 3588 752 3652 similia
777 3588 845 3652 illis
869 3589 903 3652 in
930 3589 997 3652 Dei
1022 3588 1274 3671 omnipotentis
1303 3592 1473 3654 honorem
1498 3603 1536 3655 et

253 3697 336 3760 fidei
361 3718 445 3759 suae
470 3705 616 3759 sanctae
640 3698 788 3760 salutem
824 3717 935 3779 agere
966 3717 1032 3759 nec
1066 3695 1257 3759 maioribus
1287 3696 1357 3760 tuis
1385 3698 1532 3760 deesse“

254 3815 320 3868 etc.
345 3806 413 3866 hoc
438 3823 508 3865 non
533 3813 587 3865 est
611 3824 690 3866 esse
721 3802 869 3867 similem
903 3805 965 3866 sed
998 3806 1105 3884 longe
1136 3803 1266 3865 virtute
1298 3805 1534 3878 antecedere3

253 3932 324 3974 non
349 3911 441 3973 enim
466 3910 536 3973 iam
561 3922 595 3971 te
621 3931 666 3973 ex
691 3912 862 3974 maiorum
886 3920 1026 3974 tuorum
1052 3910 1226 3992 exemplis
1257 3911 1535 3992 cohortabimur,

252 4020 316 4081 sed
340 4020 429 4081 haec
464 4017 529 4079 erit
560 4017 667 4079 animi
702 4017 753 4079 tui
788 4027 824 4080 et
859 4018 1000 4081 virtutis
1036 4018 1226 4080 excelsitas
1261 4019 1296 4080 in
1332 4018 1533 4081 universam

254 4125 499 4208 posteritatem
524 4125 688 4187 omnibus
719 4124 940 4207 principibus
971 4126 1147 4207 exemplo.
1194 4125 1269 4188 Nos
1298 4125 1438 4207 quidem
1473 4125 1532 4206 qui

252 4251 346 4293 novo
378 4232 531 4312 quodam
567 4231 696 4293 amoris
728 4230 859 4295 affectu
895 4251 982 4313 erga
1014 4232 1237 4294 Maiestatem
1269 4243 1363 4294 tuam
1397 4232 1532 4295 incitati

252 4357 380 4416 sumus,
406 4338 642 4419 deprecantes
666 4338 730 4401 tibi
755 4340 852 4421 apud
877 4339 1154 4421 omnipotentem
1173 4340 1287 4402 Deum
1312 4340 1429 4401 omnia
1451 4359 1532 4421 pro·

252 4466 358 4526 spera
382 4455 417 4507 et
440 4445 547 4526 glori<
558 4466 607 4522 sa,
632 4446 767 4525 gratias
791 4446 855 4508 tibi
872 4445 1011 4526 agimus
1035 4467 1101 4527 pro
1118 4457 1179 4508 tuo
1197 4443 1316 4507 officia
1340 4455 1439 4507 tanto
1461 4465 1532 4508 non

251 4573 340 4634 quas
364 4554 543 4632 debemus,
569 4552 604 4613 id
630 4559 722 4614 enim
747 4562 801 4615 est
818 4552 1002 4633 infinitum,
1019 4554 1081 4616 sed
1099 4561 1250 4633 quantas
1267 4553 1383 4615 animo
1399 4572 1533 4633 capere

283 4768 306 4816 'i
323 4765 415 4813 Edidit
435 4767 572 4814 Laemmer
590 4767 635 4815 sed
656 4767 810 4817 incorrecte.

281 4843 303 4915 ²)
323 4845 412 4894 Verba
431 4847 567 4910 sequentia
585 4863 668 4911 usque
688 4848 721 4895 ad
740 4850 829 4895 decere
847 4855 872 4896 te
889 4853 939 4895 etc.
959 4849 1047 4898 omisit
1068 4850 1213 4912 Laemmer,
1233 4849 1322 4897 nescio
1342 4864 1395 4912 quo
1414 4849 1478 4903 sato.
