3559 5734
804 543 1048 608 somnes

287 713 350 763 suo
394 695 552 765 castelle.
625 692 687 762 Ma
730 709 959 781 quantunque
1006 698 1095 762 detti
1133 695 1273 763 tumulti
1311 697 1450 765 cessino
1494 717 1563 765 non

284 828 402 870 vanno
425 807 514 890 perd
537 809 571 871 le
596 827 679 870 cose
703 808 737 870 al
761 809 838 869 loro
872 807 981 869 dritto
1006 807 1152 885 camin0,
1177 809 1309 889 perche
1334 810 1442 890 quelli
1467 809 1563 871 Prin-

285 915 365 995 cipe
389 923 425 977 et
449 913 567 977 Nobili
592 914 707 976 tirano
731 922 823 975 tutto
857 934 878 975 a
911 916 987 976 loro
1016 913 1160 995 profitto
1191 936 1257 978 con
1292 937 1363 978 non
1387 937 1480 998 poca
1504 937 1563 998 op·

283 1020 468 1102 pressione
493 1022 551 1084 del
576 1024 689 1100 clere,
726 1030 762 1082 et
785 1019 914 1083 liberta
938 1020 1195 1101 ecclesiastica,
1225 1024 1317 1086 dove
1342 1025 1421 1086 serit
1445 1044 1563 1087 neces-

282 1127 376 1190 sario
400 1130 467 1190 che
482 1127 613 1190 Nostro
639 1126 792 1209 Signore
817 1149 883 1189 con
908 1127 1040 1191 Cesare
1064 1130 1265 1211 proveggia
1289 1131 1442 1209 omnino,
1468 1132 1563 1193 altri-

283 1235 392 1298 menti
415 1236 449 1297 io
474 1246 579 1314 teme,
604 1234 637 1297 in
663 1254 834 1316 processo
859 1234 894 1295 di
918 1244 1038 1316 tempo
1063 1256 1134 1297 non
1158 1238 1252 1299 vada
1275 1248 1406 1321 troppo
1431 1238 1563 1318 avanti,

282 1342 394 1405 etsie
423 1343 484 1425 poi
512 1342 593 1405 mal'
621 1342 786 1424 exempio
815 1343 884 1404 alle
916 1343 1005 1404 altre
1029 1342 1173 1405 Nationi
1198 1346 1242 1406 de
1272 1345 1462 1410 christiani.
1511 1343 1561 1407 So

282 1450 348 1512 che
373 1448 446 1512 Sua
470 1449 697 1512 Beatitudine
722 1450 868 1511 intende
893 1449 917 1510 il
941 1459 1049 1529 tutto,
1081 1459 1117 1512 et
1147 1471 1213 1532 per
1237 1453 1271 1513 la
1295 1473 1358 1513 sua
1381 1452 1503 1530 bentii,
1528 1465 1564 1513 et

281 1557 472 1638 prudentia
495 1577 566 1619 non
591 1556 615 1619 li
638 1557 829 1619 manchera
864 1557 898 1618 di
928 1559 1048 1620 buona
1080 1559 1295 1639 provisione.
1348 1560 1386 1620 ln
1421 1559 1563 1621 Vienna

281 1662 311 1724 si
335 1666 473 1726 attaccd
497 1663 522 1725 il
546 1663 650 1726 fuoco
675 1685 719 1726 ne
744 1665 779 1726 la
809 1664 1023 1744 munitione,
1058 1665 1137 1726 ete
1172 1666 1333 1728 bruciata
1367 1674 1460 1727 tutta
1495 1686 1561 1727 con

281 1770 376 1833 circa
399 1771 424 1832 il
447 1783 574 1852 quarto
599 1771 635 1832 di
660 1773 778 1852 quella
803 1772 900 1851 eiua,
924 1773 981 1833 nel
1007 1773 1111 1851 quale
1135 1772 1164 1833 si
1181 1773 1447 1853 comprendono
1463 1782 1561 1852 quat-

280 1887 335 1940 tro
360 1877 578 1942 Monasterii.
625 1877 680 1941 Ne
704 1882 738 1941 al
761 1887 929 1961 presente
954 1878 1000 1939 mi
1025 1897 1171 1941 occorre
1195 1880 1298 1958 altre,
1322 1899 1361 1940 se
1385 1899 1456 1940 non
1481 1898 1562 1958 sup·

278 1984 418 2065 plicarli
452 1984 498 2047 mi
533 1985 759 2048 raccomandi
796 1985 1026 2048 humilmente
1061 1985 1122 2047 alli
1158 1984 1359 2047 Santissimi
1393 1986 1490 2066 piedi
1524 1987 1560 2046 di

278 2089 410 2152 Nostro
434 2088 600 2172 Signore,
626 2103 660 2154 et
684 2112 706 2153 a
730 2112 768 2154 se
793 2101 917 2170 stessa,
942 2093 1009 2153 che
1025 2091 1093 2154 Dio
1118 2092 1198 2153 tutti
1216 2092 1310 2154 felici
1328 2093 1363 2154 vi
1384 2091 1560 2154 conservi.

368 2197 424 2259 Ex
448 2197 612 2260 Bononia
637 2198 696 2261 Vs
719 2199 873 2279 Augusti
898 2198 1100 2261 MDXXV.

366 2303 406 2369 E.
431 2305 475 2370 D.
500 2303 545 2367 V.
570 2303 606 2370 S.

1179 2414 1225 2461 Uti
1246 2415 1325 2461 frater
1345 2414 1468 2461 Deditmm

1164 2504 1193 2553 L.
1220 2505 1290 2550 Car.
1319 2501 1487 2563 Campugi.

878 2955 944 3018 24⁶>

574 3072 691 3172 Epist.
722 3072 952 3152 Tridentinus
980 3071 1153 3151 Clementi
1179 3071 1259 3153 tu,

734 3220 834 3294 (eput.
852 3220 940 3293 nino·
958 3219 1009 3277 111·
1029 3219 1098 3289 tlt)

769 3338 822 3405 (10.
844 3340 959 3401 Augusti
983 3339 1069 3401 1525.)

367 3488 589 3572 Scripseram
602 3489 793 3552 novissime
811 3487 861 3553 St.
887 3490 943 3550 B¹¹i
960 3489 1112 3552 Cesaree
1128 3489 1327 3552 Maiestatis
1343 3490 1555 3552 sententiam

278 3599 474 3679 essequod
499 3595 692 3679 imperialis
717 3611 913 3658 conventus
938 3595 1113 3658 indicatur
1143 3596 1282 3659 futurus
1310 3598 1474 3678 Auguste
1510 3599 1557 3659 ad

276 3704 477 3788 proximum
500 3703 629 3765 festum
653 3702 856 3781 Michaelis,
881 3704 926 3764 de
951 3724 1021 3784 quo
1045 3703 1263 3784 publicando
1287 3705 1345 3766 vel
1370 3724 1427 3782 ne,
1448 3724 1555 3785 quum

276 3812 438 3894 plerique
463 3812 558 3892 apud
583 3809 844 3872 serenissimum
867 3809 1064 3892 principem
1089 3810 1239 3872 diversis
1264 3811 1356 3873 votis
1372 3830 1555 3873 moveren-

276 3929 333 3981 tur
357 3938 422 3980 nec
447 3917 541 3980 idem
565 3916 754 3996 sentirent,
785 3916 919 3999 placuit
948 3917 1159 3998 quibusdam
1186 3938 1242 3979 me
1266 3938 1407 4000 quoque
1432 3938 1553 3979 consu·

276 4028 349 4089 lere
374 4026 459 4107 quid
483 4025 560 4106 ipse
586 4044 767 4086 censerem
792 4035 970 4105 prestare;
998 4024 1166 4106 respondi
1198 4025 1356 4087 rationes
1388 4027 1481 4087 ultro
1511 4025 1555 4086 ci·

277 4145 403 4215 troque
429 4131 556 4194 adduci
580 4151 687 4214 posse
717 4131 751 4192 in
777 4133 984 4194 alterutram
1013 4130 1282 4194 consultationis
1314 4142 1467 4212 partem:
1499 4152 1555 4193 me

276 4250 393 4302 tamen
419 4238 554 4301 moveri
578 4238 692 4319 magis
717 4238 762 4300 ad
787 4239 1003 4300 suadendam
1033 4238 1125 4300 illius
1149 4237 1425 4319 publicationem
1449 4257 1556 4318 quam

279 4348 337 4409 vel
362 4345 592 4407 omittendam
616 4347 675 4406 vel
698 4346 972 4416 retardandam;
1005 4345 1061 4406 cui
1089 4344 1247 4426 opinioni
1272 4347 1388 4407 adhuc
1411 4347 1555 4407 haereo

277 4453 497 4536 Quamquam
534 4451 679 4514 ettenim
714 4451 899 4534 praeteriti
935 4461 1130 4514 conventus
1164 4450 1303 4533 imperii
1338 4453 1396 4514 vel
1430 4471 1554 4532 parum

275 4563 333 4624 vel
358 4560 443 4622 nihil
467 4580 561 4641 pene
584 4557 793 4640 profuerint,
818 4558 854 4620 in
878 4559 933 4620 his
956 4559 1148 4640 praecipue
1180 4578 1271 4640 quae
1302 4558 1347 4620 ad
1378 4559 1554 4621 haeresim

275 4670 472 4730 luteranam
497 4667 747 4729 eradicandam
772 4665 924 4727 maxime
948 4665 1125 4746 profuisse
1149 4666 1366 4745 debuissent,
1391 4674 1426 4727 et
1455 4675 1553 4728 certo

276 4775 390 4838 teneri
413 4774 526 4856 possit
549 4773 766 4855 presentiam
796 4772 959 4836 Caesaris
990 4775 1023 4835 in
1049 4771 1241 4836 Germania
1271 4775 1379 4853 longe
1411 4773 1554 4853 lateque

274 4883 329 4948 his
353 4884 459 4945 rebus
483 4883 683 4943 conducere
716 4901 840 4962 posse;
878 4901 983 4962 quum
1016 4891 1131 4943 tamen
1168 4901 1252 4941 suae
1284 4879 1343 4940 M¹⁸
1378 4880 1553 4944 adventus
