3559 5734
828 527 886 583 053
927 529 1076 586 leue*

313 668 409 732 duict
433 690 476 733 en
501 693 540 732 sa
565 672 699 735 maison
724 685 760 736 et
783 695 889 755 apres
912 696 1000 738 aura
1023 678 1241 759 plusgrande
1266 677 1408 741 ocasion
1443 678 1488 740 de
1512 698 1590 759 pro·
1695 704 1698 708 ’
1774 675 1775 680 ’

311 777 420 839 ceder
447 788 571 868 qontre
595 782 655 862 luy
689 801 824 845 comme
852 792 976 846 contre
1001 804 1075 867 ung
1104 783 1310 866 hereticque
1339 786 1513 867 endurcy,
1546 807 1591 849 en

312 886 466 965 laquelle
491 888 599 950 chose
630 888 754 952 lesdits
778 899 873 953 estas
906 894 1051 954 veulent
1081 893 1234 955 adheret
1264 913 1285 953 a
1315 900 1417 955 votre
1441 889 1592 957 Maieste

314 1002 348 1054 et
372 994 509 1056 donner
533 996 625 1078 ayde
650 1007 685 1058 et
699 997 894 1060 assistente
918 1008 953 1060 et
977 998 1078 1079 point
1101 1001 1211 1062 lesser
1236 1000 1271 1060 la
1293 998 1358 1080 foy
1378 998 1593 1063 christianne

313 1120 333 1160 a
358 1100 536 1163 loccasion
560 1102 605 1164 de
630 1112 706 1166 cest
728 1104 879 1169 homme.
927 1104 1123 1168 Touteffois
1147 1106 1190 1168 ilz
1214 1127 1253 1170 se
1268 1115 1458 1169 remettent
1483 1118 1593 1191 quant

312 1226 334 1267 a
367 1228 406 1269 ce
437 1228 458 1268 a
482 1211 702 1292 plusgrande
733 1210 968 1274 deliberation
1002 1213 1047 1274 de
1079 1222 1200 1275 vostre
1233 1213 1378 1276 maieste
1408 1215 1594 1297 supplians

312 1313 554 1377 humblement
570 1337 637 1397 que
654 1327 774 1380 vostre
790 1317 938 1382 maieste
962 1321 1066 1382 veule
1081 1321 1236 1400 prendre
1253 1330 1349 1383 ceste
1372 1321 1591 1385 admonition

313 1429 406 1483 estre
429 1422 536 1485 facile
561 1444 696 1486 comme
720 1427 765 1487 de
790 1445 899 1488 coeur
923 1428 1019 1508 loyal
1044 1437 1080 1489 et
1094 1427 1233 1490 subiect
1250 1438 1286 1490 et
1300 1448 1388 1490 avec
1411 1430 1592 1492 clemence

312 1528 346 1589 la
370 1526 584 1610 interpreter
614 1551 658 1593 au
683 1530 826 1595 mieulx.
873 1532 949 1615 Soy
973 1535 1266 1600 recommendans
1289 1555 1311 1597 a
1338 1534 1441 1597 icelle
1472 1547 1593 1598 vostre

313 1634 458 1698 maieste
482 1657 563 1700 vers
587 1641 741 1721 laquelle
765 1641 933 1702 voeulent
957 1640 1133 1703 tousiours
1149 1639 1355 1704 fidelement
1375 1661 1443 1725 soy
1457 1651 1593 1723 portet.

923 2082 966 2146 72

596 2207 672 2288 Rex
698 2209 944 2312 Portugalliee
972 2209 1076 2288 Areh.
1105 2207 1312 2289 Coloniensi.

757 2357 841 2426 (Acta
858 2355 993 2414 wormac.
1012 2354 1057 2414 tol
1075 2356 1142 2424 178.)

811 2474 864 2546 (21.
884 2476 988 2542 Aprilis
1011 2475 1097 2543 1521.)

402 2601 524 2663 Revmo
548 2602 583 2663 in
608 2601 746 2665 Christe
771 2602 864 2684 patri
888 2614 995 2684 atque
1020 2602 1255 2666 illustrissimo
1277 2600 1429 2683 principi
1454 2601 1594 2665 Coloni·

316 2709 392 2769 ensi
416 2707 700 2791 Archiepiscopo
718 2709 936 2790 Italiaequae
961 2709 1175 2773 cancellario
1201 2718 1236 2771 et
1260 2708 1351 2770 sacri
1375 2709 1423 2771 R.
1447 2709 1593 2791 Imperii

314 2815 461 2877 electori
485 2815 599 2878 amico
624 2815 850 2880 Charissimo.
898 2817 1068 2881 Emanuel
1093 2816 1161 2879 Dei
1186 2814 1303 2898 gratia
1326 2836 1391 2879 rex
1406 2816 1593 2898 Portugal-

313 2921 382 2983 liae
418 2933 453 2983 et
486 2922 740 3004 Algarbiorum
771 2923 859 2986 citra
893 2925 1055 3006 ultraque
1088 2941 1185 2986 mare
1212 2923 1246 2984 in
1271 2921 1396 2985 Africa
1420 2922 1593 2988 Dominus

315 3026 454 3091 Guinee
478 3039 514 3091 et
537 3030 776 3112 expeditionis
801 3030 1038 3111 navigationis
1070 3052 1111 3094 ac
1147 3029 1347 3093 commercii
1377 3029 1593 3114 Aethiopiae

315 3135 472 3199 Arabiae
489 3137 645 3200 Persidis
669 3147 775 3219 atque
800 3138 925 3200 Indiae
942 3137 979 3203 S.
1000 3139 1044 3201 D.
1084 3137 1170 3200 Cum
1192 3158 1237 3199 ex
1254 3138 1442 3200 multorum
1467 3137 1594 3203 litteris

314 3244 492 3326 certisque
517 3244 653 3333 nunciis
677 3254 712 3308 et
736 3245 912 3308 constanti
936 3246 1031 3308 fama
1064 3243 1337 3327 cognoverimus
1368 3244 1592 3309 Christianae

314 3350 397 3414 fidei
431 3353 570 3416 hostem
606 3363 641 3415 et
675 3352 885 3433 perditionis
923 3352 1031 3415 filium
1063 3351 1253 3414 Martinum
1288 3351 1480 3414 Lutherum
1520 3372 1592 3415 non

314 3459 420 3522 modo
444 3463 565 3541 plures
581 3460 650 3523 iam
673 3461 826 3542 populos
850 3469 885 3522 et
901 3459 1063 3524 civitates
1079 3457 1150 3523 suis
1167 3458 1398 3523 concionibus
1421 3458 1593 3540 falsisque

314 3567 521 3630 commentis
545 3567 580 3629 in
603 3565 795 3630 Germania
819 3565 1015 3649 decepisse,
1039 3567 1103 3630 sed
1126 3565 1254 3649 impios
1278 3574 1314 3628 et
1328 3565 1437 3647 iniqui
1463 3567 1593 3630 erroris

315 3673 426 3737 libros
449 3673 662 3755 publicasse,
687 3673 815 3755 quibus
840 3683 875 3736 et
900 3672 1125 3736 Germaniam
1157 3673 1270 3755 ipsam
1299 3681 1335 3736 et
1359 3693 1450 3755 quas,
1470 3683 1593 3755 posset
1647 3706 1650 3710 ·

316 3781 528 3844 christianas
558 3781 721 3844 nationes
748 3801 769 3843 a
799 3779 894 3843 veris
926 3778 963 3844 S.
991 3780 1039 3842 R.
1068 3778 1250 3843 Ecclesiae
1285 3779 1526 3842 sanctionibus
1558 3792 1595 3844 et

316 3887 446 3951 Christi
470 3887 595 3950 vicarii
618 3888 753 3951 ditione
778 3889 813 3951 in
838 3909 938 3950 suam
954 3889 1145 3969 reprobam
1162 3887 1367 3968 opinionem
1389 3887 1593 3967 deduceret,

316 4015 380 4058 nos
404 4016 470 4076 pro
495 4016 538 4058 ea
561 3995 782 4079 obligatione
805 4016 847 4057 ac
871 3995 942 4057 fide
967 4014 1036 4076 qua
1060 4014 1183 4057 omnes
1200 3992 1389 4057 Christiani
1413 3993 1595 4077 principes

315 4103 394 4164 Deo
437 4113 473 4165 et
512 4102 548 4167 S.
580 4103 686 4166 Matri
721 4102 904 4165 Ecclesiae
935 4101 1210 4184 obstringimur,
1249 4095 1314 4182 p'ro
1352 4112 1472 4165 nostro
1505 4121 1594 4185 erga

317 4210 506 4273 Cesaream
519 4210 742 4273 Maiestatem
760 4210 908 4292 speciali
920 4209 1073 4290 quodam
1088 4207 1210 4271 debito
1227 4207 1456 4291 fraternoque
1473 4229 1594 4272 amore

317 4325 353 4378 et
375 4316 574 4379 arctissimo
599 4317 868 4381 necessitudinis
892 4317 1035 4380 vinculo
1059 4336 1164 4398 quum
1195 4316 1239 4378 ad
1265 4336 1343 4378 eum
1372 4314 1595 4398 potissimum

316 4422 419 4485 huius
444 4433 514 4485 tam
538 4425 669 4487 atrocis
693 4424 838 4487 sceleris
861 4422 1020 4486 vindicta
1052 4421 1212 4504 plurimis
1236 4423 1281 4483 de
1305 4420 1421 4485 causis
1444 4432 1594 4503 spectet,

317 4540 389 4593 tum
414 4530 539 4592 litteris
562 4550 670 4612 super
693 4533 759 4594 hac
783 4552 821 4594 re
846 4540 918 4592 tum
945 4528 1049 4592 etiam
1075 4538 1208 4591 certum
1232 4529 1394 4592 nuntium
1425 4527 1460 4591 in
1492 4548 1593 4611 prae·

316 4637 432 4700 sentia
462 4637 734 4717 destinavimuS,
767 4658 867 4700 suam
895 4636 1118 4700 Maiestatem
1144 4655 1279 4698 summo
1303 4635 1420 4698 studio
1452 4645 1595 4699 orantes

316 4755 424 4827 atque
441 4744 545 4807 etiam
564 4748 795 4809 exhortantes
812 4757 849 4808 ut
866 4745 919 4808 sui
940 4741 1182 4825 augustissimi
1205 4743 1337 4825 sceptri
1353 4742 1593 4824 memoriaque

317 4850 583 4918 eminentissimi
607 4851 685 4914 solii
710 4852 745 4914 in
771 4873 840 4934 quo
865 4873 887 4914 a
912 4852 989 4918 Deo
1013 4849 1139 4921 merito
1164 4857 1218 4914 est
1241 4851 1417 4918 collocata
1447 4857 1486 4915 ut
1508 4848 1593 4915 inde
