3559 5734
783 550 933 613 &3508
972 551 1029 613 [Ἠ

264 699 450 785 bergensis
467 698 581 765 minus
597 702 768 785 providus
793 703 911 766 omnia
936 704 1061 780 amisit,
1088 714 1123 765 et
1147 700 1182 765 in
1208 711 1424 784 potestatem
1450 697 1550 764 rusti-

264 831 385 873 corum
398 811 513 872 venit:
540 811 933 892 Herbipolensismaior
949 810 1115 890 consiliis,
1134 831 1251 873 arcem
1275 831 1373 872 suam
1398 820 1549 872 tormen·

264 916 320 996 tis,
346 926 381 977 et
405 916 618 979 victualibus
650 918 809 992 instruit;
840 918 1056 1000 praesidium
1087 929 1337 980 sexcentorum
1368 916 1550 979 hominum

264 1024 420 1104 imponit,
448 1034 483 1085 et
507 1025 552 1085 ad
578 1023 780 1086 Palatinum
805 1025 1006 1087 Electorem
1029 1045 1095 1105 pro
1121 1023 1254 1086 auxilio
1279 1024 1407 1102 currit,
1441 1024 1550 1104 ligam

263 1131 368 1192 etiam
394 1130 605 1204 sollicitans;
631 1132 792 1193 omnibus
817 1143 934 1193 autem
969 1131 1112 1213 oppidis
1152 1142 1188 1192 et
1218 1131 1361 1210 castris,
1393 1151 1458 1212 per
1490 1131 1548 1192 de·

263 1237 433 1299 ditionem
457 1238 492 1298 in
517 1238 727 1300 rusticorum
752 1249 967 1319 potestatem
993 1238 1235 1316 venientibus,
1267 1238 1411 1299 civitate
1443 1237 1550 1298 etiam

263 1344 518 1424 Herbipolensi
545 1346 702 1424 obtenta,
728 1365 846 1406 arcem
871 1357 969 1406 arcta
1006 1345 1192 1407 obsidione
1229 1345 1378 1425 cingunt
1416 1343 1551 1405 XXVI

264 1451 409 1513 millium
435 1450 664 1525 rusticorum;
690 1452 854 1514 iuverunt
877 1452 1088 1513 rusticorum
1112 1450 1254 1532 iuriam,
1280 1452 1351 1513 duo
1383 1472 1427 1512 ex
1452 1451 1550 1512 nobi-

264 1559 355 1620 libus
379 1559 413 1620 in
439 1558 544 1619 armis
568 1559 753 1620 exercitati
781 1558 894 1621 Getzo
919 1562 963 1619 de
989 1560 1189 1621 Berlachim
1222 1571 1257 1620 et
1292 1558 1479 1620 Florianus
1504 1558 1551 1618 de

264 1664 363 1736 Geir;
380 1675 568 1745 tormenta,
584 1675 618 1726 et
632 1666 779 1727 consilia
793 1666 1004 1727 ministravit
1018 1666 1197 1746 Georgius
1211 1665 1408 1747 (utdicitur)
1422 1664 1551 1727 Comes

267 1774 310 1833 de
336 1772 536 1834 Wertheim
566 1775 783 1850 lutheranus,
806 1784 841 1835 et
864 1775 1037 1835 vassallus
1059 1773 1241 1835 Ecclesiae
1266 1772 1551 1853 Herbipolensis.

356 1878 528 1941 Confecto
553 1879 673 1959 itaque
698 1880 849 1961 negocio
873 1899 939 1960 per
959 1880 1067 1960 ligam
1083 1880 1117 1941 in
1137 1880 1424 1961 WirtenbergiiS,
1450 1900 1551 1941 exer-

268 1987 374 2048 citum
409 1999 548 2048 motura
585 1999 661 2048 erat
695 1986 730 2048 in
766 1986 1007 2067 Herbipolim,
1051 2008 1159 2067 quare
1186 1987 1369 2048 Palatinus
1408 1987 1553 2048 Elector

267 2115 305 2171 23
333 2092 420 2155 Maii
456 2093 568 2155 exivit
599 2093 879 2173 Heidelbergam
905 2114 981 2154 curn
1017 2093 1300 2175 Archiepiscopo
1338 2093 1553 2155 Treverensi

267 2200 446 2282 Episcopo
471 2199 745 2280 Herbipolensi,
782 2212 816 2261 et
847 2212 980 2280 nepote
1019 2202 1117 2262 Duce
1150 2200 1283 2262 Ottone
1310 2200 1481 2280 Henric0,
1515 2213 1553 2262 et

267 2312 306 2369 28
352 2307 424 2369 Mai
464 2327 664 2369 convenere
701 2309 805 2369 ambo
841 2307 1021 2369 exercitus
1058 2308 1152 2384 ligae
1207 2319 1242 2369 et
1278 2308 1430 2369 Palatini
1467 2320 1552 2368 ante

267 2415 425 2478 Nechers
449 2417 581 2476 ulm—
613 2435 652 2492 29
684 2414 756 2475 Mai
780 2435 838 2475 res
872 2435 994 2476 omnes
1020 2425 1295 2495 composuerunt
1324 2415 1360 2476 in
1378 2415 1551 2476 Neckers-

266 2524 347 2602 ulm,
375 2512 607 2603 et'oppidani
633 2522 873 2584 obedientiam
897 2517 1151 2603 praestiterunt
1169 2522 1456 2584 Commendatori
1482 2521 1551 2584 ira·

267 2642 359 2691 trum
390 2629 667 2691 Teutonicorum
691 2650 811 2692 eorum
838 2630 969 2690 domini
993 2667 1035 2673 —
1066 2650 1109 2707 30
1135 2628 1222 2691 Maii
1255 2630 1433 2691 exercitus
1469 2631 1553 2690 duc·

264 2749 320 2797 tus
344 2737 389 2798 ad
414 2735 628 2814 Nevenstat,
663 2749 697 2797 et
729 2737 863 2818 oppido
889 2738 934 2797 ad
961 2737 1111 2817 gratiam
1138 2748 1173 2798 et
1196 2736 1364 2799 iustitiam
1389 2749 1552 2816 accept0,

265 2846 387 2925 paucis
412 2844 609 2923 decollatis,
635 2843 839 2906 festinatum
873 2857 927 2905 est
959 2865 1001 2905 eo
1036 2844 1093 2906 die
1125 2844 1170 2905 ad
1195 2840 1355 2925 Oringen
1381 2844 1553 2925 oppidum

267 2951 430 3013 comitum
452 2952 495 3013 de
511 2952 595 3012 Alta
618 2949 767 3027 flamma,
793 2970 863 3030 quo
888 2952 970 3012 dum
996 2951 1242 3032 pervenissent
1267 2951 1437 3031 oppidum
1462 2951 1551 3012 illud

264 3068 446 3137 receptum
479 3068 553 3136 est,
588 3067 625 3119 ut
656 3057 742 3136 alia,
777 3077 819 3118 eo
861 3068 978 3119 autern
1016 3059 1073 3119 die
1105 3078 1207 3119 mane
1240 3057 1402 3119 abierant
1426 3057 1551 3119 rustici

264 3164 372 3227 Otten
398 3163 546 3225 Welder
571 3167 667 3243 8000,
693 3176 728 3224 et
754 3185 793 3241 2o
820 3164 904 3225 Maii
921 3164 1083 3226 abierant
1101 3165 1305 3226 Francones
1324 3184 1403 3226 cum
1428 3184 1552 3226 eorum

268 3271 463 3352 Capitaneo
488 3269 665 3349 Getzone,
698 3292 807 3351 quare
843 3271 960 3333 emissi
994 3281 1073 3332 sunt
1105 3270 1289 3352 quingenti
1318 3271 1471 3350 equiteS,
1503 3271 1552 3330 ad

266 3380 511 3440 remorandum
523 3377 588 3438 iter
602 3378 824 3455 rusticorum,
838 3390 872 3439 et
887 3378 1003 3440 media
1016 3388 1120 3439 nocte
1135 3389 1229 3439 totus
1240 3376 1417 3439 exercitus
1430 3380 1550 3439 subse-

266 3495 367 3548 cutus
382 3497 434 3546 est
448 3485 586 3546 XXXI
598 3485 682 3546 Maii
696 3506 820 3546 versus
833 3486 1036 3546 Tanberum
1045 3483 1202 3546 fluvium:
1219 3483 1377 3547 Getzone
1389 3504 1473 3546 vero
1486 3506 1554 3566 per

265 3595 513 3674 exploratores
539 3593 759 3672 lntelligente
785 3591 879 3671 ligae
904 3590 1188 3670 festinationem,
1219 3601 1324 3653 nocte
1348 3612 1369 3653 a
1393 3591 1465 3652 suis
1489 3612 1550 3653 au-

264 3700 366 3781 fugit,
392 3699 451 3779 qui
481 3700 628 3761 ductore
659 3708 823 3760 carentes
856 3698 945 3779 fuga
979 3697 1130 3778 dispersi
1166 3706 1262 3759 sunt:
1299 3695 1552 3759 Ottenwalden

267 3828 353 3869 vero
387 3806 453 3870 iter
485 3828 583 3867 suum
622 3826 743 3867 versus
780 3805 1003 3868 Herbibolim
1044 3805 1295 3868 continuarunt
1327 3804 1550 3871 festinanter.

265 3916 383 3976 Prima
417 3913 473 3975 die
497 3913 591 3991 Junii
617 3912 795 3974 exercitus
821 3913 916 3994 ligae
941 3913 1078 3974 traiecit
1101 3911 1230 3974 flumen
1258 3913 1477 3991 'sunberum,
1515 3925 1551 3973 et

263 4022 384 4083 rustici
409 4024 454 4082 ab
480 4020 661 4102 equitibus
686 4020 846 4101 impediti
871 4022 1108 4101 desperarunt
1132 4021 1309 4100 attingere
1327 4019 1550 4101 Herbipolim

264 4138 347 4191 ante
372 4148 626 4208 congressum:
656 4128 726 4188 lam
752 4128 844 4189 enim
870 4128 1036 4189 viderunt
1061 4127 1257 4188 exercitum
1292 4126 1405 4208 ligae:
1439 4147 1550 4208 quare

265 4256 378 4318 prope
415 4235 533 4295 villam
565 4233 818 4313 Kungshoffen
852 4247 1001 4296 mortem
1033 4236 1202 4306 subeunt;
1240 4235 1284 4294 ad
1319 4254 1550 4315 congressum

265 4365 303 4404 se
327 4356 464 4423 parant,
490 4341 646 4403 secunda
665 4339 760 4418 Junii
785 4340 963 4401 exercitus
981 4340 1074 4420 ligae
1090 4352 1243 4401 montem
1261 4339 1397 4402 invadit
1421 4362 1441 4401 a
1466 4361 1549 4421 qua·

265 4462 345 4511 tuor
368 4449 548 4529 partibus,
581 4446 702 4509 rustici
733 4467 803 4509 non
837 4446 993 4509 ferentes
1017 4448 1182 4509 insultum
1207 4445 1329 4528 fugam
1354 4446 1548 4528 arripuere,

265 4557 425 4639 pluribus
449 4558 494 4618 ad
520 4556 719 4637 proximum
756 4576 878 4617 nemus
911 4577 948 4617 se
983 4554 1258 4636 recipientibuS,
1292 4553 1351 4636 qui
1386 4554 1549 4617 immissis

266 4664 540 4742 bombardariis,
577 4674 611 4724 et
636 4662 825 4724 lanceariis
852 4662 959 4724 occisi
992 4672 1089 4740 sunt,
1114 4672 1150 4724 et
1173 4661 1340 4743 sugentes
1364 4661 1399 4722 in
1425 4682 1550 4723 manus

266 4771 420 4852 equitum
459 4791 524 4851 per
564 4770 746 4832 circuitum
787 4790 910 4831 nemus
951 4768 1187 4830 obsidentium
1221 4777 1417 4838 venerunt;
1452 4768 1546 4828 caesi

266 4890 346 4940 sunt
362 4882 465 4955 ὑ300;
489 4878 696 4939 rusticorum
714 4887 889 4938 tormenta
906 4877 939 4937 in
965 4876 1104 4938 Rhedis
1126 4885 1230 4956 capta
1248 4897 1298 4954 42.
1313 4874 1407 4956 capti
1425 4875 1548 4937 rustici
