3559 5734
806 915 871 979 234

394 1037 643 1119 Perdiuuudus
671 1041 774 1121 Arnh.
803 1042 971 1121 lustriae
1000 1040 1172 1121 Clementi
1199 1040 1277 1119 VII.

660 1188 758 1260 (aput
776 1188 866 1247 Prino.
884 1188 936 1246 nt
954 1187 1025 1261 too.)

717 1307 771 1374 (20.
791 1309 858 1373 Julii
880 1305 968 1376 1525.)

294 1431 482 1493 Enimvero
507 1440 605 1494 tanto
630 1432 781 1495 maiores
805 1435 933 1514 babeo,
957 1445 993 1496 et
1017 1432 1121 1496 etiam
1147 1450 1304 1513 agnosco
1327 1450 1383 1491 me
1399 1428 1482 1490 olim

204 1538 338 1601 referre
362 1540 495 1601 debere
524 1539 658 1620 gratias
683 1540 898 1603 Beatitudini
923 1541 1093 1619 Vestrae,
1129 1538 1225 1620 quod
1249 1537 1332 1598 licet
1357 1535 1483 1597 eadem

206 1645 320 1707 multis
354 1644 622 1708 difficultatibus
657 1646 817 1710 involuta
851 1649 998 1728 existat,
1034 1647 1161 1729 quibus
1196 1664 1342 1707 necesse
1375 1645 1484 1704 habet

205 1752 406 1831 subvenire,
422 1773 589 1815 summam
608 1755 735 1835 viginti
751 1755 900 1818 Millium
916 1774 1113 1830 aureorum,
1140 1774 1243 1834 quam
1268 1770 1381 1832 nuper
1406 1769 1480 1830 pro-

206 1859 348 1922 miserat
379 1859 623 1923 subsidiariam
655 1862 739 1924 mihi
762 1862 830 1925 iam
856 1862 1094 1945 assignaverit
1122 1862 1157 1922 in
1183 1860 1283 1922 Urbe
1307 1856 1484 1940 Fuggaris

205 1966 307 2028 isthic
334 1967 564 2047 degentibus,
593 1988 794 2050 quanquam
819 1969 854 2031 id
879 1969 929 2032 sic
953 1969 1031 2032 fore
1063 1989 1131 2031 non
1157 1968 1375 2031 dubitabam.
1422 1965 1485 2027 Est

206 2074 299 2137 enirn
323 2073 555 2154 Apostolicae
580 2072 683 2137 Sedis
715 2076 820 2156 (sicut
853 2076 1005 2138 maxime
1039 2077 1083 2138 ad
1111 2075 1260 2138 eandem
1286 2081 1424 2154 spectat
1457 2070 1484 2132 si

205 2200 296 2261 quae
319 2177 403 2266 alia)
426 2180 515 2244 fides
534 2182 727 2265 praecipua
744 2195 779 2246 et
795 2194 932 2257 sancta3
958 2195 1075 2246 tamen
1092 2202 1148 2244 me
1171 2201 1240 2243 non
1267 2178 1353 2242 nihil
1379 2198 1484 2240 curae

208 2287 342 2369 coepit,
378 2291 472 2369 quod
497 2288 656 2371 Fuggari
681 2290 867 2370 Augustae
893 2311 969 2353 eam
1004 2309 1172 2351 summam
1213 2288 1248 2348 in
1276 2287 1368 2348 hunc
1394 2284 1486 2346 diem

208 2414 318 2476 usque
342 2395 387 2456 ad
411 2415 535 2457 manus
551 2415 649 2459 meas
672 2398 828 2459 nondum
853 2399 1105 2479 deposuerunt,
1129 2415 1197 2476 qua
1222 2394 1250 2456 si
1275 2396 1321 2456 ab
1347 2393 1398 2455 eis
1414 2402 1485 2454 tam

209 2502 391 2564 commode
424 2502 459 2563 in
492 2521 593 2564 usum
625 2524 740 2567 meum
765 2514 914 2585 erogata
947 2504 1089 2582 fuisset,
1125 2523 1229 2584 quam
1263 2519 1442 2584 propense
1466 2520 1487 2561 a

209 2607 434 2670 Beatitudine
470 2608 600 2671 Vestra
636 2611 849 2673 demandata
885 2611 952 2673 fuit
995 2611 1076 2673 mihi
1124 2609 1362 2692 persolvenda
1397 2626 1487 2686 esse,

210 2726 305 2778 certe
340 2736 410 2777 non
446 2735 570 2796 parum
609 2718 697 2779 haec
734 2718 947 2780 acceleratio
982 2718 1184 2801 profuisset.
1233 2715 1335 2778 Nunc
1370 2724 1487 2776 autem

209 2822 328 2886 nescio
354 2823 518 2886 demirari
543 2823 645 2904 satis,
679 2825 773 2905 quod
798 2824 973 2907 tantisper
1003 2825 1131 2887 solutio
1156 2824 1216 2886 illa
1249 2824 1487 2905 protrahatur,

211 2951 314 3012 quum
329 2931 508 3020 Fuggaris
532 2932 577 2994 de
594 2932 790 3013 quantitate
810 2932 934 2994 harum
951 2933 1180 3014 pecuniarum
1197 2931 1330 3013 optime
1347 2940 1487 2993 cautum

210 3038 316 3100 luerit
356 3039 452 3100 illam
489 3059 550 3102 eos
574 3039 609 3101 in
634 3040 726 3100 alma
749 3041 837 3101 urbe
861 3051 1152 3121 recuperatur05,
1188 3040 1255 3102 nisi
1279 3040 1372 3101 forte
1397 3057 1488 3119 quae

211 3144 381 3208 eiusmodi
406 3144 522 3207 cautio
547 3145 592 3208 ad
616 3166 672 3207 me
696 3146 902 3207 transmissa
926 3167 995 3208 non
1020 3147 1074 3225 sit,
1098 3146 1133 3209 in
1159 3167 1228 3227 qua
1251 3166 1290 3208 re
1309 3145 1486 3208 desidera·

210 3272 284 3315 mus
308 3251 505 3314 Consiliarii
529 3251 640 3314 nostri
663 3253 758 3333 apud
783 3253 1043 3316 Beatitudinem
1066 3254 1109 3317 V.
1135 3253 1299 3334 degentis
1325 3251 1488 3334 Magistri

213 3359 308 3421 Petri
333 3360 376 3420 de
402 3359 613 3421 Salamanca
638 3360 855 3422 exactiorem
880 3360 1110 3441 diligentiam.
1158 3361 1332 3441 Quicquid
1369 3371 1487 3421 tamen

211 3486 337 3528 causae
361 3466 453 3534 hanc
479 3486 611 3528 moram
636 3466 763 3544 attulit,
789 3467 927 3530 tametsi
944 3487 1008 3550 per
1026 3488 1104 3530 eam
1120 3468 1417 3529 incommodatum
1442 3465 1487 3526 sit

211 3572 313 3635 nobis
327 3593 398 3635 non
413 3592 483 3634 uno
501 3572 641 3635 nomine
654 3582 689 3635 et
703 3587 866 3654 respectu
893 3594 1005 3656 cogor
1020 3574 1116 3636 illam
1135 3574 1240 3636 immo
1260 3575 1375 3635 debeo
1395 3572 1486 3633 sicut

213 3681 379 3742 admonet
419 3677 598 3741 Sanctitas
622 3678 753 3742 Vestra
777 3680 980 3741 domesticis
1013 3680 1088 3742 eius
1119 3681 1287 3742 oneribus
1315 3679 1489 3760 imputare

213 3799 249 3848 et
271 3785 558 3866 necessitatibus,
583 3785 733 3847 maxime
767 3787 862 3866 quod
900 3807 965 3867 per
997 3787 1076 3849 illas
1115 3787 1206 3849 sicut
1238 3787 1271 3848 in
1302 3784 1489 3867 posteriori

213 3894 332 3971 Brevi,
357 3913 427 3975 quo
453 3894 648 3955 declaravit
671 3893 922 3974 responsiones
946 3915 1018 3971 eaS,
1043 3914 1134 3975 quae
1158 3915 1179 3956 a
1202 3914 1258 3957 me
1282 3894 1488 3955 tumultuan-

215 4000 308 4063 tibus
333 4001 571 4081 Popularibus
595 4000 683 4062 meis
708 4001 764 4063 hic
789 4001 872 4064 data
897 4012 987 4080 sunt,
1012 4001 1139 4082 dignas
1162 4000 1230 4063 sibi
1253 3999 1363 4062 fuisse
1388 3999 1490 4061 visas.

217 4107 393 4170 Sanctitas
418 4107 548 4170 Vestra
572 4106 699 4188 recipit
722 4107 827 4170 fidem
845 4129 942 4170 suam
959 4128 1028 4170 non
1047 4129 1124 4172 esse
1140 4119 1363 4187 moraturam,
1387 4126 1490 4188 quam

216 4215 321 4292 omni,
346 4233 417 4295 quo
441 4215 556 4277 debeo
581 4224 616 4275 et
640 4235 783 4296 possum
806 4213 906 4277 filiali
931 4216 1046 4277 studio
1064 4226 1099 4276 et
1115 4213 1341 4277 observantia
1365 4213 1491 4274 iterum

124 4405 127 4411 Ι
216 4332 321 4403 atque
346 4321 472 4384 iterum
496 4342 597 4402 rogo,
622 4333 659 4383 ut
683 4321 881 4403 praefatam
905 4342 1088 4401 summam,
1114 4322 1142 4384 si
1166 4320 1242 4383 fieri
1266 4320 1395 4402 possit,
1420 4319 1489 4380 uni-

216 4448 354 4490 versam
379 4448 444 4509 per
468 4428 655 4510 Fuggaros
680 4428 865 4510 Augustae
892 4428 1141 4510 assignandam
1174 4428 1257 4490 mihi
1289 4428 1405 4490 denuo
1435 4428 1492 4488 de·

217 4537 368 4598 mandet.
409 4535 453 4597 Et
469 4534 497 4597 si
514 4555 605 4615 quae
620 4536 737 4617 portio
750 4544 869 4615 restat,
896 4535 1044 4597 celerius
1060 4536 1129 4596 iam
1147 4534 1363 4615 assignatam
1388 4532 1493 4595 etiarn

217 4641 383 4705 universa
406 4650 583 4722 sequatur,
608 4651 645 4703 ut
661 4640 784 4703 maiori
800 4661 878 4702 cum
894 4641 1011 4703 fructu
1026 4643 1093 4704 hoc
1111 4639 1315 4703 benefitium
1336 4639 1491 4702 Beatitu-

219 4748 310 4811 dinis
346 4748 497 4812 Vestrae
526 4748 707 4829 accipiam.
765 4747 939 4828 Equidem
973 4769 1043 4811 non
1082 4748 1204 4810 dubito
1240 4746 1323 4828 quin
1360 4743 1493 4809 Sancta

219 4854 333 4919 Sedes
357 4855 436 4935 ista·
475 4856 504 4918 si
529 4875 647 4918 coram
672 4854 723 4917 illi
751 4856 875 4918 liceret
898 4856 1120 4938 perspicere,
1152 4876 1241 4938 quae
1272 4854 1494 4916 incommoda
