3559 5734
798 548 1046 603 eolus&

283 693 344 754 :hd
362 693 537 755 stantibus
551 696 667 774 rebus,
685 703 722 756 ut
736 695 905 776 scriptum
922 705 988 775 est,
1005 695 1240 759 l’adversario
1255 696 1407 757 havesse
1422 694 1563 776 miglior

281 820 406 880 causa,
442 809 560 863 tamen
594 801 650 864 chi
683 804 744 885 pol
777 812 929 866 mostrar
958 804 1107 885 ragione
1131 825 1153 866 a
1186 813 1374 885 questoro,
1410 803 1433 865 li
1467 803 1563 883 quali

280 907 309 969 si
333 928 372 970 se
405 910 665 989 gobernassero
698 930 763 991 per
787 910 936 992 ragione
961 932 1032 973 non
1065 912 1263 974 sarebbono
1296 912 1331 972 lo
1355 913 1420 973 che
1453 910 1562 972 fanno

280 1014 315 1077 in
352 1035 459 1077 causa
490 1016 658 1079 Martini?
713 1017 790 1095 Ma,
832 1027 930 1081 certo
971 1039 1036 1101 per
1071 1027 1196 1100 questa
1232 1016 1492 1100 gratificatione
1528 1027 1564 1079 et

281 1123 375 1184 dono
407 1122 442 1185 di
473 1123 604 1187 Nostro
637 1122 807 1206 Signore,
846 1146 934 1189 sono
973 1125 1096 1188 evitati
1126 1124 1255 1205 grandi
1286 1124 1462 1205 scandali,
1497 1125 1563 1186 che

281 1251 390 1292 erano
414 1252 479 1312 per
496 1231 630 1312 venire,
655 1254 725 1295 non
746 1235 860 1295 solum
885 1235 956 1296 alla
976 1254 1060 1296 cosa
1078 1233 1280 1295 universale
1304 1233 1370 1295 che
1385 1241 1563 1310 trattam0,

281 1339 374 1400 nella
399 1340 482 1419 qual
507 1338 724 1402 Armestorff
754 1361 819 1422 per
843 1340 939 1403 mille
964 1339 1043 1421 capi
1068 1340 1098 1401 ci
1123 1349 1208 1421 pote
1232 1338 1388 1419 adiutar,
1425 1358 1482 1400 ma
1505 1357 1563 1398 an·

281 1465 366 1507 cora
389 1445 702 1526 particularmente
727 1456 851 1510 contra
875 1447 989 1528 Abel,
1014 1449 1080 1511 che
1105 1445 1324 1510 Armestorff
1343 1447 1460 1508 havea
1483 1464 1563 1506 con·

281 1553 378 1615 cluso
404 1574 469 1616 con
487 1553 622 1615 Hutten
647 1555 785 1636 grande
811 1575 875 1617 suo
899 1554 1013 1616 amico
1038 1564 1073 1617 et
1097 1563 1246 1636 parente
1271 1553 1306 1615 di
1331 1552 1462 1635 pigliar
1478 1551 1564 1633 ogni

280 1680 374 1722 anno
398 1659 422 1722 li
445 1658 545 1722 frutti
569 1661 614 1723 de
639 1661 721 1723 tutti
745 1661 770 1724 li
793 1660 959 1724 beneficii
984 1664 1028 1724 de
1052 1662 1146 1724 Abel
1180 1671 1216 1724 et
1240 1660 1401 1724 brusciar
1424 1661 1457 1722 le
1482 1680 1563 1722 case

282 1776 317 1829 et
347 1766 502 1849 pigliarli
528 1768 703 1848 censuali,
740 1778 775 1832 et
800 1769 895 1832 mille
929 1771 1018 1831 altre
1043 1768 1232 1848 enormita,
1268 1770 1301 1831 le
1335 1767 1430 1849 quali
1455 1787 1564 1829 ancor

282 1876 348 1937 che
381 1895 451 1936 non
486 1877 594 1938 credo
628 1876 663 1938 in
687 1887 797 1956 tutto,
833 1897 901 1958 pur
934 1877 969 1938 di
994 1898 1058 1939 sua
1090 1880 1203 1939 bocca
1236 1897 1291 1939 me
1315 1878 1350 1939 lo
1382 1877 1429 1937 ha
1453 1876 1563 1954 detto,

281 1982 530 2064 subiungendo
555 1985 620 2045 che
646 1986 679 2046 al
703 1993 871 2065 presente
897 1992 1023 2066 questo
1049 1985 1066 2046 ὲ
1092 1983 1197 2046 facile
1222 2006 1242 2046 a
1266 1983 1340 2057 far,
1374 1981 1504 2065 perche
1529 1982 1564 2042 la

282 2090 474 2153 Germania
497 2093 586 2153 hora
610 2091 679 2153 mai
704 2111 774 2153 non
796 2100 888 2154 teme
910 2091 970 2173 piu
989 2090 1342 2154 excommunicationi
1363 2112 1384 2152 o
1401 2109 1562 2152 censure:

281 2198 327 2260 Di
361 2219 441 2261 esso
467 2198 684 2261 Armestorff
713 2220 782 2262 non
817 2199 863 2261 mi
886 2219 996 2280 posso
1029 2200 1225 2282 persuader
1257 2208 1358 2261 tanto
1383 2199 1478 2259 male.
1499 2217 1564 2277 per

282 2327 401 2368 essere
426 2306 473 2367 lui
498 2308 604 2368 homo
628 2307 875 2389 ragionevole,
901 2327 1010 2370 ancor
1034 2309 1099 2369 che
1124 2304 1271 2369 cervicis
1295 2307 1421 2386 durae,
1447 2324 1503 2366 ma
1527 2303 1563 2364 di

281 2414 400 2495 quello
425 2413 534 2494 impio
559 2412 697 2475 ribaldo
723 2414 758 2476 di
773 2413 908 2477 Hutten
934 2434 978 2477 ne
1002 2414 1109 2475 credo
1134 2415 1242 2476 molto
1259 2412 1404 2494 peggio,
1430 2413 1462 2474 el
1480 2412 1562 2492 qual

281 2524 328 2583 ha
360 2520 483 2582 scritto
518 2522 550 2581 al
575 2520 894 2583 Reverendissimo
920 2521 1108 2582 Cardinale
1132 2518 1344 2601 Moguntino
1378 2522 1444 2582 che
1477 2540 1514 2582 se
1539 2518 1562 2579 li

282 2626 511 2689 abbrusciara
534 2626 612 2690 suoi
636 2628 728 2705 libri,
753 2627 802 2689 lui
825 2627 981 2690 vicissim
1005 2628 1028 2689 li
1053 2625 1284 2690 abbrusciara
1309 2626 1332 2688 li
1354 2624 1503 2704 castelli,
1528 2636 1563 2687 et

281 2735 384 2806 ville;
409 2736 473 2797 sed
498 2736 542 2797 de
567 2736 696 2798 haere
721 2738 801 2817 plus
825 2736 921 2799 satis.

371 2842 503 2904 Vostra
528 2840 696 2925 Signoria
719 2842 1039 2907 Reverendissirna
1072 2844 1118 2905 mi
1151 2842 1361 2906 commanda
1393 2843 1459 2904 che
1491 2861 1561 2903 non

281 2949 383 3030 piglii
418 2953 489 3011 cosl
515 2950 600 3032 ogni
633 2960 735 3032 gutta
770 2951 805 3013 in
829 2953 979 3014 mandar
1013 2959 1138 3033 queste
1171 2950 1333 3032 querele;
1369 2948 1563 3029 regratiola

282 3055 374 3120 assai
398 3057 458 3119 del
482 3076 546 3119 suo
570 3057 821 3121 humanissimo
853 3067 1033 3140 precett0,
1070 3079 1127 3120 ma
1150 3057 1241 3139 sapii
1266 3057 1384 3139 quella
1408 3057 1473 3118 che
1498 3076 1563 3136 per

280 3164 315 3226 la
339 3162 567 3245 importantia
591 3165 686 3226 della
710 3185 816 3228 causa
841 3176 964 3227 nostra
988 3186 1052 3227 son
1077 3173 1274 3228 constretto
1299 3185 1320 3225 a
1335 3163 1438 3244 farlo,
1463 3183 1563 3225 come

282 3271 315 3333 el
338 3270 470 3351 Signor
486 3270 685 3352 CarazzolO,
710 3282 746 3335 et
770 3293 904 3335 messer
928 3274 1118 3353 Raphaele
1142 3273 1178 3335 lo
1202 3291 1358 3354 possono
1383 3269 1562 3350 testificat,

281 3399 358 3440 cum
392 3379 426 3439 el
451 3378 599 3441 consilio
624 3379 678 3441 de’
704 3379 798 3460 quali
824 3399 889 3461 per
914 3378 1089 3442 necessita
1117 3380 1212 3441 della
1236 3399 1320 3441 cosa
1343 3380 1427 3441 holo
1451 3377 1561 3447 fatt03

281 3486 346 3546 che
379 3505 418 3547 se
441 3484 574 3548 Vostra
598 3485 767 3568 Signoria
789 3486 1107 3549 Reverendissima
1131 3488 1282 3548 vedesse
1312 3487 1345 3547 la
1369 3484 1563 3547 centesima

281 3603 383 3675 parte
417 3594 512 3655 della
545 3593 784 3657 concitatione
817 3595 852 3656 di
877 3594 1070 3659 Germania
1102 3594 1205 3656 aliter
1239 3592 1394 3656 sentiret.
1443 3591 1481 3652 Io
1514 3592 1561 3652 ho

281 3702 368 3762 letto
401 3701 494 3763 assai
526 3703 618 3765 bene
652 3704 684 3764 le
709 3702 855 3765 historie
888 3702 923 3764 di
949 3712 1074 3784 questa
1098 3701 1251 3764 Natione
1286 3711 1321 3762 et
1352 3698 1491 3761 heresie
1526 3708 1563 3760 et
1620 3707 1622 3709 ’

282 3806 436 3885 concilii,
462 3818 497 3870 et
521 3808 716 3884 schismati;
743 3810 812 3872 mai
837 3809 873 3872 fu
899 3810 989 3872 simil
1014 3830 1107 3872 cosa.
1155 3809 1196 3870 El
1222 3807 1382 3870 Schisma
1407 3806 1442 3867 di
1467 3807 1560 3868 Hen-

282 3914 354 3975 rico
380 3923 503 3978 contra
519 3915 619 3998 Papa
636 3916 813 3999 Gregorio
830 3916 991 4000 Septimo
1016 3920 1081 3979 che
1106 3914 1314 3979 commincio
1339 3914 1399 3995 qui
1423 3913 1456 3976 in
1473 3913 1560 3975 Vor-

282 4021 390 4084 matia
415 4030 527 4084 matre
552 4025 644 4086 delle
669 4024 845 4088 discordie
869 4024 1056 4105 presertim
1082 4033 1205 4087 contra
1229 4023 1381 4100 clerum,
1405 4020 1443 4082 fu
1468 4020 1563 4082 viole

283 4141 318 4192 et
342 4150 441 4203 rose;
467 4130 598 4212 perch&
623 4131 724 4211 quasi
748 4141 839 4193 tutta
861 4133 897 4194 la
912 4130 1104 4193 Germania
1129 4139 1164 4192 et
1189 4130 1211 4192 il
1235 4128 1307 4191 filio
1333 4128 1367 4190 di
1393 4148 1472 4189 esso
1498 4127 1562 4188 Im·

282 4248 449 4318 peratore
474 4257 583 4299 erano
617 4258 681 4318 per
705 4237 729 4299 il
754 4238 936 4302 Pontifice.
985 4237 1031 4300 Al
1056 4247 1224 4319 presente
1248 4255 1318 4298 non
1343 4234 1416 4297 scio
1441 4233 1496 4296 chi
1521 4233 1562 4296 sii

284 4365 349 4426 per
374 4344 443 4421 noi,
468 4364 507 4405 se
531 4363 600 4405 non
618 4344 736 4423 Cesar,
761 4344 784 4406 il
808 4347 890 4426 qual
916 4345 1057 4425 perche,
1083 4365 1120 4406 se
1146 4365 1166 4406 o
1189 4363 1254 4424 per
1277 4352 1372 4405 tema
1396 4342 1430 4403 di
1447 4340 1563 4423 questi

283 4451 417 4532 populi,
442 4470 463 4513 o
488 4470 552 4531 per
577 4449 724 4512 consilio
748 4453 840 4513 malo
866 4451 901 4513 di
926 4451 1002 4513 suoi
1027 4471 1097 4513 non
1122 4452 1140 4512 ὁ
1166 4451 1324 4529 sedotto,
1350 4448 1430 4511 sara
1454 4469 1562 4510 ancor

284 4561 354 4620 ben
379 4557 472 4620 assai
495 4560 561 4620 che
585 4557 625 4618 sii
650 4578 717 4620 con
743 4557 811 4621 noi.
859 4559 927 4620 Del
951 4568 1046 4620 resto
1070 4566 1162 4620 tutto
1190 4557 1210 4618 ’l
1235 4557 1366 4618 mundo
1395 4557 1413 4618 ὲ
1438 4567 1562 4618 contra

285 4665 353 4743 noi,
379 4674 414 4727 et
438 4684 525 4727 sono
551 4665 664 4745 questi
690 4665 768 4727 cani
792 4665 907 4728 rabidi
932 4664 1056 4727 armati
1082 4664 1117 4726 di
1141 4667 1245 4726 lettre
1272 4674 1307 4725 et
1331 4663 1366 4724 di
1391 4682 1497 4743 arme,
1527 4672 1562 4724 et

283 4775 352 4834 ben
379 4771 407 4832 si
432 4792 542 4833 sanno
567 4772 717 4853 gloriar,
742 4774 806 4835 che
831 4793 902 4834 non
928 4793 1015 4834 sono
1040 4771 1100 4853 piu
1125 4772 1239 4834 bestie
1264 4792 1369 4833 senza
1393 4771 1561 4852 ingegnO,

284 4899 382 4941 come
422 4878 445 4940 li
479 4881 554 4941 loro
588 4879 780 4961 maggiori,
822 4882 887 4942 che
922 4879 1058 4941 l'Italia
1091 4881 1138 4940 ha
1170 4899 1276 4960 perso
1309 4880 1342 4941 le
1374 4880 1492 4958 lettre,
1527 4889 1563 4939 et
