3559 5734
682 514 911 574 “⁴379sp-0

161 687 222 729 non
254 668 373 729 buone
405 687 497 729 nove
530 665 565 728 di
597 663 756 749 Spagna.
812 667 1020 730 Tuttavolta
1052 667 1086 733 el
1110 664 1248 730 Nuncio
1282 676 1318 731 ct
1350 667 1384 731 io
1415 669 1440 732 li

161 775 324 856 parlam0.
372 774 478 837 Disse
494 775 560 836 che
577 774 625 855 ph
649 794 781 856 pranso
807 775 961 837 sarebbe
985 793 1093 855 sopra
1117 784 1255 855 questo,
1280 784 1316 838 et
1338 794 1439 857 repe·

160 881 288 943 tendoli
313 881 347 944 io
371 882 395 943 li
420 881 600 944 desordini
624 882 690 943 che
716 882 761 942 da
785 880 845 943 doi
870 879 958 943 mesi
981 880 1017 943 in
1041 880 1110 962 qui
1135 901 1242 944 erano
1274 881 1439 946 cresciuti

161 1009 217 1069 per
238 996 365 1071 queste
381 998 480 1051 tante
504 989 675 1067 consulte,
700 988 796 1050 disse
820 988 885 1050 che
911 988 1070 1050 darebbe
1095 987 1220 1052 ordine
1245 997 1281 1051 et
1304 990 1369 1052 che
1389 989 1439 1052 fa·

160 1098 265 1158 rebbe
298 1098 330 1158 el
362 1115 426 1157 suo
452 1095 634 1177 possibile.
682 1095 737 1157 Ne
764 1095 811 1157 mi
834 1115 940 1177 parse
964 1094 1053 1176 perh
1077 1094 1113 1158 in
1138 1106 1264 1177 questo
1290 1098 1365 1159 cosi
1388 1117 1438 1159 ar·

159 1203 227 1265 dito
252 1223 354 1265 come
377 1222 443 1284 per
466 1201 604 1273 avanti;
638 1203 828 1264 tuttavolta
852 1203 949 1283 apud
973 1222 1096 1265 omnes
1120 1202 1155 1264 in
1181 1201 1347 1266 confesso
1375 1214 1439 1283 est,

159 1311 219 1373 che
252 1309 302 1372 lui
333 1310 351 1373 e
384 1309 690 1373 desiderosissimo
725 1309 761 1371 di
800 1309 1013 1392 extinguere
1049 1320 1176 1391 questa
1208 1330 1311 1389 cosa,
1345 1312 1440 1392 quod

159 1420 279 1499 cred0,
313 1438 371 1481 ma
403 1417 427 1478 li
460 1416 537 1489 suoi
562 1437 582 1479 a
607 1416 663 1479 chi
694 1415 742 1478 lui
773 1415 803 1478 si
834 1414 908 1478 fida
934 1436 1005 1478 non
1030 1436 1069 1479 so
1096 1437 1160 1499 per
1184 1419 1249 1480 che
1274 1437 1382 1481 causa
1405 1419 1440 1480 la

158 1527 361 1606 producano
385 1534 496 1604 tant0,
521 1546 559 1588 se
585 1544 654 1587 non
680 1524 811 1607 perche
836 1524 881 1585 mi
907 1544 995 1605 pare
1015 1523 1185 1586 habbiino
1203 1524 1263 1606 pin
1280 1534 1439 1607 respetto

157 1633 213 1694 alli
238 1633 405 1695 huomeni
430 1634 495 1694 che
519 1653 542 1695 a
565 1631 634 1694 Dio
641 1681 650 1713 ,
681 1642 717 1694 et
741 1652 809 1695 con
833 1640 959 1712 questa
984 1631 1141 1694 desditta
1164 1632 1249 1694 delli
1273 1633 1437 1695 ecclesia·

157 1740 231 1801 stici
257 1739 313 1802 far
336 1739 468 1821 meglio
492 1738 517 1800 il
540 1738 630 1801 fatto
656 1759 719 1802 suo
744 1740 928 1821 temporat.
985 1808 988 1818 ¹

244 1847 318 1909 Alli
335 1845 382 1909 Di
406 1846 541 1929 passati
565 1866 724 1909 venneto
750 1865 866 1908 nuove
891 1866 912 1907 a
929 1845 1061 1908 Cesare
1085 1847 1151 1909 che
1176 1846 1233 1908 nel
1249 1866 1313 1908 suo
1330 1865 1440 1928 paese

158 1956 211 2017 del
237 1956 391 2017 contado
415 1954 460 2016 de
477 1954 614 2035 Artoys
639 1964 674 2015 et
697 1954 718 2015 l’
734 1953 824 2016 isola
848 1953 883 2015 in
903 1953 1072 2015 Flandria
1096 1973 1184 2016 sono
1209 1954 1292 2016 stati
1317 1954 1438 2016 desco-

157 2062 247 2142 perti
272 2073 308 2123 et
331 2061 428 2142 presi
451 2060 550 2123 molti
575 2059 723 2122 heretici
748 2062 813 2122 che
829 2070 960 2123 teneno
975 2061 999 2123 il
1015 2081 1101 2122 vero
1117 2081 1228 2142 corpo
1245 2061 1282 2122 di
1299 2060 1439 2123 Christo

158 2188 225 2230 non
257 2188 356 2231 esser
378 2168 414 2230 in
440 2165 672 2230 Sacramento
697 2167 836 2246 altaris,
868 2169 932 2231 sed
962 2177 1099 2230 tantum
1123 2168 1159 2230 in
1184 2169 1324 2249 signum
1351 2167 1440 2249 fieri,

158 2277 312 2339 secundo
337 2276 358 2337 l'
377 2275 545 2357 opinione
570 2275 605 2337 di
622 2274 781 2338 Vichleff
801 2285 837 2337 et
861 2275 897 2336 di
921 2274 1142 2356 Berengario
1167 2278 1250 2357 qual
1273 2276 1439 2357 quodam-

158 2386 260 2446 modo
284 2383 440 2446 Martino
464 2403 530 2465 par
553 2385 619 2445 che
644 2382 809 2464 approbi,
840 2382 1001 2445 involute
1029 2391 1157 2462 tamen,
1182 2382 1217 2444 in
1242 2393 1368 2464 questa
1392 2385 1439 2445 ul·

157 2490 240 2553 tima
264 2510 376 2573 opera
399 2492 482 2571 qual
506 2492 636 2553 mando
660 2511 725 2572 per
749 2498 875 2571 questo
900 2488 1056 2553 corrieri.
1089 2490 1235 2553 Ancora
1259 2492 1290 2553 el
1317 2492 1439 2553 castel-

157 2600 237 2660 lano
268 2598 305 2660 di
336 2618 407 2660 una
436 2596 592 2661 sortezza
624 2597 661 2659 di
684 2596 895 2678 Monsignor
925 2596 961 2658 di
986 2596 1156 2660 Chievres
1181 2598 1231 2679 (ut
1255 2598 1332 2679 ipse
1357 2598 1440 2660 mihi

158 2701 289 2789 retulit)
314 2705 333 2766 ὲ
358 2703 432 2767 cosi
455 2704 645 2787 impaccito
670 2705 764 2768 nelle
780 2723 862 2767 cose
880 2704 916 2766 di
934 2703 1070 2767 Luther
1084 2705 1163 2766 chel
1179 2703 1281 2767 facea
1297 2704 1440 2786 publica

158 2809 382 2890 professione
406 2821 443 2874 et
466 2813 554 2892 pero
579 2812 597 2874 ὲ
622 2821 715 2874 stato
740 2813 921 2875 detenuto

245 2919 285 2981 In
303 2919 528 3005 Antuverpia
551 2940 590 2982 se
614 2919 798 3001 imprimea
814 2919 948 2983 Luther
972 2918 1007 2981 in
1032 2920 1228 3001 hispanico,
1253 2921 1361 2985 credo
1377 2941 1442 3003 per

159 3025 381 3088 solicitudine
406 3026 441 3088 di
465 3025 605 3089 Marani
629 3027 693 3090 che
718 3046 806 3090 sono
829 3026 864 3089 in
891 3027 1057 3107 Fiandra,
1085 3039 1182 3089 etse
1208 3028 1322 3090 devea
1347 3048 1439 3092 man·

159 3132 223 3195 dar
245 3134 279 3195 in
305 3132 479 3215 hispania,
504 3133 636 3197 Cesarc
660 3134 692 3197 ci
717 3135 763 3196 ha
787 3135 886 3197 detto
911 3134 1057 3197 haverci
1080 3134 1288 3198 remediat0.
1403 3134 1406 3137 ’

245 3241 279 3301 Α
312 3238 419 3303 Gand
452 3260 489 3302 se
521 3241 667 3323 predica
697 3259 762 3322 per
794 3242 817 3303 li
842 3241 1036 3304 Eremitani
1059 3241 1203 3323 publice
1227 3241 1262 3303 la
1284 3242 1442 3306 dottrina

159 3346 193 3408 di
218 3346 352 3410 Luther
376 3367 476 3411 come
500 3347 537 3409 di
560 3369 624 3410 san
649 3349 761 3412 Paulo
785 3349 855 3411 imo
880 3348 915 3410 di
941 3348 1091 3413 Christo.

244 3454 484 3517 Traiectensis
506 3455 798 3518 Monasteriensis
822 3465 857 3518 et
885 3456 1044 3537 reliquae
1069 3456 1233 3519 dioceses
1263 3457 1441 3520 inferioris

161 3559 374 3624 Germaniae
390 3571 482 3625 tutte
499 3583 587 3627 sono
611 3563 755 3644 putride
779 3563 815 3624 di
839 3572 966 3645 questo
990 3566 1125 3644 morb0,
1152 3575 1187 3627 et
1202 3564 1313 3627 Cesar
1334 3585 1379 3627 ne
1395 3567 1442 3628 ha

159 3669 291 3731 adviso.

246 3775 286 3837 In
318 3775 502 3839 hollandia
532 3775 561 3838 si
584 3776 734 3858 predica
754 3777 898 3859 publice
923 3779 957 3839 la
981 3777 1137 3841 dottrina
1160 3778 1195 3840 di
1221 3779 1364 3843 Luther.
1412 3779 1440 3841 Il

160 3891 249 3945 tutto
281 3883 363 3946 vien
388 3884 435 3945 da
458 3882 605 3946 Erasmo
630 3883 848 3965 hollandino,
873 3894 908 3947 et
932 3885 1047 3968 questi
1072 3885 1106 3946 di
1132 3884 1240 3949 Cesar
1264 3886 1345 3948 tutti
1369 3889 1441 3948 ben

161 3990 194 4051 lo
222 4009 445 4071 conoscono‚
478 4000 514 4054 et
545 3991 646 4072 quasi
678 4001 801 4074 aperte
825 3993 860 4055 lo
885 3992 1109 4056 confessario,
1157 3993 1198 4055 Li
1223 3990 1357 4057 Saxoni
1381 3994 1441 4076 qui

162 4095 195 4159 in
212 4096 317 4162 Dicta
337 4098 470 4181 passim
486 4098 678 4180 publicano
696 4119 793 4161 esser
809 4099 959 4162 viridico
974 4100 1129 4163 Martino
1146 4102 1277 4181 perche
1293 4101 1441 4164 Erasmo

163 4212 242 4266 tene
274 4207 319 4269 da
348 4205 407 4269 lui.
454 4205 497 4268 El
521 4214 653 4288 nepote
684 4208 741 4268 del
766 4207 878 4287 Duce,
904 4208 936 4269 el
960 4208 1044 4288 qual
1068 4207 1186 4270 debbe
1211 4209 1383 4289 desposar
1407 4211 1442 4271 la

162 4313 288 4375 sorella
312 4312 349 4375 di
373 4313 492 4391 Cesar,
518 4314 536 4377 ὲ
560 4313 621 4395 pilt
644 4313 772 4376 infetto
797 4314 831 4376 in
856 4323 981 4395 questo
1007 4316 1073 4378 che
1096 4314 1120 4377 il
1146 4315 1245 4378 Thio.

249 4418 289 4481 El
313 4420 416 4483 Duca
439 4419 598 4501 Georgio
628 4420 711 4483 olim
744 4430 835 4484 tutto
868 4431 990 4484 nostro
1014 4424 1061 4485 ha
1084 4422 1174 4485 fatto
1199 4425 1243 4485 de
1267 4426 1358 4486 male
1383 4425 1440 4486 de-

163 4527 379 4590 mostrationi
404 4538 440 4590 et
464 4527 619 4610 exempli
643 4528 703 4608 qui
727 4528 762 4590 in
787 4528 894 4591 Dieta
918 4540 1042 4591 contra
1066 4529 1135 4607 noi,
1160 4540 1195 4592 et
1219 4550 1351 4593 ancora
1375 4532 1441 4593 che

163 4633 240 4713 pari
261 4637 305 4696 ad
339 4635 455 4697 alcuni
478 4636 544 4698 che
568 4636 603 4696 lo
628 4634 698 4697 faci
721 4637 767 4698 ad
791 4646 878 4715 arte,
903 4636 1057 4699 dandoci
1081 4649 1206 4701 eontra
1229 4637 1264 4699 in
1290 4638 1441 4719 qualche

164 4752 263 4820 parte
291 4762 357 4823 per
388 4754 493 4824 poter
525 4745 656 4824 meglio
680 4742 830 4805 favorici
855 4743 890 4804 in
915 4743 950 4805 lo
975 4744 1042 4806 che
1065 4744 1127 4825 pilt
1151 4743 1320 4826 importa;
1348 4744 1440 4807 Non-

165 4846 300 4912 dimeno
325 4852 417 4913 male
441 4852 460 4913 ὲ
485 4850 540 4913 far
564 4851 682 4913 danno
707 4850 753 4912 da
777 4849 959 4933 Principio
983 4871 1049 4934 per
1073 4853 1252 4915 remediat
1279 4852 1350 4936 poi.
1398 4851 1441 4914 El
