3559 5734
832 523 1080 579 &ulid-0

315 673 349 734 in
375 682 465 734 tutto
488 670 640 734 ‘fatto'l0
664 672 730 732 che
754 672 801 732 lui
816 672 930 747 volea,
957 672 1074 733 donde
1099 692 1138 734 se
1160 692 1204 733 ne
1222 681 1326 734 trova
1342 674 1452 734 molto
1469 691 1595 753 aggra-

315 782 398 842 vato
423 789 458 841 et
482 780 552 842 mal
575 784 760 852 contento3
786 799 892 860 spero
917 779 983 841 che
1007 779 1032 840 li
1056 778 1226 841 advenire
1247 779 1505 860 ancorpeggio
1531 778 1597 840 nisi

314 889 439 950 redeat
462 888 516 948 ad
533 906 603 950 cor,
1397 894 1400 899 ’

404 994 446 1056 Li
462 992 658 1056 Lutherani
679 994 843 1055 haveano
860 991 921 1074 gia
944 1001 1086 1073 portato
1104 994 1200 1055 dalla
1219 993 1306 1055 fiera
1321 994 1356 1056 di
1374 993 1597 1056 Franchford

316 1095 504 1163 danuovo
529 1099 589 1181 piu
615 1099 650 1161 di
674 1108 728 1161 tre
752 1098 879 1179 grandi
905 1099 1085 1181 carriaggi
1109 1099 1145 1161 di
1169 1100 1249 1162 libri
1274 1100 1346 1163 cosi
1371 1100 1474 1181 primi
1499 1094 1598 1162 come

316 1208 431 1294 alcuni
466 1208 591 1287 nuovi,
628 1227 684 1268 ma
717 1205 859 1268 subbito
894 1208 1013 1268 hanno
1048 1209 1254 1287 sgombrat'o
1288 1215 1323 1269 et
1356 1228 1445 1269 sono
1477 1208 1598 1269 testati

316 1312 424 1377 molto
458 1313 598 1376 attoniti
632 1313 762 1395 perche
797 1333 862 1394 per
895 1322 1020 1394 questa
1044 1313 1174 1376 tardita
1208 1314 1244 1375 di
1268 1324 1436 1395 questoro
1470 1316 1547 1376 loro
1577 1335 1599 1376 0

315 1422 493 1511 c'redeano
527 1441 548 1484 o
573 1422 699 1482 saltem
732 1420 974 1501 divulgavano
1000 1423 1045 1483 de
1070 1423 1196 1483 credet
1225 1424 1290 1483 che
1315 1422 1426 1485 Cesar
1450 1444 1511 1484 era
1535 1443 1600 1505 per

315 1524 392 1591 loro
418 1529 568 1608 Luther,
605 1529 648 1589 ne
680 1548 786 1590 senza
810 1528 961 1607 qualche
986 1527 1176 1590 verisimile
1211 1529 1410 1591 coniettura
1433 1529 1599 1590 vedendo

316 1644 416 1698 tanta
439 1634 586 1707 tardit'a3
623 1634 769 1714 adesSO,
804 1637 959 1696 bassano
984 1636 1017 1696 le
1042 1632 1166 1707 corne;
1204 1656 1260 1696 ma
1284 1655 1349 1715 per
1378 1635 1551 1698 sostenire
1576 1635 1599 1697 il

317 1743 450 1824 populo
474 1742 583 1823 parte
602 1740 730 1802 dicono
755 1741 780 1802 il
803 1741 972 1803 mandato
998 1763 1096 1804 esser
1112 1743 1329 1822 surreptitiO,
1354 1756 1455 1823 parte
1480 1745 1545 1804 che
1571 1741 1599 1803 si

316 1849 353 1911 fa
376 1858 471 1911 torto
496 1870 517 1909 a
540 1830 791 1909 Martin0²che
815 1846 857 1909 sii
881 1856 937 1909 sta
960 1848 1168 1928 pubblicato
1194 1859 1383 1929 antequam
1407 1849 1601 1929 audiretur,

318 1966 354 2018 et
377 1954 472 2019 mille
496 1954 598 2016 simili
620 1938 712 2016 ‘baie
746 1964 781 2015 et
812 1954 1001 2016 commenti
1031 1954 1085 2016 de'
1111 1955 1215 2035 quali·
1240 1966 1408 2037 questoro
1442 1975 1486 2019 ne
1511 1976 1600 2018 sono

319 2061 523 2145 pienissimi.

407 2169 541 2259 Luther
565 2171 610 2230 ha
634 2169 718 2229 dato
744 2169 823 2230 fora
846 2151 1094 2230 ilcommento
1115 2189 1223 2250 sopra
1240 2170 1329 2231 XIII
1351 2168 1454 2251 primi
1475 2170 1600 2252 psalmi

319 2277 354 2339 di
379 2268 515 2355 David,
551 2275 724 2356 impresso
756 2275 791 2336 in
817 2274 960 2336 Basilea
991 2295 1057 2336 con
1083 2296 1153 2337 una
1177 2276 1330 2357 epistola
1362 2276 1397 2339 in
1423 2276 1541 2339 fronte
1565 2277 1602 2338 di

319 2378 388 2446 uno
414 2385 459 2445 de
476 2376 757 2462 Sconnemberg,
782 2383 887 2443 homo
913 2403 1013 2443 come
1038 2382 1086 2443 lui
1111 2382 1190 2443 dice
1208 2402 1301 2444 novo
1326 2391 1362 2444 et
1383 2404 1452 2445 non
1471 2382 1602 2463 nobile,

320 2511 377 2553 ma
401 2490 507 2571 pieno
532 2488 567 2550 di
592 2479 714 2550 crudel
737 2497 878 2550 veneno
904 2497 1028 2550 contra
1050 2488 1184 2568 Roma,
1209 2497 1333 2551 contra
1356 2491 1391 2551 la
1415 2492 1498 2570 qual
1521 2508 1602 2551 con·
1674 2472 1677 2475 ⁵

320 2596 390 2659 cita
413 2598 448 2659 la
469 2595 679 2673 Germania,
714 2595 770 2657 cui
795 2605 976 2677 nuncupat
1000 2595 1197 2676 epistolam.
1241 2596 1360 2657 Pocco
1385 2597 1431 2658 ho
1455 2606 1603 2676 possuto

319 2706 445 2785 legger
471 2704 528 2765 nel
552 2702 643 2766 libro
669 2703 798 2783 perche
824 2702 901 2764 heri
925 2723 1005 2763 sero
1030 2722 1086 2764 me
1109 2702 1146 2762 fu
1172 2710 1363 2783 apportato
1388 2704 1434 2764 da
1450 2702 1602 2764 Franch-

320 2811 411 2873 ford.
453 2809 596 2888 Luther,
622 2830 721 2871 come
746 2810 764 2871 ὸ
789 2830 930 2890 sempre
953 2809 1150 2871 incostante
1174 2821 1210 2871 et
1227 2810 1491 2890 contraditorio,
1517 2810 1552 2871 in
1568 2811 1604 2871 la

320 2917 499 2999 prefation
525 2917 632 2978 lauda
656 2915 698 2978 N.
724 2914 760 2979 S.
785 2916 845 2997 poi
870 2917 1008 2978 altrove
1032 2915 1191 2996 deprime
1217 2916 1238 2978 il
1264 2925 1397 2998 papato
1427 2925 1462 2978 et
1486 2916 1520 2978 in
1546 2938 1602 2979 eo-

322 3026 400 3086 dem
433 3023 509 3085 fere
541 3025 620 3084 loco
651 3023 772 3084 laudat
801 3032 836 3084 et
859 3021 1049 3102 vituperat.
1098 3022 1145 3083 Se
1170 3021 1250 3083 sard
1280 3031 1379 3084 tanto
1405 3025 1513 3103 longo
1545 3025 1605 3085 nel

321 3143 416 3194 resto
441 3129 522 3192 sera
546 3150 616 3191 uno
640 3128 877 3209 grandissimo
903 3129 1055 3191 librazzo
1080 3128 1186 3209 pleno
1212 3129 1247 3189 di
1270 3129 1420 3193 bezarie.

412 3237 574 3300 Sarebbe
598 3239 717 3297 buono
742 3238 807 3298 che
832 3257 897 3317 per
921 3235 978 3298 via
1003 3236 1037 3297 di
1062 3236 1142 3316 capi
1175 3238 1219 3297 de
1245 3235 1399 3298 Svizzari
1424 3257 1462 3298 se
1487 3237 1603 3317 prohi-

323 3345 417 3407 bisse
443 3345 513 3405 tale
537 3341 759 3423 impressioni
783 3342 818 3403 in
843 3342 996 3421 Basilea,
1020 3343 1150 3423 perche
1175 3342 1199 3404 li
1225 3343 1393 3425 Episcopi
1417 3342 1452 3403 in
1477 3353 1605 3424 queste

323 3461 416 3514 terre
441 3450 477 3511 di
502 3449 694 3512 Germania
718 3470 787 3511 non
813 3450 932 3510 hanno
957 3449 1142 3528 auttorita,
1167 3450 1352 3530 presertim
1377 3451 1470 3511 dove
1495 3449 1519 3512 li
1543 3469 1605 3530 po·

323 3558 397 3640 puli
421 3568 459 3619 se
484 3559 694 3638 gubernano
720 3574 783 3636 per
807 3551 1020 3637 plebiscita

412 3662 480 3724 Noi
512 3656 808 3724 attenderemua
832 3661 887 3723 far
917 3662 941 3723 il
965 3670 1078 3740 reste,
1111 3683 1149 3723 se
1178 3663 1290 3723 costui
1315 3682 1385 3724 non
1417 3662 1536 3735 viene3
1568 3674 1632 3725 et.

325 3791 363 3833 se
387 3769 492 3831 viene
517 3769 625 3831 farasi
650 3779 741 3831 tutto
766 3770 800 3830 lo
826 3771 892 3831 che
916 3767 1045 3850 patera
1068 3771 1102 3830 al
1126 3769 1323 3849 proposito,
1348 3770 1391 3831 nc
1416 3768 1445 3831 si
1466 3768 1608 3831 dubbiti

323 3877 368 3939 V.
393 3876 430 3938 S.
455 3877 531 3937 R¹¹¹⁸
554 3897 592 3937 se
624 3875 666 3937 sii
689 3889 753 3956 per
779 3897 955 3938 mancare.
1002 3874 1117 3958 Spero
1149 3877 1300 3956 qualche
1324 3878 1419 3938 buon
1445 3876 1542 3937 exito
1560 3898 1608 3938 se

324 3992 492 4064 questoro
526 3982 851 4064 impudentemente
886 3976 1257 4061 noneifingannano.
1306 3983 1356 4043 Le
1388 3984 1606 4045 demonstra-

324 4089 411 4152 tioni
443 4091 508 4151 che
536 4089 573 4150 fa
597 4090 640 4151 V.
666 4088 702 4152 S.
728 4090 804 4151 R¹la
827 4089 861 4150 in
892 4111 954 4151 sue
978 4091 1103 4151 lettere
1135 4091 1217 4152 hole
1242 4092 1328 4152 lette
1352 4089 1539 4152 volentieri
1570 4099 1609 4152 et

325 4218 392 4260 con
425 4189 470 4258 la⁴
485 4196 605 4258 debita
629 4197 845 4268 reveren‘tia3
877 4217 966 4259 sono
991 4197 1124 4277 optime
1156 4207 1191 4258 et
1214 4197 1303 4258 fatte
1327 4217 1392 4279 per
1417 4195 1475 4259 noi
1500 4204 1606 4258 cento

326 4305 423 4366 volte
455 4323 520 4385 per
552 4303 672 4365 avanti
703 4313 740 4365 et
763 4306 870 4368 molte
896 4306 984 4366 altre
1016 4305 1083 4365 che
1107 4325 1178 4365 non
1209 4323 1317 4384 posso
1351 4303 1502 4383 scriver,
1539 4304 1606 4366 che

327 4413 581 4473 deverebbeno
605 4410 660 4472 far
685 4411 835 4473 resentir
859 4412 883 4472 li
909 4410 1003 4481 saxi:
1029 4412 1092 4472 sed
1117 4409 1273 4472 canimus
1297 4410 1453 4472 fabulam
1478 4410 1606 4473 surdis,

326 4517 419 4580 Loro
451 4516 579 4579 dicono
612 4537 677 4597 per
701 4517 761 4598 piu
793 4517 1008 4599 expediente
1040 4537 1138 4579 esser
1160 4526 1253 4578 stato
1286 4519 1331 4578 de
1355 4520 1517 4598 besogno
1548 4516 1607 4578 far

326 4625 411 4704 cosi,
435 4625 644 4685 altramente
669 4623 804 4685 irritum
828 4626 987 4685 laborem
1011 4624 1099 4686 fore.
1139 4622 1340 4687 Vederemo
1364 4626 1398 4686 lo
1424 4626 1489 4686 che
1513 4623 1606 4687 sara.

413 4729 517 4791 Molti
541 4729 839 4792 dicono‘Martino
864 4751 935 4792 non
960 4751 1079 4793 essere
1102 4731 1317 4813 pervenire.
1354 4731 1394 4793 Li
1411 4729 1606 4811 Cesariaui,

326 4835 421 4916 quali
446 4837 557 4916 (come
582 4835 640 4917 gia
662 4836 794 4915 scrissi)
817 4839 980 4900 haveano
1005 4837 1127 4900 scritto
1152 4836 1187 4913 di
1204 4848 1299 4901 sorte
1324 4840 1389 4900 che
1405 4858 1514 4919 parea
1538 4839 1607 4901 che
