3559 5734
782 536 841 592 οὒ
882 535 1048 592 VIII&

283 689 373 750 Acta
392 683 656 750 Wormacr‘enst'a
673 683 857 763 Aleandri,
882 682 950 746 nisi
966 682 1059 763 talis,
1083 682 1233 747 inveniri
1248 695 1380 766 posset.
1426 683 1563 746 Etenim

284 794 366 857 dum
390 794 563 875 epistolae
580 792 789 856 lutheranae
812 811 878 855 nec
902 790 1103 873 vestigium,
1128 810 1194 853 nec
1218 790 1362 870 minuta,
1386 811 1452 854 nec
1472 802 1564 854 tran·

283 900 430 983 scriptio
454 897 754 982 interpontificia
777 908 1005 962 monumenta
1029 898 1228 977 exhibetur,
1252 897 1354 961 huius
1378 898 1565 962 vaticanae

283 1017 403 1072 textus
427 1005 591 1071 officialis
614 1006 708 1069 inter
732 1016 812 1069 acta
836 1004 976 1069 sincera
1011 1005 1129 1068 dietae
1152 1005 1442 1086 Wormatiensis,
1473 1006 1566 1070 inter

283 1113 519 1179 sincerissima
534 1112 682 1176 Concilii
698 1112 897 1176 Tridentini
912 1122 1139 1175 monumenta
1162 1112 1196 1174 in
1214 1111 1396 1176 secretiori
1413 1111 1566 1177 Sanctae

284 1217 389 1284 Sedis
413 1219 589 1285 tabulario
614 1220 777 1283 omnibus
800 1229 911 1301 patet.

373 1328 477 1409 Quod
501 1328 532 1392 si
555 1348 622 1391 nec
645 1329 735 1391 haec
760 1326 971 1408 argumenta
994 1326 1190 1407 sufficiunt,
1224 1327 1377 1390 addatur
1408 1337 1445 1390 et
1468 1328 1565 1410 illud,

283 1436 378 1517 quod
402 1437 449 1499 ab
474 1434 683 1500 auctoritate
708 1454 932 1499 romanorum
957 1433 1168 1516 scriptorum
1191 1433 1333 1497 eruitur.
1390 1434 1437 1497 Iis
1472 1436 1565 1499 enim

286 1540 429 1615 omnino
452 1541 577 1623 ignota
601 1541 668 1605 fuit
691 1542 889 1620 lutherana,
914 1548 999 1603 nota
1029 1541 1195 1605 vaticana
1224 1563 1315 1624 quae
1348 1543 1473 1623 procul
1506 1543 1566 1605 du-

284 1648 345 1712 bio
368 1648 516 1713 strictim
534 1670 555 1712 a
571 1669 707 1712 coaevo
732 1645 946 1711 narratziim's
970 1645 1069 1711 mim
1088 1648 1340 1733 reformationis
1363 1658 1508 1713 auctore
1532 1661 1568 1714 et

285 1759 330 1819 ab
353 1755 433 1838 ipso
457 1755 638 1821 Cardinali
662 1755 885 1819 Pallavicino
917 1755 1079 1836 refertur,
1104 1776 1209 1837 quum
1244 1778 1308 1820 nec
1339 1757 1417 1841 ipse
1448 1756 1562 1821 Cardi-

285 1863 376 1927 nalis
400 1884 465 1927 nec
490 1863 623 1928 Paulus
647 1861 754 1945 Sarpi
780 1863 988 1925 lutheranae
1012 1863 1219 1927 meminerit.
1295 1910 1298 1921 .

374 1968 447 2034 Sed
464 1990 638 2053 quaenam
663 1989 771 2034 causa
793 1969 870 2050 fuit,
895 1990 966 2051 cur,
992 1969 1144 2051 epistola
1167 1970 1331 2034 vaticana
1351 1971 1444 2035 inter
1457 1991 1567 2055 opera

286 2078 432 2143 Lutheri
456 2077 600 2156 omissa,
639 2075 733 2140 adsit
772 2077 841 2139 alia
875 2097 943 2140 nec
976 2077 1115 2140 sincera
1153 2088 1189 2140 et
1224 2078 1367 2142 omnino
1405 2079 1568 2143 diversa?

287 2183 392 2247 Nulla
415 2195 513 2248 certe
536 2185 571 2249 in
596 2184 770 2247 Romanis
793 2184 1027 2266 scriptoribus
1042 2183 1144 2247 huius
1160 2185 1418 2249 substitutionis
1443 2188 1568 2250 adesse

287 2300 428 2374 poterat
444 2291 558 2365 rati0;
583 2292 679 2373 quod
695 2290 801 2354 facile
826 2291 952 2372 cuique
977 2290 1115 2373 patebit
1138 2292 1328 2355 dummodo
1352 2301 1455 2356 tenor
1479 2292 1566 2376 epis·

287 2399 382 2463 telae
407 2400 630 2479 lutheranae,
655 2398 809 2481 demptis
843 2397 1201 2479 contradictionibus,
1233 2419 1425 2482 parumper
1458 2399 1568 2463 consi·

288 2507 453 2580 deretur;
484 2526 556 2569 non
587 2506 681 2570 enim
713 2504 749 2569 in
782 2504 860 2587 ipsa
893 2506 1070 2569 habentur
1102 2526 1192 2587 quae
1217 2527 1238 2569 a
1262 2506 1446 2569 catholicis
1470 2506 1564 2569 reici·

287 2623 407 2686 antur;
432 2632 510 2676 cum
536 2613 622 2677 nulli
645 2632 758 2695 usque
781 2614 850 2675 huc
874 2612 1008 2675 homini
1031 2613 1206 2676 catholico
1230 2623 1292 2675 aut
1316 2616 1363 2676 ob
1387 2613 1568 2677 doctrinas

289 2717 403 2782 minus
421 2719 685 2799 convenientes,
701 2729 762 2782 aut
786 2721 833 2782 ob
858 2722 988 2803 stylum
1012 2718 1185 2783 incertum
1209 2720 1353 2782 dubium
1370 2720 1569 2802 ingesserit,

288 2846 352 2890 nec
381 2826 565 2890 doctrinae
596 2826 761 2890 diversae
794 2826 865 2890 sint
895 2827 932 2890 in
962 2826 1148 2890 lutherana
1180 2847 1285 2908 quam
1315 2827 1350 2888 in
1386 2826 1567 2901 vaticana3

288 2934 358 2997 alia
382 2953 468 3017 ergo
493 2944 529 2996 et
552 2933 589 2998 in
613 2933 691 2998 aliis
714 2933 974 2997 substitutionis
998 2952 1105 2996 causa
1126 2943 1318 3014 quaeratur
1334 2953 1479 2997 neeesse
1504 2944 1567 2996 est.

377 3041 417 3105 In
451 3041 616 3106 vaticana
644 3040 796 3124 epistola
819 3041 965 3105 nonulla
989 3051 1070 3103 sunt
1095 3060 1186 3121 quae
1210 3038 1245 3103 in
1268 3042 1455 3104 lutherana
1478 3040 1567 3104 desi·

289 3150 469 3229 derantur,
494 3169 655 3231 quaeque
676 3149 794 3213 omnia
811 3147 1029 3212 Fridericum
1054 3145 1234 3211 Saxonem
1258 3167 1429 3231 magnum
1440 3147 1567 3213 Luthe-

289 3255 432 3321 ranismi
471 3265 662 3338 patronum
703 3254 908 3338 respiciunt.
969 3256 1060 3317 Dum
1095 3256 1280 3317 lutherana
1313 3274 1378 3336 pro
1410 3265 1508 3318 certo
1533 3266 1569 3319 et

192 3395 196 3402 ·
289 3363 389 3427 firmo
413 3363 516 3445 ponit
539 3364 652 3446 ipsum
670 3363 811 3428 omnino
836 3372 873 3426 et
896 3382 1037 3445 semper
1059 3361 1236 3425 infensum
1260 3362 1416 3425 Luthero
1440 3362 1568 3437 fuisse;

290 3469 454 3534 vaticana
478 3490 557 3534 eum
585 3480 785 3552 patronum,
808 3469 999 3551 fautorem,
1024 3469 1174 3532 amicum
1197 3468 1344 3533 Lutheri
1368 3469 1569 3541 confirmat3

290 3577 456 3659 quodque
480 3575 667 3660 plurimum
692 3576 814 3656 refert,
838 3577 921 3640 dum
935 3577 1122 3640 lutherana
1139 3596 1204 3639 nec
1221 3576 1411 3658 vestigium
1426 3578 1569 3657 quidem

291 3683 468 3747 minimum
491 3682 762 3767 promissionum
779 3683 889 3746 Ducis
914 3682 1116 3747 executioni
1141 3694 1177 3746 et
1192 3682 1297 3747 factis
1313 3684 1569 3749 contrariarum

290 3790 404 3871 affert,
420 3790 586 3854 vaticana
611 3791 804 3855 earundem
814 3790 1087 3873 promissionum
1101 3790 1345 3871 reminiscitur,
1361 3793 1505 3855 easdem
1517 3813 1571 3856 re·

290 3898 370 3976 fert,
387 3905 424 3960 et
436 3896 618 3960 Friderico
631 3907 714 3961 ante
725 3898 848 3961 oculos
860 3918 925 3961 ceu
939 3896 1141 3961 testimonia
1154 3896 1309 3961 violatae
1320 3897 1404 3961 fidei
1415 3899 1570 3964 obiicere

291 4024 362 4068 non
377 4015 530 4067 veretur.
567 4003 647 4066 Non
665 4006 804 4085 acerbe,
820 4024 891 4068 non
908 4004 1046 4083 acriter,
1063 4004 1127 4066 sed
1142 4004 1315 4069 indirecte
1331 4006 1570 4088 suavibusque

291 4110 404 4174 modis
416 4111 505 4173 haec
522 4109 629 4184 fiunt;
654 4110 704 4173 ita
719 4120 836 4174 tamen
850 4121 888 4173 ut
900 4130 964 4174 nec
978 4109 1150 4174 Friderici
1166 4111 1316 4194 gloriam
1331 4124 1485 4194 augeant
1504 4136 1570 4179 nec

290 4216 400 4299 ipsius
424 4216 529 4280 animi
554 4217 825 4298 germanitatem
850 4229 885 4281 et
910 4218 1133 4283 nobilitatem
1157 4221 1356 4284 ostendant.

380 4323 454 4387 Leo
489 4322 638 4387 virtutes
668 4325 937 4407 progenitorum
962 4325 1133 4388 Friderici
1171 4338 1348 4407 recenset,
1383 4347 1504 4391 eorum
1534 4328 1568 4391 in

291 4430 460 4494 Sanctam
484 4430 615 4494 Sedem
640 4430 866 4495 devotionem
890 4431 1125 4515 singularem,
1156 4435 1268 4497 zelum
1291 4433 1326 4497 in
1350 4433 1458 4497 variis
1481 4435 1569 4499 Boe·

293 4557 426 4600 morum
451 4538 737 4602 contentionibus
762 4538 972 4612 exhibitum
997 4541 1250 4623 promissorum
1273 4540 1418 4623 pietatis
1440 4552 1475 4605 et
1490 4562 1569 4605 con·

291 4642 443 4707 stantiae
467 4645 739 4707 redundantium
763 4644 931 4726 meminit,
956 4666 1048 4727 quae
1072 4648 1252 4711 Cardinali
1277 4646 1447 4712 Caietano
1470 4668 1569 4731 prae·

292 4748 431 4813 stiterat
453 4751 538 4813 Dux
562 4771 739 4832 quaeque,
764 4751 895 4816 iamdiu
919 4755 967 4816 ab
990 4753 1068 4835 ipso
1093 4753 1273 4818 Cardinali
1297 4754 1463 4818 Romano
1481 4756 1570 4818 Pon·

293 4854 378 4919 tifici
403 4857 548 4937 relatae,
573 4856 738 4922 ferebant
765 4861 898 4921 Ducem
922 4858 1039 4943 ipsum
1062 4859 1239 4924 hominem
1254 4860 1362 4941 illum,
1378 4861 1570 4925 Martinam
