3559 5734
834 539 1081 600 0-{354354

318 687 505 755 cimanona
539 689 675 774 Aprilis
712 690 839 755 fortius
881 693 1059 754 rebellant
1096 700 1131 753 et
1171 688 1342 754 Comitem
1378 688 1600 754 Ludovicum

317 800 471 882 capiunt.
518 796 679 881 Septima
701 798 788 861 Maii
821 799 999 880 equitatus
1022 798 1240 861 Marchionis
1264 798 1299 861 in
1332 819 1394 861 eos
1429 799 1531 862 irruit
1563 808 1600 861 et

316 907 420 970 cedit.
467 904 650 969 Interfecti
675 915 756 969 sunt
778 912 875 985 3500.

405 1031 508 1113 Fuga
532 1031 660 1112 dilapsi
684 1031 884 1093 incendium
917 1050 1047 1093 novum
1071 1039 1200 1113 parant
1230 1029 1266 1092 in
1294 1030 1499 1111 Elvangon,
1534 1031 1599 1092 sed

317 1139 424 1203 vicini
450 1140 494 1202 de
518 1137 592 1220 liga
623 1137 815 1200 contractis
845 1137 1001 1219 undique
1033 1137 1146 1218 copiis
1176 1137 1277 1200 Duce
1300 1137 1519 1200 Reuehardo
1553 1140 1599 1199 de

314 1247 474 1311 Nienech
498 1246 648 1309 rusticos
672 1247 819 1309 vincunt
842 1246 996 1328 praelio,
1030 1245 1275 1307 decimoctavo
1304 1243 1390 1306 Maii
1425 1243 1598 1325 oppidum

314 1364 497 1436 receptum
523 1365 576 1416 est
600 1362 636 1416 et
659 1352 866 1435 praeposito
890 1353 1091 1415 restitutum
1119 1372 1161 1415 ac
1191 1352 1340 1414 reducta
1372 1351 1520 1433 antiqua
1543 1373 1597 1414 sa·

313 1482 383 1524 cra.
433 1459 607 1523 Decollati
631 1460 842 1542 vigintitres.
891 1459 995 1523 Caesi
1019 1463 1094 1538 436.

402 1586 443 1648 In
472 1584 719 1647 Marchionatu
752 1584 1070 1665 Brandeburgensi
1103 1583 1277 1666 superiori
1309 1584 1441 1666 passim
1472 1585 1597 1647 rustici

313 1703 349 1757 et
372 1713 480 1774 saepe
505 1691 742 1754 moliebantur
766 1691 1014 1764 rebellionem;
1051 1693 1269 1754 obsederunt
1306 1691 1476 1773 oppidum
1502 1692 1595 1754 Neu-

312 1811 383 1863 stat
408 1821 448 1878 24
472 1799 569 1863 Maii.
622 1799 809 1880 Equitatus
834 1799 909 1861 eius
934 1798 1048 1861 exivit
1070 1797 1379 1880 Marcktelszpach
1404 1801 1449 1860 ad
1475 1798 1597 1881 Ipsen,

311 1907 463 1970 rusticos
487 1906 618 1970 occidit
631 1906 774 1988 passim,
799 1906 902 1969 villas
926 1905 1093 1968 incendit.
1140 1905 1180 1966 In
1196 1904 1256 1986 Ips
1274 1908 1397 1967 decem
1414 1906 1594 1968 decollati.

313 2030 347 2077 2⁸
369 2014 463 2094 Junii
488 2013 644 2075 venitin
669 2012 952 2092 Leuterszheim,
981 2012 1137 2094 quinque
1162 2012 1372 2091 decollavit,
1405 2023 1521 2075 turres
1558 2023 1596 2074 et

309 2122 450 2184 moenia
474 2120 608 2183 destrui
631 2119 735 2200 fecit,
770 2120 998 2202 septuaginta
1033 2119 1170 2181 civibus
1202 2118 1238 2180 in
1268 2118 1435 2200 Hitzinge
1468 2122 1595 2181 oculos

310 2229 385 2292 erui
408 2228 525 2301 iussit3
549 2226 681 2309 passim
705 2227 871 2290 decollati
895 2226 1010 2298 multi;
1036 2225 1196 2307 pluribus
1221 2225 1324 2307 digiti
1348 2226 1418 2288 duo
1436 2226 1594 2304 dissecti,

310 2335 418 2399 occisi
441 2344 516 2398 toto
540 2344 711 2416 tempore,
736 2334 830 2397 circa
857 2355 951 2397 2000.

398 2460 544 2523 Alsates
568 2460 745 2522 rebellant
768 2459 965 2522 Archiduci
990 2457 1176 2538 Austriae,
1208 2458 1388 2541 Episcopo
1423 2459 1592 2540 Argenti-

309 2567 410 2630 nensi
436 2575 472 2629 et
495 2565 691 2629 Comitibus
716 2550 780 2629 etc.
810 2576 846 2628 et
869 2566 1031 2628 subditos
1055 2585 1197 2646 quoque
1220 2564 1429 2646 Lotharingi
1463 2567 1509 2628 ad
1537 2588 1592 2630 re·

308 2674 499 2737 bellionem
523 2683 737 2755 provocant,
764 2679 859 2735 unde
884 2673 1063 2735 exercitus
1087 2671 1298 2751 Lotharingi
1322 2671 1592 2735 decimaoctava

307 2780 394 2843 Maii
418 2799 570 2862 vespere
594 2779 731 2843 invadit
755 2789 790 2842 et
813 2779 923 2841 vincit
947 2779 1097 2841 rusticos
1128 2779 1163 2841 in
1193 2778 1381 2859 Aupstein.
1429 2780 1591 2842 Decima-

308 2907 402 2950 nona
439 2887 526 2949 Maii
560 2888 711 2950 rusticos
744 2887 860 2950 fundit
896 2888 930 2949 in
966 2887 1120 2949 Tabern.
1153 2886 1335 2965 Vigesima
1371 2886 1456 2948 Maii
1495 2887 1591 2950 inter

306 2993 479 3073 Jambach
495 3003 531 3056 et
544 2993 754 3057 Strorreiler
766 2997 882 3056 denuo
901 2991 1067 3076 profligat
1082 2993 1245 3065 rusticos;
1261 3012 1433 3073 aggerem
1447 3013 1591 3075 quoque

306 3102 525 3183 proximum,
558 3100 747 3164 interfecto
778 3101 959 3185 praesidio
997 3099 1163 3181 imposito
1192 3110 1360 3181 occupat,
1391 3113 1426 3163 et
1454 3101 1589 3182 passim

306 3209 455 3272 rusticos
479 3209 605 3271 obvios
629 3209 775 3291 iugulat.
825 3209 1013 3271 Perierunt
1042 3207 1077 3269 in
1102 3207 1157 3269 his
1185 3209 1346 3269 cladibus
1370 3209 1462 3270 ultra
1488 3212 1588 3273 2000.

395 3333 435 3395 In
461 3333 646 3395 Buchonia
670 3334 845 3395 rebellant
867 3332 989 3394 rustici
1014 3332 1111 3394 abati
1135 3332 1303 3395 Fuldensi
1333 3343 1368 3396 et
1392 3333 1588 3401 nobilibus;

306 3460 368 3502 eos
404 3439 498 3502 cedit
533 3448 569 3502 et
603 3438 762 3520 reprimit
797 3438 1036 3520 Lantgravius
1070 3438 1239 3508 Hassiae;
1276 3440 1469 3502 desiderati
1504 3453 1589 3501 sunt

304 3547 398 3609 ultra
424 3566 519 3608 2000.

394 3670 434 3732 In
459 3669 655 3751 Thuringia
678 3672 854 3733 rebellant
877 3669 1017 3751 rustici,
1053 3670 1273 3734 Monasteria
1304 3681 1340 3733 et
1362 3691 1464 3733 arces
1487 3671 1584 3734 nobi-

306 3776 391 3840 lium
415 3775 605 3859 diripiunt,
633 3779 782 3841 authore
816 3777 953 3839 Thoma
982 3778 1132 3840 Mintzer
1163 3780 1319 3859 plebano
1344 3778 1378 3840 in
1403 3778 1583 3841 Franken-

306 3886 429 3946 husen.
485 3880 735 3965 Supervenere
769 3884 927 3963 Joannes
960 3898 996 3947 et
1029 3885 1207 3967 Georgius
1242 3885 1360 3947 Duces
1392 3883 1587 3954 Saxoniae‚

306 3991 437 4053 Ericho
461 3989 712 4053 Brunsviensis
737 4001 772 4053 et
796 3991 983 4073 Philippus
1000 3991 1237 4074 Lantgravius
1253 3992 1415 4055 Hassiae.
1445 4014 1479 4071 15
1499 3993 1587 4054 Maii

305 4097 456 4161 rusticos
479 4095 687 4178 conficiunt,
710 4096 872 4179 pluribus
897 4098 1028 4180 captis,
1052 4099 1207 4162 Thomas
1231 4099 1382 4161 Mintzer
1406 4084 1583 4162 modicum

305 4212 444 4268 assatus
468 4214 504 4266 et
530 4203 659 4266 deinde
691 4205 887 4268 decollatus
917 4216 981 4269 est.
1033 4204 1195 4268 Confessi
1228 4216 1309 4268 sunt
1340 4206 1472 4288 captivi
1504 4228 1584 4288 pro·

305 4310 459 4394 positum
483 4330 604 4374 eorum
631 4311 741 4374 fuisse
770 4312 957 4394 Principes
988 4332 1110 4375 omnes
1142 4322 1178 4375 et
1210 4313 1349 4376 nobiles
1381 4313 1584 4389 occidendi;

304 4418 487 4500 perierunt
509 4416 544 4479 in
569 4438 611 4480 ea
636 4420 737 4482 clade
760 4421 852 4482 ultra
878 4439 974 4498 7000.

394 4542 611 4624 Progressus
635 4544 814 4606 exercitus
837 4554 963 4606 contra
978 4544 1201 4625 Molhausen,
1225 4546 1287 4607 ubi
1302 4555 1404 4608 erant
1418 4556 1584 4610 auctores

305 4648 477 4723 criminis;
510 4659 684 4731 occupato
713 4651 866 4733 oppid0,
899 4651 1044 4732 antiqua
1074 4672 1175 4715 sacra
1204 4661 1240 4714 et
1263 4654 1378 4715 clerus
1401 4653 1586 4717 restitutus

305 4767 369 4837 est,
393 4756 499 4819 armis
529 4757 692 4820 omnibus
715 4767 750 4820 et
774 4758 958 4821 tormentis
982 4758 1119 4822 bellicis
1143 4759 1241 4822 exuti
1266 4759 1373 4840 cives,
1398 4761 1585 4824 solverunt

307 4862 456 4926 ducibus
481 4884 590 4941 40000
615 4863 690 4926 flor.
715 4875 751 4926 et
775 4864 923 4945 singulis
952 4865 1053 4928 annis
1078 4867 1236 4947 pendant
1265 4887 1347 4945 ¹500
1371 4864 1405 4929 fl.
1430 4875 1465 4928 et
1488 4867 1583 4950 prin·
