3559 5734
719 533 966 590 &mir-0

291 679 370 743 Non
404 681 557 744 emolto
580 692 712 743 venuto
739 702 759 743 a
783 684 878 744 buon
903 692 1015 763 punto
1049 683 1134 763 che,
1167 684 1202 745 al
1225 693 1392 765 presente
1415 685 1480 747 che

203 804 314 850 stamo
344 787 379 850 in
413 796 539 869 questo
563 798 659 850 resto
684 789 728 850 de
753 789 1002 870 expeditione,
1034 789 1076 851 sii
1104 797 1197 851 stato
1222 792 1340 853 levato
1372 792 1406 853 el
1430 812 1480 853 se-

202 905 345 976 questro
370 894 405 957 in
430 896 464 956 la
488 915 595 957 causa
621 897 665 958 de
690 895 713 957 li
738 895 837 957 frutti
863 897 907 958 de
933 895 1090 959 Valenza
1114 898 1173 972 del
1197 896 1375 979 Episcopo
1393 898 1479 960 Leo·

202 1001 324 1064 diense
355 1010 390 1063 et
420 1009 590 1064 revocato
622 1004 655 1065 el
680 1006 789 1065 breve
814 1022 985 1065 concesso
1016 1023 1081 1084 per
1112 1005 1145 1066 el
1169 1001 1233 1066 8¹³⁰
1257 1006 1389 1087 perche
1421 1005 1480 1068 nui

202 1108 390 1171 habbiamo
415 1130 436 1171 a
460 1107 516 1171 far
540 1111 584 1171 de
609 1109 668 1189 lui,
694 1120 729 1172 et
753 1130 852 1171 come
877 1111 966 1172 altre
985 1112 1079 1173 volte
1103 1111 1149 1173 ho
1167 1110 1300 1191 scritto,
1326 1113 1374 1174 lui
1393 1112 1431 1175 fu
1455 1112 1479 1175 il

202 1216 314 1297 primo
346 1217 412 1279 che
443 1215 653 1278 commincid
683 1237 705 1278 a
735 1219 806 1285 ben
830 1220 1011 1298 besognar
1041 1218 1076 1279 in
1101 1228 1226 1299 questo
1251 1218 1403 1300 negocio
1435 1221 1479 1281 de

202 1323 350 1403 Luther,
386 1333 421 1386 et
452 1323 470 1385 ὸ
502 1333 600 1387 certo
632 1332 668 1386 et
699 1344 808 1386 ancor
839 1323 873 1385 in
903 1333 1028 1405 questo
1061 1335 1180 1406 tempo
1212 1327 1305 1388 dove
1337 1326 1357 1389 e
1386 1336 1480 1390 stata

201 1429 455 1511 l’importanza
478 1431 525 1492 da
548 1430 609 1513 poi
633 1433 665 1494 el
689 1431 790 1493 venir
815 1432 860 1494 de
883 1432 1031 1512 Luther,
1056 1453 1094 1494 se
1119 1431 1138 1493 e
1162 1443 1304 1514 portato
1330 1435 1477 1496 excelle-

202 1547 355 1600 temente
389 1545 527 1600 etcum
553 1537 684 1600 Cesare
719 1546 754 1600 et
779 1537 936 1601 Chevres
970 1540 1066 1622 apud
1095 1560 1184 1621 quos
1218 1542 1330 1621 pollet
1362 1540 1479 1622 gratia

201 1654 236 1706 et
259 1644 302 1729 (si
326 1645 447 1725 vellet)
473 1642 578 1705 etiam
604 1644 826 1724 auctoritate,
852 1656 887 1707 et
911 1665 989 1708 curn
1013 1646 1129 1728 questi
1153 1647 1305 1729 principi
1327 1648 1478 1711 alemani

200 1752 244 1812 de
275 1751 299 1814 li
324 1751 420 1832 quali
444 1750 493 1813 lui
515 1753 562 1813 ha
587 1751 777 1814 benissimo
803 1754 836 1814 la
861 1753 1000 1835 lingua,
1032 1755 1096 1816 che
1122 1763 1219 1817 certo
1246 1755 1331 1817 nihil
1363 1756 1478 1836 potuit

198 1858 232 1920 in
267 1880 309 1920 eo
334 1857 549 1939 desiderari,
582 1858 637 1921 his
660 1860 870 1940 praesertim
905 1860 1093 1942 postremis
1126 1862 1252 1924 diebus
1282 1862 1316 1924 in
1349 1863 1477 1943 quibus

199 1964 382 2028 conflictus
406 1963 472 2027 fuit
496 1985 589 2028 acer.
627 1966 783 2028 Adcedit
808 1969 872 2028 che
897 1968 1062 2030 havendo
1087 1967 1135 2031 lui
1160 1980 1286 2049 quatro
1311 1990 1332 2030 o
1350 1970 1476 2052 cinque

197 2073 334 2154 grande
367 2074 526 2154 querelle
549 2093 616 2153 per
648 2073 671 2135 li
695 2073 874 2156 privilegii
908 2075 1069 2137 concessi
1101 2096 1122 2137 a
1147 2075 1265 2138 Roma
1298 2099 1319 2140 a
1351 2078 1432 2139 laici
1456 2099 1476 2139 a

200 2179 437 2261 grandissima
461 2179 692 2243 enervatione
717 2182 774 2243 del
800 2202 863 2244 suo
888 2181 1106 2263 episcopato,
1132 2183 1201 2245 mai
1226 2205 1270 2245 ne
1293 2185 1340 2246 ha
1356 2186 1476 2247 voluto

197 2286 251 2349 dir
280 2289 406 2369 parola
431 2307 452 2349 o
476 2286 577 2349 farne
609 2307 676 2370 pur
700 2308 812 2370 segno
843 2288 878 2350 in
903 2300 1029 2370 questa
1053 2290 1166 2369 dieta,
1202 2299 1238 2353 et
1261 2291 1335 2354 scio
1367 2287 1475 2354 eheie

196 2403 289 2457 stato
320 2395 430 2457 molto
462 2394 670 2457 extimulato
702 2397 747 2458 da
778 2395 860 2457 altri
892 2416 913 2458 a
942 2396 1044 2458 farne
1077 2398 1344 2477 lamentatione,
1380 2401 1475 2480 quod

195 2521 336 2583 semper
360 2501 477 2563 animo
501 2504 614 2564 verbo
639 2511 673 2563 et
698 2521 736 2564 re
761 2502 983 2583 apertissime
1007 2503 1194 2568 recusavit.
1240 2505 1345 2568 Unde
1369 2506 1474 2568 facile

194 2608 342 2671 inducor
366 2617 406 2670 ut
429 2609 572 2671 credam
596 2609 703 2690 (quod
722 2619 757 2670 et
777 2607 854 2690 ipse
871 2608 954 2671 mihi
971 2610 1192 2673 sanctissime
1207 2610 1336 2674 iuravit
1353 2615 1474 2695 saepe)

194 2718 261 2778 ohe
285 2717 404 2797 quella
428 2717 587 2796 querella
612 2725 786 2798 concepta
811 2717 900 2778 altre
915 2718 1013 2779 volte
1036 2737 1102 2798 per
1126 2738 1260 2800 porget
1279 2719 1312 2781 in
1328 2720 1363 2782 la
1378 2720 1474 2782 dieta

194 2824 239 2884 de
264 2823 429 2903 Augusta
452 2821 489 2884 iu
513 2822 603 2885 satta
627 2823 743 2884 daun
768 2824 940 2886 canonico
965 2825 1009 2885 de
1034 2823 1298 2906 Aequisgrana,
1324 2827 1388 2888 che
1413 2848 1475 2889 era

193 2930 230 2992 in
261 2929 357 2991 dieta
382 2949 448 3012 per
471 2950 575 2991 nome
606 2930 664 2991 del
689 2933 784 2993 clero
809 2931 991 2993 leodiense
1024 2939 1147 2993 contra
1179 2932 1236 2994 chi
1267 2932 1473 3015 l'episcopo

193 3039 240 3099 ha
263 3057 332 3099 una
357 3034 592 3117 grandissima
615 3037 677 3099 lite
703 3038 736 3099 in
762 3047 856 3110 rota;
883 3048 918 3100 et
943 3048 1068 3120 questo
1093 3040 1265 3102 canonico
1283 3061 1398 3104 messo
1415 3043 1473 3105 del

193 3145 291 3206 clero
322 3142 537 3207 nominando
574 3143 780 3225 l'episcopo
812 3156 936 3206 auctor
967 3147 1011 3207 de
1044 3146 1093 3207 tal
1117 3148 1276 3226 querella
1305 3148 1473 3212 intendea

191 3250 249 3312 far
279 3251 348 3313 due
373 3271 475 3332 cose,
505 3251 622 3313 irritar
646 3252 668 3313 l’
681 3250 829 3332 imperio
855 3263 979 3315 contra
1004 3254 1038 3314 la
1069 3265 1166 3316 corte
1199 3255 1234 3315 di
1259 3256 1377 3318 Roma
1407 3277 1472 3338 per

191 3377 302 3419 causa
326 3358 371 3420 de
394 3359 429 3419 la
452 3378 598 3421 reserva
629 3368 665 3421 et
689 3358 931 3440 derogationi,
963 3371 998 3421 et
1021 3360 1181 3423 inimicar
1206 3364 1238 3424 el
1259 3359 1323 3423 8¹³⁰
1349 3373 1473 3427 contra

191 3464 214 3526 l'
230 3463 400 3546 episcopo
424 3466 468 3528 de
493 3465 550 3527 chi
574 3467 672 3528 detto
695 3466 866 3529 canonico
890 3466 1038 3530 insieme
1055 3488 1133 3529 cum
1149 3470 1181 3531 el
1198 3470 1294 3531 clero
1319 3480 1355 3532 et
1371 3490 1470 3551 prae-

190 3570 312 3633 sertim
337 3573 381 3634 de
397 3571 561 3634 LXXIlI
586 3573 774 3654 collegiate
800 3573 918 3637 chiese
943 3575 1001 3636 del
1022 3594 1131 3655 paese
1157 3575 1192 3637 di
1207 3575 1318 3657 Liege
1339 3578 1470 3640 dacer-

188 3675 279 3740 rimo
311 3678 527 3741 adversario.
575 3679 619 3741 Et
650 3700 689 3742 re
714 3700 799 3744 vera
828 3683 875 3743 ho
899 3681 1015 3744 inteso
1039 3702 1105 3763 per
1128 3681 1278 3745 relation
1313 3684 1348 3746 di
1373 3685 1471 3747 molti

189 3786 258 3847 che
283 3783 373 3848 cossi
398 3785 435 3866 e,
467 3785 512 3848 ne
535 3806 659 3849 manco
685 3789 717 3849 el
742 3788 915 3850 canonico
939 3788 1147 3870 sopradetto
1178 3791 1211 3852 lo
1237 3790 1345 3873 niega
1368 3811 1469 3853 como

188 3892 348 3955 intendo.

280 3999 426 4062 Ancora
458 4021 523 4082 per
548 4002 666 4082 quella
698 4003 825 4064 lettera
859 4005 925 4065 che
949 4004 1096 4066 Erasmo
1130 4004 1256 4066 scrisse
1290 4025 1311 4066 a
1337 4005 1469 4068 Luther

188 4107 258 4169 che
289 4108 321 4167 el
347 4107 517 4189 episcopo
548 4109 583 4169 lo
612 4107 889 4191 favoreggiava,
926 4111 1024 4172 detto
1056 4112 1225 4193 episcopo
1257 4132 1301 4173 ne
1333 4112 1469 4174 estato

190 4211 283 4276 cossi
309 4216 378 4275 mal
403 4223 570 4276 contento
596 4216 662 4277 che
685 4236 756 4278 non
781 4216 809 4278 si
833 4220 893 4298 pol
919 4217 1101 4300 acquietar
1124 4239 1228 4280 verso
1253 4219 1298 4280 de
1322 4219 1468 4282 Erasmo

189 4329 227 4382 et
251 4330 365 4398 certo,
397 4329 530 4401 quanto
554 4323 589 4383 lo
613 4323 659 4383 ho
683 4322 892 4404 pratticat0‚
925 4345 1064 4407 sempre
1088 4327 1171 4387 holo
1196 4336 1336 4388 trovato
1361 4348 1469 4390 ancor

189 4427 257 4489 che
281 4427 393 4489 libero
420 4436 455 4488 et
478 4427 598 4490 iocoso
623 4429 669 4491 de
693 4430 833 4512 longua,
857 4440 948 4493 tutta
963 4434 1061 4494 volta
1085 4433 1207 4495 ottimo
1226 4434 1468 4496 ecclesiastico

189 4543 226 4596 et
250 4535 315 4596 che
348 4534 396 4596 ha
425 4534 616 4597 bonificato
647 4539 682 4597 la
712 4557 776 4598 sua
800 4538 920 4601 chiesa
952 4551 987 4601 et
1011 4548 1101 4602 tutto
1133 4542 1165 4602 el
1190 4561 1253 4602 suo
1278 4543 1373 4604 clero
1404 4562 1469 4622 per

190 4641 283 4704 assai
314 4640 451 4704 miliare
475 4651 510 4704 et
534 4642 670 4705 miliara
701 4644 745 4705 de
770 4646 887 4707 ducati
912 4647 956 4708 de
981 4647 1127 4720 intrata;
1163 4649 1276 4728 perho
1305 4648 1466 4729 supplico

191 4749 223 4810 el
248 4747 290 4810 sii
314 4750 623 4812 reccommandato
647 4750 681 4812 in
708 4760 833 4831 questa
856 4772 920 4814 sua
943 4774 1049 4815 causa
1065 4754 1255 4834 valentina,
1281 4755 1466 4835 presertim

190 4856 317 4921 adesso
342 4857 408 4921 che
432 4857 582 4921 havemo
608 4857 652 4922 de
676 4859 838 4941 besogno
855 4860 948 4924 assai
973 4861 1017 4923 de
1041 4861 1089 4924 lui
1109 4861 1143 4923 in
1166 4860 1327 4923 eradicar
1341 4871 1466 4942 queste

1254 4967 1308 5023 15*
