3559 5734
824 924 876 988 tu.

236 1041 432 1121 Mercurius
453 1042 493 1120 da
510 1023 715 1121 Gallinaria
734 1040 979 1121 cancellarius
997 1039 1180 1121 Gardinali
1195 1039 1476 1143 saltzburgensi.

689 1179 773 1250 (Aeta
788 1178 924 1238 woman.
942 1179 1010 1251 129.)

300 1415 395 1478 Rme
418 1416 508 1478 Dne.
556 1415 635 1477 Hoc
660 1435 763 1477 mane
788 1424 976 1477 tractatum
1001 1424 1055 1477 est
1079 1416 1123 1477 de
1147 1436 1186 1478 re
1211 1415 1366 1496 Lutheri,
1392 1425 1427 1478 et
1451 1425 1489 1477 ut

212 1543 269 1585 res
294 1522 416 1585 melius
440 1522 546 1604 dirigi
570 1522 701 1603 possit;
734 1522 848 1584 visum
880 1531 935 1585 est
967 1524 1062 1603 quod
1096 1544 1161 1605 per
1185 1523 1404 1585 Alcandrum
1428 1522 1490 1584 fiat

214 1650 284 1692 una
307 1633 401 1692 bona
426 1630 560 1691 minuta
584 1629 740 1692 mandati
765 1629 995 1711 expediendi,
1029 1651 1119 1711 quae
1144 1629 1226 1692 inde
1251 1629 1430 1693 videbitur
1453 1629 1487 1691 in

213 1737 360 1800 consilio
385 1747 420 1798 et
444 1758 489 1799 ex
513 1737 607 1799 illius
631 1737 859 1799 conclusione
884 1736 1118 1799 transferetur
1141 1736 1177 1800 in
1202 1737 1323 1818 lingua
1355 1756 1490 1817 germa-

214 1845 293 1906 nica
325 1854 361 1906 et
385 1844 624 1926 publicabitur
659 1855 697 1905 ut
725 1843 844 1925 aliqua
875 1846 971 1905 bona
1007 1843 1171 1906 executio
1205 1854 1288 1907 ante
1312 1863 1490 1905 recessum

213 1950 288 2013 fieri
313 1950 434 2032 possit.
483 1952 568 2013 Ideo
592 1952 734 2032 placeat
758 1950 950 2033 disponere
981 1960 1018 2012 ut
1051 1951 1307 2032 quamprimum
1339 1950 1401 2012 fiat
1431 1949 1490 2011 mi-

213 2069 298 2120 nuta
323 2057 406 2121 dicti
432 2058 599 2121 mandati.

991 2202 1036 2249 Ad
1056 2202 1185 2266 obsequia
1207 2204 1237 2252 V.
1259 2205 1295 2250 tt.
1317 2204 1349 2253 l).

929 2298 1123 2362 lareurlua
1142 2299 1180 2361 ta
1200 2297 1402 2360 baltlnrrlr.

827 2729 879 2792 80.

599 2862 777 2942 lisanda
805 2861 1116 2944 vicecancellariu.

648 3010 790 3081 (Nonam
815 3011 905 3069 Germ.
923 3010 953 3067 L,
973 3010 1055 3079 169.)

739 3135 774 3189 κ,
795 3131 849 3179 Mai
873 3129 959 3195 1521.)

303 3275 419 3354 Dopoi
446 3275 479 3335 lo
505 3275 570 3335 che
594 3272 632 3335 fu
656 3273 779 3335 scritto
804 3273 839 3334 di
864 3273 1013 3336 XXIX.
1039 3274 1088 3335 dil
1112 3284 1267 3354 passato,
1291 3275 1315 3336 ii
1341 3273 1489 3336 Elettori

213 3393 251 3444 et
275 3380 431 3461 Principi
462 3401 550 3443 sono
583 3380 665 3442 stati
692 3380 839 3443 insieme
867 3400 975 3461 sopra
1008 3382 1042 3442 la
1067 3400 1173 3443 causa
1196 3380 1232 3442 di
1257 3380 1429 3461 Martin0‚
1455 3389 1490 3443 et

214 3491 381 3550 concluso
412 3489 513 3549 voler
547 3486 711 3549 inherere
743 3508 764 3549 a
796 3488 831 3549 lo
870 3489 937 3549 che
971 3487 1048 3549 fari
1080 3488 1210 3550 Cesare
1241 3498 1366 3550 contra
1394 3489 1492 3550 detto

213 3596 379 3675 Martino,
405 3604 440 3656 et
464 3594 540 3656 suoi
565 3594 662 3666 libri;
687 3595 723 3656 in
743 3603 868 3674 questo
894 3597 926 3657 el
943 3593 1090 3657 Saxone
1115 3593 1183 3656 mai
1208 3596 1307 3655 volse
1331 3594 1376 3657 ne
1400 3594 1493 3657 affir-

214 3724 300 3781 mar,
326 3703 368 3764 nc
394 3720 515 3781 negar,
540 3722 597 3763 ma
620 3722 760 3782 sempre
776 3701 896 3764 tacuit.
943 3702 1011 3762 Del
1029 3700 1191 3763 Palatino
1209 3722 1279 3764 non
1295 3722 1333 3764 se
1348 3701 1492 3764 intende

215 3830 330 3889 come,
360 3810 472 3871 solum
497 3819 623 3889 questo
656 3808 687 3870 ci
711 3807 731 3870 ὲ
755 3817 847 3870 stato
872 3807 1029 3887 referite,
1054 3810 1179 3869 chela
1202 3810 1366 3889 maggior
1389 3819 1490 3889 parte

216 3916 299 3978 delli
325 3915 474 3979 Elettori
505 3936 592 3978 sono
626 3914 800 3977 conformi
830 3916 902 3977 alla
932 3914 1169 3978 deliberation
1198 3917 1232 3976 di
1258 3915 1380 3979 Cesar:
1430 3916 1493 3977 Poi

216 4044 271 4085 me
295 4022 331 4084 fu
357 4043 552 4085 commesso
577 4043 642 4104 per
666 4023 776 4084 Cesar
799 4032 834 4085 et
859 4024 891 4084 el
916 4023 1090 4100 consutio,
1125 4025 1190 4085 che
1226 4023 1260 4084 io
1292 4023 1419 4085 istesso
1444 4022 1493 4084 fa·

216 4150 316 4193 cesse
341 4131 373 4192 el
398 4130 555 4209 decretu,
580 4150 645 4191 con
672 4131 789 4211 quelle
813 4129 871 4211 piu
898 4128 1138 4192 iustificationi
1163 4130 1191 4192 si
1216 4142 1369 4210 potesse,
1394 4130 1493 4191 accii)

216 4238 295 4299 chel
319 4239 453 4318 populo
477 4257 515 4299 se
547 4245 789 4315 contentasse,
820 4246 920 4298 tanto
952 4235 1010 4317 pilu
1045 4236 1178 4316 perche
1201 4237 1332 4299 Martin
1358 4237 1491 4299 Luther

216 4345 262 4405 ha
286 4344 345 4425 gia
369 4344 491 4407 scritto
515 4344 618 4405 fuora
641 4346 676 4404 in
702 4343 877 4405 Alemano
902 4343 926 4406 li
951 4343 1027 4406 suoi
1051 4344 1115 4406 atti
1139 4364 1258 4406 coram
1283 4345 1431 4424 Cesarea,
1456 4354 1491 4406 et

216 4471 256 4513 se
280 4450 429 4513 iustifica
452 4450 683 4532 politamente
708 4471 773 4512 con
799 4451 934 4532 buggie
959 4453 1057 4532 perd,
1082 4471 1147 4531 per
1163 4450 1350 4513 confirmar
1367 4451 1391 4512 li
1408 4450 1495 4530 suoi,

216 4577 282 4637 per
305 4556 545 4619 reconciliarsi
569 4558 592 4617 il
616 4558 765 4638 populo,
798 4558 820 4618 il
853 4559 936 4637 qual
965 4558 998 4619 in
1024 4560 1143 4619 buona
1168 4568 1270 4638 parte
1295 4557 1314 4619 ὲ
1339 4559 1494 4621 alienato

218 4665 264 4725 da
288 4665 385 4726 detto
409 4664 552 4744 Luther,
577 4684 641 4745 per
658 4664 681 4725 li
698 4664 773 4726 suoi
791 4664 872 4726 mali
890 4664 1048 4743 costumi,
1074 4663 1177 4745 gesti!
1203 4675 1238 4727 et
1254 4665 1495 4745 obstinationi,

218 4781 255 4832 et
284 4769 425 4833 bestiali
455 4773 579 4851 parole
619 4780 744 4833 contra
775 4770 799 4831 li
823 4769 981 4848 concilii,
1015 4770 1039 4831 il
1070 4773 1135 4833 che
1166 4792 1293 4835 muove
1327 4783 1494 4854 questoro

219 4879 337 4944 molto.
386 4878 465 4943 Nou
490 4888 585 4942 resta
610 4881 709 4964 perd,
734 4880 800 4942 che
824 4898 871 4941 un
896 4879 1033 4962 grande
1058 4880 1188 4940 mundo
1204 4899 1274 4941 non
1290 4880 1414 4963 tenghi
1431 4900 1496 4962 per
