3559 5734
1669 571 1784 622 0--23
1862 561 1969 625 450
2045 560 2162 623 εβ-«ν

629 725 881 793 quffita
949 711 1356 776 defectione
1425 716 1558 776 che
1626 713 1817 776 forse
1886 735 2025 778 non
2093 717 2398 778 sat-ebbe
2465 714 2746 796 seguita
2806 714 3068 797 perche
3133 713 3187 776 si

631 825 1028 885 flavi-:hhtfflo
1095 820 1267 883 uniti
1329 841 1459 902 per
1506 820 1756 884 timore
1807 822 1924 884 del
1973 841 2067 885 re.
2164 822 2386 884 Forse
2450 842 2587 884 non
2657 823 2962 884 sal-ebbe
3010 824 3190 884 male

633 933 761 989 che
809 929 879 989 in
933 936 1180 1009 questo
1230 948 1306 989 se
1355 926 1703 991 scrivesse
1751 948 1796 991 a
1830 926 1902 992 S.
1936 927 2064 990 Mt*
2115 948 2207 990 un
2258 931 2400 990 bon
2450 931 2673 991 breve
2723 938 2792 990 et
2841 929 3190 1010 sogiugne

633 1037 826 1097 detto
881 1034 1160 1097 statilio
1233 1035 1364 1097 che
1412 1054 1489 1096 se
1538 1034 1801 1098 Cesare
1873 1044 1942 1098 et
2014 1046 2254 1098 nostro
2305 1033 2614 1118 Signore
2683 1047 2754 1098 et
2821 1037 2889 1098 la
2950 1036 3188 1098 nation

633 1145 1041 1225 geruffinissa
1087 1142 1465 1204 volessono
1516 1142 1874 1224 castigare
1923 1143 2154 1224 questi
2203 1142 2460 1205 ribaldi
2507 1142 2824 1224 religiosi
2875 1154 2946 1205 et
2977 1163 3189 1224 quon·

633 1253 793 1313 clam
845 1249 1036 1313 Gran
1079 1249 1394 1312 Maestro
1445 1250 1575 1312 che
1610 1247 1682 1312 S.
1732 1249 1859 1311 Mt*
1909 1270 1999 1313 ne
2048 1252 2352 1313 sarebbe
2400 1251 2619 1313 molto
2669 1252 2809 1312 ben
2857 1260 3194 1313 contenta

633 1373 701 1421 et
753 1361 881 1421 ebe
933 1355 1182 1419 Poloni
1231 1364 1304 1418 et
1350 1375 1481 1418 rex
1527 1355 1683 1437 ipse
1732 1359 2026 1420 multum
2074 1358 2518 1419 detestantur
2566 1377 2810 1420 eorum
2858 1357 3076 1420 vitam
3123 1366 3194 1419 et

633 1465 1106 1526 defesstionem
1155 1483 1197 1524 a
1244 1483 1419 1525 vera
1464 1461 1627 1525 fide.
1681 1511 1696 1525 .
1733 1511 1748 1526 .
1786 1511 1801 1526 .

817 1591 1060 1651 Eudae
1109 1588 1283 1650 VIII
1331 1587 1503 1649 Maii
1552 1586 1955 1650 MDXXV.

813 1733 1027 1793 Tutto
1078 1732 1143 1793 el
1193 1728 1550 1792 contrario
1598 1730 1691 1791 ha
1738 1727 1918 1790 fatto
1968 1730 2037 1790 la
2084 1728 2335 1810 regina
2382 1750 2516 1792 con
2570 1731 2619 1793 li
2666 1730 2772 1793 soi
2818 1732 3197 1815 Todeschi,

637 1861 769 1901 1:sz
825 1841 949 1917 dir,
1000 1858 1077 1899 se
1107 1836 1192 1902 N.
1221 1835 1293 1899 8.
1345 1836 1380 1898 ὲ
1431 1847 1681 1898 contxa
1714 1834 1976 1898 Cesare
2026 1837 2156 1897 che
2200 1836 2539 1918 vogliono
2588 1837 2760 1901 farsi
2807 1839 3194 1914 lutherani;

637 1949 725 2009 [1⁴52.
773 1945 1026 2025 quihus
1075 1964 1214 2007 non
1266 1953 1373 2006 est
1421 1945 1847 2023 curandum,
1895 1942 2161 2024 perche
2211 1944 2393 2005 oltra
2440 1945 2574 2006 che
2625 1944 2947 2027 Ungaria
2996 1947 3033 2009 ὲ
3083 1968 3197 2009 na-

637 2057 814 2117 tural
853 2052 1125 2115 nemica
1165 2054 1255 2113 de
1287 2052 1710 2132 Alamagna,
1760 2049 1850 2112 ηὸ
1884 2070 2023 2112 uno
2060 2052 2269 2112 vuole
2311 2051 2475 2131 quel
2507 2053 2638 2114 che
2668 2051 2711 2114 l'
2747 2053 2930 2115 altro
2965 2055 3197 2134 vuole,

637 2185 809 2225 smum
861 2161 1086 2221 anche
1138 2159 1476 2220 talmente
1534 2156 1851 2220 inclinati
1901 2177 1942 2219 a
1993 2155 2074 2219 N.
2127 2157 2199 2219 5.
2270 2167 2341 2219 et
2386 2159 2528 2220 alla
2576 2158 2741 2221 fede
2790 2161 2923 2223 che
2970 2181 3111 2223 non
3162 2164 3196 2223 ὸ

637 2273 725 2329 [ia
777 2269 1126 2329 dubitare.
1222 2265 1490 2327 Dubito
1540 2267 1676 2326 ben
1743 2266 1875 2327 che
1924 2285 2055 2347 per
2104 2264 2452 2346 disdegno
2512 2287 2651 2329 non
2700 2266 2979 2331 saccino
3029 2269 3199 2349 ogni

637 2397 805 2437 1:053.
853 2397 985 2457 ρει,-
1029 2375 1276 2435 turbar
1323 2374 1394 2435 la
1441 2371 1718 2453 pratica
1766 2374 1856 2434 de
1887 2371 2203 2452 Boemia‚
2254 2373 2515 2453 perche
2546 2376 2862 2456 potendo
2911 2376 3003 2438 lei
3035 2378 3197 2457 quel

637 2485 769 2545 [the
821 2485 885 2541 la
937 2482 1145 2543 vuole
1194 2481 1305 2542 col
1337 2480 1453 2541 Re
1504 2489 1575 2542 et
1616 2479 2022 2542 temendola
2070 2480 2301 2560 questi
2335 2480 2742 2562 consiglieri
2775 2502 2905 2563 per
2942 2484 3013 2544 la
3042 2485 3197 2546 loro

641 2591 1072 2669 mirruptela,
1135 2607 1310 2649 sono
1360 2585 1610 2649 sorzati
1661 2585 1974 2667 seguirla
2025 2587 2209 2648 dove
2258 2608 2333 2648 se
2382 2587 2697 2661 obstina;
2761 2609 2936 2670 pure
2986 2609 3196 2670 spero

641 2717 777 2757 nun
832 2695 1037 2777 putre
1077 2703 1277 2756 tanto
1321 2696 1453 2756 che
1486 2692 1711 2774 toglia
1746 2704 1947 2755 tanto
1980 2695 2187 2771 bene,
2236 2714 2278 2755 a
2311 2695 2443 2757 che
2494 2704 2565 2756 et
2593 2694 2661 2757 io
2712 2705 2783 2757 et
2815 2697 2881 2757 el
2915 2696 3197 2759 Bai-one

637 2825 777 2865 >non
817 2822 1263 2865 mancaremo
1295 2802 1761 2882 provedendo
1797 2820 1836 2861 a
1872 2808 2053 2862 tutte
2086 2802 2153 2863 le
2185 2800 2427 2865 offese.
2510 2801 2778 2883 Questo
2810 2802 2949 2866 mio
2981 2804 3193 2865 dubio

641 2933 965 2973 affin-esce
1014 2911 1083 2971 la
1130 2906 1492 2990 presentia
1541 2908 1629 2968 de
1675 2916 1780 2968 tre
1830 2906 2093 2968 fratelli
2144 2907 2233 2970 de
2268 2908 2746 2992 Brandeburg
2795 2912 2925 2972 che
2975 2909 3027 2973 si
3062 2922 3191 2972 tro-

645 3037 825 3077 vam:-
877 3037 1013 3097 qua
1063 3025 1133 3077 et
1176 3035 1305 3097 per
1335 3014 1403 3075 lo
1438 3014 1955 3076 ambasciatore
1989 3034 2302 3098 cesaree,
2352 3015 2542 3097 quali
2571 3017 2734 3079 tutti
2771 3037 2948 3079 sono
2979 3019 3191 3079 luthe-

641 3125 793 3185 rani
865 3145 905 3185 t]
973 3125 1251 3184 almeno
1318 3122 1537 3184 molto
1604 3120 1902 3202 sospetti
1971 3131 2042 3184 et
2099 3122 2645 3185 maximamente
2713 3125 2777 3185 61
2827 3123 3194 3187 Marcbese

645 3229 957 3309 Georgia]
999 3229 1128 3290 che
1162 3230 1255 3290 ha
1287 3247 1499 3311 preso
1530 3248 1660 3309 per
1689 3227 1952 3307 moglie
1999 3248 2141 3291 una
2175 3230 2288 3291 del
2322 3230 2525 3291 Duca
2558 3228 2767 3293 Cat-lo
2804 3230 2873 3292 di
2907 3230 3196 3293 Boemia

641 3357 849 3397 senza
901 3337 1234 3416 dispensa
1282 3344 1352 3397 et
1400 3355 1576 3397 sono
1627 3334 1697 3396 in
1747 3344 1938 3396 terzo
1988 3335 2236 3414 grado,

1848 3833 1999 3900 207.

1548 3960 1893 4040 Rotarius
1949 3957 2293 4039 Sadoleto.

1445 4107 1738 4175 (Verior.
1789 4105 1876 4164 ad
1930 4105 2128 4163 Olem.
2179 4105 2252 4163 11.
2303 4104 2409 4173 4³.)

1673 4216 1783 4283 (13.
1826 4217 1956 4265 Maii
2001 4213 2175 4284 1523.)

829 4353 941 4417 Ali
993 4375 1030 4431 9
1093 4351 1346 4414 scrisse
1395 4352 1464 4413 al
1513 4351 1698 4413 Rev.
1749 4350 2091 4430 Capuano
2153 4349 2527 4430 pregando
2577 4346 2722 4412 Sua
2772 4347 2854 4412 S*
2903 4350 3057 4413 R¹¹¹⁸
3115 4371 3199 4412 ne

645 4469 925 4525 vohssffise
975 4459 1081 4522 far
1128 4459 1497 4541 partecipe
1540 4458 1627 4519 V.
1679 4455 1753 4518 S.
1802 4457 1897 4520 R.
1947 4456 2038 4517 de
2086 4456 2153 4517 16
2202 4473 2409 4535 nove,
2458 4476 2590 4537 per
2637 4476 2776 4518 non
2827 4458 3087 4538 poterli
3134 4458 3200 4520 in

645 4573 877 4649 quella
945 4569 1116 4629 hora
1165 4564 1503 4628 scriverli.
1601 4564 1692 4626 Al
1756 4571 2091 4645 presente
2140 4560 2407 4643 supliro
2458 4562 2526 4623 in
2577 4572 2780 4644 parte
2841 4566 2908 4626 al
2958 4564 3199 4627 debito

645 4677 781 4737 min
849 4689 917 4737 et
965 4673 1011 4735 ii
1060 4673 1319 4735 mando
1368 4692 1505 4734 una
1555 4670 1759 4751 copia
1807 4671 2081 4732 inclusa
2144 4670 2234 4731 de
2283 4688 2424 4730 una
2475 4671 2728 4731 lettera
2793 4671 2883 4732 de
2930 4669 3198 4734 Norim·

645 4789 889 4861 het-go.
985 4780 1196 4842 Tutta
1257 4779 1328 4840 la
1377 4779 1779 4859 Alemagna
1827 4797 1918 4839 va
1981 4785 2167 4838 sotto
2217 4794 2462 4856 sopra,
2537 4776 2622 4838 ne
2672 4776 2730 4838 c'
2783 4777 2819 4839 ὲ
2881 4777 2999 4858 piis
3050 4798 3199 4859 spe·

645 4909 853 4949 rar-12:5²
905 4889 1209 4949 alchana
1257 4906 1334 4948 se
1382 4905 1522 4948 non
1574 4886 1761 4947 nella
1810 4882 2292 4946 misericordia
2340 4884 2431 4945 de
2479 4881 2618 4944 Dio
2668 4893 2740 4945 et
2785 4882 2908 4965 gie.
2952 4886 3044 4947 ha
3091 4905 3199 4947 co·
