3559 5734
813 521 1060 580 0-43494ῠ-0

296 662 424 746 feram,
449 686 536 746 quas
560 667 705 730 iniurias
730 668 920 750 accipiam,
945 688 1033 749 quas
1057 667 1165 730 animi
1192 667 1372 731 molestias
1397 669 1576 747 devorem,

296 789 362 851 pro
388 775 633 838 conservanda
658 775 909 838 Ecclesiastica
941 775 1133 857 dignitate,
1168 774 1254 838 nihil
1285 794 1356 837 non
1389 774 1468 858 opis
1492 773 1577 837 mihi

297 885 392 941 esset
414 880 472 941 vel
497 891 622 962 suapte
647 883 836 963 collatura,
870 883 962 945 sicut
992 881 1133 946 confido
1157 882 1270 964 ipsam
1295 882 1378 944 mihi
1401 882 1435 944 in
1461 890 1576 963 poste-

297 1002 372 1045 rum
410 1005 479 1048 non
517 986 737 1070 defuturam,
762 990 832 1071 ubi,
864 991 960 1070 quod
995 1010 1137 1072 semper
1160 1008 1245 1070 ago,
1270 988 1398 1052 viderit
1421 1009 1478 1051 me
1502 988 1577 1050 sine

296 1088 555 1157 intermissione
580 1105 718 1158 certare
742 1117 808 1179 pro
832 1096 1084 1159 Ecclesiastico
1108 1105 1212 1174 statu,
1237 1095 1312 1159 eius
1335 1098 1472 1159 honore
1497 1115 1576 1158 con·

297 1200 492 1281 servando,
517 1221 620 1282 quem
644 1203 759 1265 adhuc
783 1204 993 1285 populares,
1024 1203 1108 1265 licet
1132 1202 1325 1266 seditiones
1348 1202 1576 1265 rebelliones·

298 1324 367 1385 que
380 1325 500 1370 eorum
515 1310 686 1372 adversus
699 1312 893 1373 secularem
904 1319 1116 1392 potestatem
1132 1310 1339 1390 resederint,
1355 1311 1489 1374 vellent
1499 1329 1577 1372 esse

298 1431 518 1493 oppressum.
566 1415 722 1497 Quorum
747 1417 966 1497 sententiae,
999 1417 1105 1480 etiam
1129 1417 1159 1480 si
1186 1417 1223 1479 in
1247 1417 1401 1499 speciem
1425 1415 1576 1480 blandiri

297 1518 472 1599 potuisset
504 1543 611 1585 avaro
643 1524 776 1606 animo,
805 1544 984 1606 nunquam
1008 1523 1159 1603 accessi,
1184 1545 1299 1605 neque
1321 1545 1422 1587 mens
1446 1532 1500 1587 est
1523 1543 1576 1586 ac·

298 1627 438 1710 cedere,
454 1628 514 1691 ubi
531 1627 663 1693 Sancta
680 1628 794 1693 Sedes
808 1630 877 1693 ista
891 1630 976 1694 mihi
993 1630 1141 1694 consilio
1165 1639 1201 1693 et
1213 1631 1358 1709 auxilio,
1383 1631 1412 1694 si
1436 1630 1577 1712 quando

298 1732 442 1811 gravius
475 1734 656 1800 immineat
691 1737 898 1819 periculum,
931 1739 966 1801 in
1002 1747 1183 1820 posterum
1215 1757 1287 1801 non
1323 1737 1368 1800 sit
1401 1738 1577 1801 defutura

299 1836 399 1917 Quae
424 1860 506 1904 suas
537 1863 624 1924 opes
655 1844 787 1925 poterit
811 1866 927 1926 neque
951 1845 1084 1925 melius,
1109 1865 1224 1926 neque
1248 1843 1506 1907 conducibilius
1521 1865 1576 1906 ex·

300 1948 472 2027 pendere,
497 1970 601 2031 quam
626 1952 857 2015 sublevandis
880 1952 960 2031 hiis,
983 1953 1043 2033 qui
1068 1951 1344 2015 ecclesiasticam
1368 1952 1578 2032 dignitatem

299 2056 467 2118 tuendam
492 2071 726 2139 susceperunt
750 2058 957 2141 synceriter,
983 2078 1131 2139 quorum
1147 2079 1167 2121 e
1185 2079 1341 2139 numero,
1366 2058 1395 2120 si
1411 2057 1490 2139 quis
1515 2070 1578 2137 est,

298 2160 357 2241 qui
382 2162 649 2246 dispendiosum
674 2165 921 2248 compendium
945 2164 1065 2242 faciat,
1090 2184 1158 2247 ego
1182 2166 1241 2228 ille
1266 2186 1353 2246 sum,
1377 2166 1437 2247 qui
1452 2167 1519 2228 hac
1543 2165 1577 2228 in

297 2279 401 2348 parte
446 2291 467 2333 a
507 2272 648 2335 nemine
684 2293 790 2355 posse
833 2293 888 2335 me
924 2272 1085 2353 superari
1127 2272 1251 2351 velim,
1287 2275 1379 2335 adeo
1414 2272 1443 2333 si
1484 2272 1578 2353 quod

303 2374 371 2437 iam
403 2386 509 2440 antea
533 2378 646 2442 offitio
670 2380 877 2442 diminutum
912 2389 983 2459 est,
1023 2378 1111 2441 alias
1136 2398 1316 2459 exequere
1348 2379 1578 2448 contendam;

302 2484 407 2545 modo
436 2495 567 2566 pergat
590 2484 769 2550 Sanctitas
794 2485 925 2549 Vestra
948 2485 983 2548 in
1008 2494 1159 2567 paterno
1183 2506 1246 2548 suo
1272 2504 1360 2566 erga
1375 2506 1431 2547 me
1448 2505 1579 2562 amore,

300 2600 335 2651 et
360 2590 483 2672 offitio,
508 2614 635 2675 meque
648 2615 714 2677 pro
738 2594 980 2657 incolumitate
1006 2593 1190 2674 dignitatis
1214 2613 1300 2656 suae
1324 2594 1448 2657 sedulo
1473 2611 1578 2675 agen·

300 2707 370 2760 tem
395 2700 524 2780 omnia,
548 2721 640 2782 quae
664 2704 700 2764 in
723 2700 859 2763 viribus
883 2709 956 2763 tum
981 2700 1126 2763 Consilii
1150 2710 1222 2762 tum
1239 2699 1459 2762 substantiae
1481 2687 1580 2761 meae

300 2805 368 2867 sita
392 2817 483 2886 sunt,
509 2829 578 2871 non
603 2812 755 2873 deserat.
803 2809 848 2872 Et
871 2807 1075 2871 felicissime
1101 2810 1228 2870 valeat.

388 2913 469 2977 Dat.
479 2915 679 2998 Inspruckh
687 2916 744 2980 die
754 2907 841 2981 XX.
853 2913 986 2979 Mensis
995 2914 1078 2994 Julii
1089 2918 1193 2978 Anno
1204 2911 1580 2977 DominiMDXXVw.

836 3129 1043 3144 WWVWWM

904 3361 979 3427 235.

600 3478 759 3559 Clemens
786 3479 865 3560 m
894 3478 983 3559 Buri
1009 3476 1275 3579 Louningiae.

709 3628 796 3700 (Am
814 3627 863 3686 11.
882 3642 965 3701 capre
982 3625 1045 3684 m
1062 3625 1097 3683 lt.
1115 3623 1169 3697 40.)

818 3745 960 3815 (23.Ju1fi
981 3743 1068 3811 Ῑ521)

390 3887 622 3953 Gratissimae
658 3889 761 3953 nobis
796 3889 940 3954 fuerunt
974 3886 1180 3951 Nobilitatis
1215 3896 1298 3948 tuae
1333 3885 1458 3948 literae
1494 3905 1581 3967 quas

302 3994 453 4058 dilectus
476 3995 569 4059 filius
594 3993 799 4079 Stephanus
823 3996 995 4060 Rusticus
1022 3995 1127 4058 nobis
1150 3993 1286 4073 attulit,
1321 3992 1470 4076 ipseque
1498 4003 1581 4073 apte

302 4112 337 4165 et
353 4105 546 4184 prudenter
563 4107 773 4167 subsecutus
797 4113 852 4167 est
874 4103 1013 4167 illarum
1036 4113 1205 4180 tenorem,
1223 4110 1390 4181 tuumque
1406 4117 1494 4180 erga
1517 4116 1581 4160 nos

303 4221 339 4273 et
369 4212 460 4273 hanc
498 4209 665 4274 Sanctam
699 4208 830 4274 Sedem
862 4210 1015 4274 animum
1049 4219 1085 4272 et
1120 4207 1384 4270 observantiam
1414 4215 1581 4287 tuamque

302 4317 473 4400 imprimis
497 4318 532 4379 in
557 4319 689 4399 Deum,
723 4330 759 4381 et
782 4317 850 4381 Dei
874 4316 981 4381 fidem
1006 4315 1262 4380 sanctissimam
1287 4314 1456 4396 pietatem
1481 4331 1578 4393 egre-

302 4425 397 4507 giam
422 4424 618 4506 expressit;
652 4445 743 4507 quae
768 4425 897 4504 omnia,
928 4425 994 4487 etsi
1026 4422 1130 4486 nobis
1154 4422 1261 4483 multo
1286 4431 1369 4483 ante
1392 4427 1580 4500 perspecta

303 4542 339 4596 et
363 4532 507 4614 cognita
530 4530 688 4610 fuerant,
714 4542 830 4595 tamen
855 4533 923 4594 hac
947 4530 1081 4594 recenti
1105 4528 1254 4592 victoria
1278 4547 1383 4608 quam
1407 4526 1579 4588 adversus

304 4640 587 4702 Lutheranorum
612 4659 752 4701 manum
777 4639 895 4701 omnia
918 4641 1072 4701 humana
1105 4646 1140 4700 et
1172 4634 1293 4697 divina
1325 4632 1403 4695 iura
1434 4632 1579 4696 confun-

236 4772 242 4780 ·
304 4748 457 4825 dentem,
483 4745 605 4809 divina
629 4745 815 4809 assistente
848 4744 967 4826 gratia
999 4743 1231 4826 comparasti,
1265 4742 1442 4804 illustrata
1472 4739 1580 4802 fuisse

304 4853 408 4917 nobis
437 4853 725 4917 iucundissimum
753 4851 900 4933 accidit,
928 4851 1063 4933 tibique
1093 4860 1286 4935 propterea
1317 4858 1352 4911 et
1382 4845 1580 4910 fortissimis
