<?xml version="1.0" encoding="UTF-8"?>
<!DOCTYPE html PUBLIC "-//W3C//DTD XHTML 1.0 Transitional//EN"
    "http://www.w3.org/TR/xhtml1/DTD/xhtml1-transitional.dtd">
<html xmlns="http://www.w3.org/1999/xhtml" xml:lang="en" lang="en">
 <head>
  <title>
</title>
<meta http-equiv="Content-Type" content="text/html;charset=utf-8" />
  <meta name='ocr-system' content='tesseract 3.04.00' />
  <meta name='ocr-capabilities' content='ocr_page ocr_carea ocr_par ocr_line ocrx_word'/>
</head>
<body>
  <div class='ocr_page' id='page_1' title='image "./monumentareform01vatigoog_0337.png"; bbox 0 0 3559 5734; ppageno 0'>
   <div class='ocr_carea' id='block_1_1' title="bbox 681 520 928 577">
    <p class='ocr_par' dir='ltr' id='par_1_1' title="bbox 681 520 928 577">
     <span class='ocr_line' id='line_1_1' title="bbox 681 520 928 577; baseline -0.004 -1"><span class='ocrx_word' id='word_1_1' title='bbox 681 520 928 577; x_wconf 40' lang='lat' dir='ltr'>&amp;Soliti-0</span> 
     </span>
    </p>
   </div>
   <div class='ocr_carea' id='block_1_2' title="bbox 161 666 1446 1930">
    <p class='ocr_par' dir='ltr' id='par_1_2' title="bbox 161 666 1446 1930">
     <span class='ocr_line' id='line_1_2' title="bbox 164 666 1445 747; baseline 0.002 -18"><span class='ocrx_word' id='word_1_2' title='bbox 164 666 384 730; x_wconf 79' lang='lat' dir='ltr'><strong>atrocissime</strong></span> <span class='ocrx_word' id='word_1_3' title='bbox 407 667 622 729; x_wconf 86' lang='lat' dir='ltr'>maledicunt</span> <span class='ocrx_word' id='word_1_4' title='bbox 645 686 687 729; x_wconf 92' lang='lat' dir='ltr'>ac</span> <span class='ocrx_word' id='word_1_5' title='bbox 702 666 911 747; x_wconf 87' lang='lat' dir='ltr'>traducunt,</span> <span class='ocrx_word' id='word_1_6' title='bbox 943 675 1081 731; x_wconf 88' lang='lat' dir='ltr'>tantum</span> <span class='ocrx_word' id='word_1_7' title='bbox 1111 669 1214 730; x_wconf 88' lang='lat' dir='ltr'>abest</span> <span class='ocrx_word' id='word_1_8' title='bbox 1246 677 1284 731; x_wconf 87' lang='lat' dir='ltr'>ut</span> <span class='ocrx_word' id='word_1_9' title='bbox 1316 668 1445 731; x_wconf 82' lang='lat' dir='ltr'>vellem</span> 
     </span>
     <span class='ocr_line' id='line_1_3' title="bbox 165 773 1446 855; baseline 0.001 -18"><span class='ocrx_word' id='word_1_10' title='bbox 165 774 300 839; x_wconf 74' lang='lat' dir='ltr'>Erasini</span> <span class='ocrx_word' id='word_1_11' title='bbox 333 775 447 855; x_wconf 84' lang='lat' dir='ltr'>glorie</span> <span class='ocrx_word' id='word_1_12' title='bbox 478 784 539 836; x_wconf 90' lang='lat' dir='ltr'>aut</span> <span class='ocrx_word' id='word_1_13' title='bbox 570 773 721 836; x_wconf 90' lang='lat' dir='ltr'>nominis</span> <span class='ocrx_word' id='word_1_14' title='bbox 762 773 854 837; x_wconf 89' lang='lat' dir='ltr'>vehi.</span> <span class='ocrx_word' id='word_1_15' title='bbox 918 773 1039 836; x_wconf 91' lang='lat' dir='ltr'>Meror</span> <span class='ocrx_word' id='word_1_16' title='bbox 1071 785 1125 837; x_wconf 87' lang='lat' dir='ltr'>est</span> <span class='ocrx_word' id='word_1_17' title='bbox 1158 774 1242 837; x_wconf 92' lang='lat' dir='ltr'>mihi</span> <span class='ocrx_word' id='word_1_18' title='bbox 1276 783 1311 836; x_wconf 87' lang='lat' dir='ltr'>et</span> <span class='ocrx_word' id='word_1_19' title='bbox 1341 774 1446 838; x_wconf 89' lang='lat' dir='ltr'>timor</span> 
     </span>
     <span class='ocr_line' id='line_1_4' title="bbox 164 879 1445 963; baseline 0 -20"><span class='ocrx_word' id='word_1_20' title='bbox 164 882 197 944; x_wconf 95' lang='lat' dir='ltr'>in</span> <span class='ocrx_word' id='word_1_21' title='bbox 222 880 390 947; x_wconf 81' lang='lat' dir='ltr'>laudibus</span> <span class='ocrx_word' id='word_1_22' title='bbox 412 880 499 960; x_wconf 90' lang='lat' dir='ltr'>mei,</span> <span class='ocrx_word' id='word_1_23' title='bbox 522 879 692 963; x_wconf 84' lang='lat' dir='ltr'>gaudium</span> <span class='ocrx_word' id='word_1_24' title='bbox 724 900 810 942; x_wconf 89' lang='lat' dir='ltr'>vero</span> <span class='ocrx_word' id='word_1_25' title='bbox 844 890 878 942; x_wconf 89' lang='lat' dir='ltr'>et</span> <span class='ocrx_word' id='word_1_26' title='bbox 907 881 1079 943; x_wconf 83' lang='lat' dir='ltr'>securitas</span> <span class='ocrx_word' id='word_1_27' title='bbox 1114 880 1150 942; x_wconf 93' lang='lat' dir='ltr'>in</span> <span class='ocrx_word' id='word_1_28' title='bbox 1181 880 1378 945; x_wconf 86' lang='lat' dir='ltr'>maledictis</span> <span class='ocrx_word' id='word_1_29' title='bbox 1410 891 1445 945; x_wconf 90' lang='lat' dir='ltr'>et</span> 
     </span>
     <span class='ocr_line' id='line_1_5' title="bbox 163 985 1443 1069; baseline 0.001 -19"><span class='ocrx_word' id='word_1_30' title='bbox 163 986 403 1069; x_wconf 85' lang='lat' dir='ltr'>blasphemiis.</span> <span class='ocrx_word' id='word_1_31' title='bbox 450 985 492 1051; x_wconf 88' lang='lat' dir='ltr'>Si</span> <span class='ocrx_word' id='word_1_32' title='bbox 521 990 612 1051; x_wconf 90' lang='lat' dir='ltr'>haec</span> <span class='ocrx_word' id='word_1_33' title='bbox 636 998 718 1050; x_wconf 89' lang='lat' dir='ltr'>sunt</span> <span class='ocrx_word' id='word_1_34' title='bbox 741 987 889 1050; x_wconf 88' lang='lat' dir='ltr'>Erasmo</span> <span class='ocrx_word' id='word_1_35' title='bbox 914 986 1102 1065; x_wconf 89' lang='lat' dir='ltr'>mirabilia,</span> <span class='ocrx_word' id='word_1_36' title='bbox 1136 987 1221 1051; x_wconf 91' lang='lat' dir='ltr'>nihil</span> <span class='ocrx_word' id='word_1_37' title='bbox 1245 987 1365 1068; x_wconf 90' lang='lat' dir='ltr'>mirer,</span> <span class='ocrx_word' id='word_1_38' title='bbox 1396 989 1443 1051; x_wconf 95' lang='lat' dir='ltr'>di·</span> 
     </span>
     <span class='ocr_line' id='line_1_6' title="bbox 162 1093 1444 1176; baseline 0 -18"><span class='ocrx_word' id='word_1_39' title='bbox 162 1105 237 1159; x_wconf 90' lang='lat' dir='ltr'>scat</span> <span class='ocrx_word' id='word_1_40' title='bbox 262 1094 456 1175; x_wconf 87' lang='lat' dir='ltr'>Christum,</span> <span class='ocrx_word' id='word_1_41' title='bbox 482 1105 518 1157; x_wconf 92' lang='lat' dir='ltr'>et</span> <span class='ocrx_word' id='word_1_42' title='bbox 542 1093 743 1157; x_wconf 80' lang='lat' dir='ltr'><strong>malefaciat</strong></span> <span class='ocrx_word' id='word_1_43' title='bbox 776 1096 952 1156; x_wconf 80' lang='lat' dir='ltr'>humanae</span> <span class='ocrx_word' id='word_1_44' title='bbox 985 1094 1216 1176; x_wconf 84' lang='lat' dir='ltr'>prudentiae,</span> <span class='ocrx_word' id='word_1_45' title='bbox 1254 1104 1289 1157; x_wconf 92' lang='lat' dir='ltr'>et</span> <span class='ocrx_word' id='word_1_46' title='bbox 1320 1115 1444 1158; x_wconf 85' lang='lat' dir='ltr'>verum</span> 
     </span>
     <span class='ocr_line' id='line_1_7' title="bbox 163 1201 1443 1291; baseline 0.002 -27"><span class='ocrx_word' id='word_1_47' title='bbox 163 1201 292 1264; x_wconf 81' lang='lat' dir='ltr'>sentiet</span> <span class='ocrx_word' id='word_1_48' title='bbox 316 1222 395 1265; x_wconf 89' lang='lat' dir='ltr'>esse</span> <span class='ocrx_word' id='word_1_49' title='bbox 419 1203 514 1284; x_wconf 89' lang='lat' dir='ltr'>quod</span> <span class='ocrx_word' id='word_1_50' title='bbox 539 1202 631 1266; x_wconf 88' lang='lat' dir='ltr'>dico.</span> <span class='ocrx_word' id='word_1_51' title='bbox 672 1202 846 1265; x_wconf 88' lang='lat' dir='ltr'>Dominus</span> <span class='ocrx_word' id='word_1_52' title='bbox 862 1201 961 1265; x_wconf 87' lang='lat' dir='ltr'>illum</span> <span class='ocrx_word' id='word_1_53' title='bbox 982 1203 1095 1264; x_wconf 88' lang='lat' dir='ltr'>iuvet:</span> <span class='ocrx_word' id='word_1_54' title='bbox 1121 1222 1201 1266; x_wconf 88' lang='lat' dir='ltr'>eum</span> <span class='ocrx_word' id='word_1_55' title='bbox 1217 1202 1321 1291; x_wconf 87' lang='lat' dir='ltr'>etiam</span> <span class='ocrx_word' id='word_1_56' title='bbox 1339 1203 1443 1267; x_wconf 85' lang='lat' dir='ltr'>aliurn</span> 
     </span>
     <span class='ocr_line' id='line_1_8' title="bbox 161 1307 1443 1391; baseline 0.001 -19"><span class='ocrx_word' id='word_1_57' title='bbox 161 1307 271 1373; x_wconf 88' lang='lat' dir='ltr'>faciat</span> <span class='ocrx_word' id='word_1_58' title='bbox 296 1308 411 1372; x_wconf 86' lang='lat' dir='ltr'>virum</span> <span class='ocrx_word' id='word_1_59' title='bbox 432 1330 479 1372; x_wconf 82' lang='lat' dir='ltr'>ex</span> <span class='ocrx_word' id='word_1_60' title='bbox 490 1309 649 1388; x_wconf 69' lang='lat' dir='ltr'>erasmo,</span> <span class='ocrx_word' id='word_1_61' title='bbox 674 1318 710 1372; x_wconf 90' lang='lat' dir='ltr'>et</span> <span class='ocrx_word' id='word_1_62' title='bbox 733 1329 856 1373; x_wconf 86' lang='lat' dir='ltr'>omnes</span> <span class='ocrx_word' id='word_1_63' title='bbox 880 1328 947 1372; x_wconf 91' lang='lat' dir='ltr'>nos</span> <span class='ocrx_word' id='word_1_64' title='bbox 971 1308 1073 1372; x_wconf 92' lang='lat' dir='ltr'>simul</span> <span class='ocrx_word' id='word_1_65' title='bbox 1090 1319 1220 1388; x_wconf 89' lang='lat' dir='ltr'>servet,</span> <span class='ocrx_word' id='word_1_66' title='bbox 1246 1317 1282 1372; x_wconf 91' lang='lat' dir='ltr'>et</span> <span class='ocrx_word' id='word_1_67' title='bbox 1298 1320 1443 1391; x_wconf 79' lang='lat' dir='ltr'>augeat;</span> 
     </span>
     <span class='ocr_line' id='line_1_9' title="bbox 162 1415 1443 1499; baseline 0 -20"><span class='ocrx_word' id='word_1_68' title='bbox 162 1417 230 1479; x_wconf 90' lang='lat' dir='ltr'>hoc</span> <span class='ocrx_word' id='word_1_69' title='bbox 255 1425 341 1499; x_wconf 90' lang='lat' dir='ltr'>opto</span> <span class='ocrx_word' id='word_1_70' title='bbox 366 1436 413 1479; x_wconf 79' lang='lat' dir='ltr'>ex</span> <span class='ocrx_word' id='word_1_71' title='bbox 436 1415 571 1495; x_wconf 89' lang='lat' dir='ltr'>animo,</span> <span class='ocrx_word' id='word_1_72' title='bbox 608 1425 776 1497; x_wconf 89' lang='lat' dir='ltr'>quantum</span> <span class='ocrx_word' id='word_1_73' title='bbox 801 1417 954 1479; x_wconf 86' lang='lat' dir='ltr'>donatur</span> <span class='ocrx_word' id='word_1_74' title='bbox 978 1424 1114 1497; x_wconf 85' lang='lat' dir='ltr'>optare.</span> <span class='ocrx_word' id='word_1_75' title='bbox 1162 1416 1254 1479; x_wconf 86' lang='lat' dir='ltr'><strong>Vale</strong></span> <span class='ocrx_word' id='word_1_76' title='bbox 1285 1416 1332 1479; x_wconf 90' lang='lat' dir='ltr'>mi</span> <span class='ocrx_word' id='word_1_77' title='bbox 1356 1415 1443 1481; x_wconf 90' lang='lat' dir='ltr'>Con·</span> 
     </span>
     <span class='ocr_line' id='line_1_10' title="bbox 161 1522 1444 1605; baseline 0.002 -20"><span class='ocrx_word' id='word_1_78' title='bbox 161 1524 266 1605; x_wconf 90' lang='lat' dir='ltr'>rade,</span> <span class='ocrx_word' id='word_1_79' title='bbox 290 1532 326 1588; x_wconf 91' lang='lat' dir='ltr'>et</span> <span class='ocrx_word' id='word_1_80' title='bbox 348 1522 543 1603; x_wconf 89' lang='lat' dir='ltr'>Erasmum,</span> <span class='ocrx_word' id='word_1_81' title='bbox 567 1522 597 1586; x_wconf 92' lang='lat' dir='ltr'>si</span> <span class='ocrx_word' id='word_1_82' title='bbox 620 1523 763 1605; x_wconf 88' lang='lat' dir='ltr'>patitur,</span> <span class='ocrx_word' id='word_1_83' title='bbox 792 1524 908 1586; x_wconf 89' lang='lat' dir='ltr'>saluta</span> <span class='ocrx_word' id='word_1_84' title='bbox 931 1522 1073 1588; x_wconf 90' lang='lat' dir='ltr'>nomine</span> <span class='ocrx_word' id='word_1_85' title='bbox 1098 1543 1192 1596; x_wconf 84' lang='lat' dir='ltr'>meo;</span> <span class='ocrx_word' id='word_1_86' title='bbox 1217 1523 1305 1586; x_wconf 89' lang='lat' dir='ltr'>nihil</span> <span class='ocrx_word' id='word_1_87' title='bbox 1328 1523 1364 1586; x_wconf 88' lang='lat' dir='ltr'>in</span> <span class='ocrx_word' id='word_1_88' title='bbox 1388 1544 1444 1587; x_wconf 93' lang='lat' dir='ltr'>me</span> 
     </span>
     <span class='ocr_line' id='line_1_11' title="bbox 163 1612 1445 1713; baseline 0.001 -20"><span class='ocrx_word' id='word_1_89' title='bbox 163 1612 217 1693; x_wconf 84' lang='lat' dir='ltr'>est</span> <span class='ocrx_word' id='word_1_90' title='bbox 231 1630 361 1711; x_wconf 90' lang='lat' dir='ltr'>asperi,</span> <span class='ocrx_word' id='word_1_91' title='bbox 384 1630 448 1693; x_wconf 88' lang='lat' dir='ltr'>sed</span> <span class='ocrx_word' id='word_1_92' title='bbox 465 1650 572 1693; x_wconf 88' lang='lat' dir='ltr'>verae</span> <span class='ocrx_word' id='word_1_93' title='bbox 588 1629 864 1708; x_wconf 82' lang='lat' dir='ltr'>misericordiae,</span> <span class='ocrx_word' id='word_1_94' title='bbox 889 1650 994 1711; x_wconf 87' lang='lat' dir='ltr'>quam</span> <span class='ocrx_word' id='word_1_95' title='bbox 1010 1629 1039 1692; x_wconf 90' lang='lat' dir='ltr'>si</span> <span class='ocrx_word' id='word_1_96' title='bbox 1055 1630 1260 1710; x_wconf 85' lang='lat' dir='ltr'>contemnit,</span> <span class='ocrx_word' id='word_1_97' title='bbox 1281 1639 1317 1693; x_wconf 92' lang='lat' dir='ltr'>et</span> <span class='ocrx_word' id='word_1_98' title='bbox 1331 1630 1445 1713; x_wconf 83' lang='lat' dir='ltr'>magis</span> 
     </span>
     <span class='ocr_line' id='line_1_12' title="bbox 163 1736 1443 1821; baseline 0.001 -22"><span class='ocrx_word' id='word_1_99' title='bbox 163 1736 255 1801; x_wconf 89' lang='lat' dir='ltr'>iorte</span> <span class='ocrx_word' id='word_1_100' title='bbox 280 1746 411 1820; x_wconf 78' lang='lat' dir='ltr'>sperat,</span> <span class='ocrx_word' id='word_1_101' title='bbox 436 1758 527 1819; x_wconf 92' lang='lat' dir='ltr'>quae</span> <span class='ocrx_word' id='word_1_102' title='bbox 551 1737 629 1819; x_wconf 91' lang='lat' dir='ltr'>ipse</span> <span class='ocrx_word' id='word_1_103' title='bbox 651 1737 796 1821; x_wconf 86' lang='lat' dir='ltr'>cogitat,</span> <span class='ocrx_word' id='word_1_104' title='bbox 822 1737 937 1800; x_wconf 89' lang='lat' dir='ltr'>libens</span> <span class='ocrx_word' id='word_1_105' title='bbox 956 1737 1147 1820; x_wconf 87' lang='lat' dir='ltr'>perdidero</span> <span class='ocrx_word' id='word_1_106' title='bbox 1172 1747 1209 1800; x_wconf 90' lang='lat' dir='ltr'>et</span> <span class='ocrx_word' id='word_1_107' title='bbox 1228 1738 1296 1800; x_wconf 93' lang='lat' dir='ltr'>hoc</span> <span class='ocrx_word' id='word_1_108' title='bbox 1311 1745 1443 1801; x_wconf 86' lang='lat' dir='ltr'>votum.</span> 
     </span>
     <span class='ocr_line' id='line_1_13' title="bbox 252 1843 1101 1930; baseline 0.004 -24"><span class='ocrx_word' id='word_1_109' title='bbox 252 1843 538 1926; x_wconf 86' lang='lat' dir='ltr'>Witternbergae</span> <span class='ocrx_word' id='word_1_110' title='bbox 561 1844 676 1927; x_wconf 89' lang='lat' dir='ltr'>prima</span> <span class='ocrx_word' id='word_1_111' title='bbox 700 1843 867 1911; x_wconf 82' lang='lat' dir='ltr'>Octobris</span> <span class='ocrx_word' id='word_1_112' title='bbox 896 1864 988 1923; x_wconf 80' lang='lat'>1523.</span> <span class='ocrx_word' id='word_1_113' title='bbox 1098 1923 1101 1930; x_wconf 91' lang='lat'><strong>.</strong></span> 
     </span>
    </p>
   </div>
   <div class='ocr_carea' id='block_1_3' title="bbox 916 1974 1284 2040">
    <p class='ocr_par' dir='ltr' id='par_1_3' title="bbox 916 1974 1284 2040">
     <span class='ocr_line' id='line_1_14' title="bbox 916 1974 1284 2040; baseline 0 -3"><span class='ocrx_word' id='word_1_114' title='bbox 916 1974 995 2038; x_wconf 77' lang='lat' dir='ltr'>turs</span> <span class='ocrx_word' id='word_1_115' title='bbox 1012 1974 1152 2039; x_wconf 78' lang='lat' dir='ltr'>luttm</span> <span class='ocrx_word' id='word_1_116' title='bbox 1170 1975 1284 2040; x_wconf 72' lang='lat' dir='ltr'>tritor.</span> 
     </span>
    </p>
   </div>
   <div class='ocr_carea' id='block_1_4' title="bbox 702 2138 909 2150">
    <p class='ocr_par' dir='ltr' id='par_1_4' title="bbox 702 2138 909 2150">
     <span class='ocr_line' id='line_1_15' title="bbox 702 2138 909 2150; baseline -0.005 0"><span class='ocrx_word' id='word_1_117' title='bbox 702 2138 909 2150; x_wconf 56' lang='lat' dir='ltr'>mmmm</span> 
     </span>
    </p>
   </div>
   <div class='ocr_carea' id='block_1_5' title="bbox 767 2298 841 2364">
    <p class='ocr_par' dir='ltr' id='par_1_5' title="bbox 767 2298 841 2364">
     <span class='ocr_line' id='line_1_16' title="bbox 767 2298 841 2364; baseline 0.041 -3"><span class='ocrx_word' id='word_1_118' title='bbox 767 2298 841 2364; x_wconf 84' lang='lat'>134.</span> 
     </span>
    </p>
   </div>
   <div class='ocr_carea' id='block_1_6' title="bbox 469 2413 1134 2517">
    <p class='ocr_par' dir='ltr' id='par_1_6' title="bbox 469 2413 1134 2517">
     <span class='ocr_line' id='line_1_17' title="bbox 469 2413 1134 2517; baseline 0.003 -23"><span class='ocrx_word' id='word_1_119' title='bbox 469 2414 567 2495; x_wconf 76' lang='lat' dir='ltr'>dard.</span> <span class='ocrx_word' id='word_1_120' title='bbox 595 2413 829 2517; x_wconf 83' lang='lat' dir='ltr'>Mogunlinus</span> <span class='ocrx_word' id='word_1_121' title='bbox 856 2414 1029 2496; x_wconf 72' lang='lat' dir='ltr'>Clementi</span> <span class='ocrx_word' id='word_1_122' title='bbox 1055 2415 1134 2496; x_wconf 80' lang='lat' dir='ltr'>VH.</span> 
     </span>
    </p>
   </div>
   <div class='ocr_carea' id='block_1_7' title="bbox 600 2560 1007 2750">
    <p class='ocr_par' dir='ltr' id='par_1_7' title="bbox 600 2560 1007 2750">
     <span class='ocr_line' id='line_1_18' title="bbox 600 2560 1007 2637; baseline 0 -16"><span class='ocrx_word' id='word_1_123' title='bbox 600 2560 698 2637; x_wconf 68' lang='lat' dir='ltr'>(spes</span> <span class='ocrx_word' id='word_1_124' title='bbox 715 2562 872 2636; x_wconf 70' lang='grc'><strong>1111111111</strong></span> <span class='ocrx_word' id='word_1_125' title='bbox 888 2562 925 2621; x_wconf 84' lang='lat'>11.</span> <span class='ocrx_word' id='word_1_126' title='bbox 943 2563 1007 2636; x_wconf 79' lang='lat' dir='ltr'>us.)</span> 
     </span>
     <span class='ocr_line' id='line_1_19' title="bbox 629 2679 949 2750; baseline -0.003 -19"><span class='ocrx_word' id='word_1_127' title='bbox 629 2679 665 2750; x_wconf 84' lang='lat'>(9.</span> <span class='ocrx_word' id='word_1_128' title='bbox 684 2683 840 2732; x_wconf 85' lang='lat' dir='ltr'>Decembris</span> <span class='ocrx_word' id='word_1_129' title='bbox 863 2683 949 2745; x_wconf 84' lang='lat'>1523.)</span> 
     </span>
    </p>
   </div>
   <div class='ocr_carea' id='block_1_8' title="bbox 245 2814 1444 2898">
    <p class='ocr_par' dir='ltr' id='par_1_8' title="bbox 245 2814 1444 2898">
     <span class='ocr_line' id='line_1_20' title="bbox 245 2814 1444 2898; baseline -0.004 -13"><span class='ocrx_word' id='word_1_130' title='bbox 245 2814 363 2885; x_wconf 69' lang='lat' dir='ltr'>‚Orbis</span> <span class='ocrx_word' id='word_1_131' title='bbox 385 2814 575 2878; x_wconf 85' lang='lat' dir='ltr'>Christiani</span> <span class='ocrx_word' id='word_1_132' title='bbox 598 2814 835 2878; x_wconf 79' lang='lat' dir='ltr'>calamitatem</span> <span class='ocrx_word' id='word_1_133' title='bbox 858 2824 942 2897; x_wconf 89' lang='lat' dir='ltr'>post</span> <span class='ocrx_word' id='word_1_134' title='bbox 964 2814 1009 2878; x_wconf 89' lang='lat' dir='ltr'>fe.</span> <span class='ocrx_word' id='word_1_135' title='bbox 1035 2834 1084 2878; x_wconf 88' lang='lat' dir='ltr'>re.</span> <span class='ocrx_word' id='word_1_136' title='bbox 1109 2814 1259 2879; x_wconf 87' lang='lat' dir='ltr'>Adriani</span> <span class='ocrx_word' id='word_1_137' title='bbox 1284 2815 1336 2878; x_wconf 94' lang='lat' dir='ltr'>VI</span> <span class='ocrx_word' id='word_1_138' title='bbox 1358 2836 1444 2898; x_wconf 91' lang='lat' dir='ltr'>pon·</span> 
     </span>
    </p>
   </div>
   <div class='ocr_carea' id='block_1_9' title="bbox 117 2921 1444 4928">
    <p class='ocr_par' dir='ltr' id='par_1_9' title="bbox 117 2921 1444 4928">
     <span class='ocr_line' id='line_1_21' title="bbox 165 2921 1443 2987; baseline 0.001 -2"><span class='ocrx_word' id='word_1_139' title='bbox 165 2921 267 2985; x_wconf 91' lang='lat' dir='ltr'>tificis</span> <span class='ocrx_word' id='word_1_140' title='bbox 291 2921 434 2985; x_wconf 83' lang='lat' dir='ltr'>maximi</span> <span class='ocrx_word' id='word_1_141' title='bbox 458 2921 533 2984; x_wconf 83' lang='lat' dir='ltr'>fata</span> <span class='ocrx_word' id='word_1_142' title='bbox 556 2942 598 2985; x_wconf 88' lang='lat' dir='ltr'>ac</span> <span class='ocrx_word' id='word_1_143' title='bbox 617 2922 1013 2987; x_wconf 88' lang='lat' dir='ltr'>Reverendissimorum</span> <span class='ocrx_word' id='word_1_144' title='bbox 1042 2922 1261 2985; x_wconf 82' lang='lat' dir='ltr'>dominorum</span> <span class='ocrx_word' id='word_1_145' title='bbox 1285 2943 1443 2987; x_wconf 90' lang='lat' dir='ltr'>meorum</span> 
     </span>
     <span class='ocr_line' id='line_1_22' title="bbox 165 3027 1442 3094; baseline 0 -1"><span class='ocrx_word' id='word_1_146' title='bbox 165 3027 200 3093; x_wconf 88' lang='lat' dir='ltr'>S.</span> <span class='ocrx_word' id='word_1_147' title='bbox 224 3030 274 3094; x_wconf 87' lang='lat' dir='ltr'>R.</span> <span class='ocrx_word' id='word_1_148' title='bbox 298 3028 337 3092; x_wconf 87' lang='lat' dir='ltr'>E.</span> <span class='ocrx_word' id='word_1_149' title='bbox 362 3028 600 3092; x_wconf 86' lang='lat' dir='ltr'>Cardinalium</span> <span class='ocrx_word' id='word_1_150' title='bbox 623 3028 657 3091; x_wconf 92' lang='lat' dir='ltr'>in</span> <span class='ocrx_word' id='word_1_151' title='bbox 684 3028 767 3091; x_wconf 90' lang='lat' dir='ltr'>novi</span> <span class='ocrx_word' id='word_1_152' title='bbox 791 3028 947 3093; x_wconf 91' lang='lat' dir='ltr'>Romani</span> <span class='ocrx_word' id='word_1_153' title='bbox 966 3028 1147 3094; x_wconf 88' lang='lat' dir='ltr'>Pontificis</span> <span class='ocrx_word' id='word_1_154' title='bbox 1172 3029 1346 3093; x_wconf 89' lang='lat' dir='ltr'>electione</span> <span class='ocrx_word' id='word_1_155' title='bbox 1370 3030 1442 3093; x_wconf 92' lang='lat' dir='ltr'>diu·</span> 
     </span>
     <span class='ocr_line' id='line_1_23' title="bbox 165 3135 1443 3218; baseline 0 -18"><span class='ocrx_word' id='word_1_156' title='bbox 165 3147 304 3200; x_wconf 89' lang='lat' dir='ltr'>turnam</span> <span class='ocrx_word' id='word_1_157' title='bbox 326 3155 458 3200; x_wconf 85' lang='lat' dir='ltr'>moram</span> <span class='ocrx_word' id='word_1_158' title='bbox 484 3155 526 3199; x_wconf 89' lang='lat' dir='ltr'>ac</span> <span class='ocrx_word' id='word_1_159' title='bbox 549 3135 917 3218; x_wconf 84' lang='lat' dir='ltr'>procrastinationem,</span> <span class='ocrx_word' id='word_1_160' title='bbox 942 3137 1106 3199; x_wconf 89' lang='lat' dir='ltr'>dolenter</span> <span class='ocrx_word' id='word_1_161' title='bbox 1131 3156 1268 3199; x_wconf 89' lang='lat' dir='ltr'>mecum</span> <span class='ocrx_word' id='word_1_162' title='bbox 1292 3137 1443 3201; x_wconf 87' lang='lat' dir='ltr'>subinde</span> 
     </span>
     <span class='ocr_line' id='line_1_24' title="bbox 165 3242 1443 3327; baseline -0.001 -20"><span class='ocrx_word' id='word_1_163' title='bbox 165 3242 282 3309; x_wconf 88' lang='lat' dir='ltr'>animo</span> <span class='ocrx_word' id='word_1_164' title='bbox 310 3244 518 3322; x_wconf 85' lang='lat' dir='ltr'>revolvens,</span> <span class='ocrx_word' id='word_1_165' title='bbox 554 3254 794 3324; x_wconf 89' lang='lat' dir='ltr'>quantumque</span> <span class='ocrx_word' id='word_1_166' title='bbox 824 3243 861 3306; x_wconf 94' lang='lat' dir='ltr'>in</span> <span class='ocrx_word' id='word_1_167' title='bbox 884 3263 999 3326; x_wconf 89' lang='lat' dir='ltr'>nuper</span> <span class='ocrx_word' id='word_1_168' title='bbox 1028 3253 1235 3327; x_wconf 86' lang='lat' dir='ltr'>expugnata</span> <span class='ocrx_word' id='word_1_169' title='bbox 1266 3252 1443 3325; x_wconf 87' lang='lat' dir='ltr'>captaque</span> 
     </span>
     <span class='ocr_line' id='line_1_25' title="bbox 165 3348 1444 3433; baseline -0.001 -20"><span class='ocrx_word' id='word_1_170' title='bbox 165 3352 278 3415; x_wconf 89' lang='lat' dir='ltr'>insula</span> <span class='ocrx_word' id='word_1_171' title='bbox 301 3351 410 3415; x_wconf 93' lang='lat' dir='ltr'>Rodo</span> <span class='ocrx_word' id='word_1_172' title='bbox 442 3348 677 3433; x_wconf 84' lang='lat' dir='ltr'>perfidissimo</span> <span class='ocrx_word' id='word_1_173' title='bbox 703 3349 891 3414; x_wconf 86' lang='lat' dir='ltr'>Christiani</span> <span class='ocrx_word' id='word_1_174' title='bbox 921 3350 1073 3413; x_wconf 89' lang='lat' dir='ltr'>nominis</span> <span class='ocrx_word' id='word_1_175' title='bbox 1106 3350 1199 3412; x_wconf 88' lang='lat' dir='ltr'>hosti</span> <span class='ocrx_word' id='word_1_176' title='bbox 1224 3350 1444 3415; x_wconf 81' lang='lat' dir='ltr'>&#39;surcharum</span> 
     </span>
     <span class='ocr_line' id='line_1_26' title="bbox 166 3456 1443 3541; baseline -0.002 -20"><span class='ocrx_word' id='word_1_177' title='bbox 166 3468 318 3541; x_wconf 82' lang='lat' dir='ltr'>tyranno</span> <span class='ocrx_word' id='word_1_178' title='bbox 342 3457 467 3521; x_wconf 88' lang='lat' dir='ltr'>virium</span> <span class='ocrx_word' id='word_1_179' title='bbox 492 3458 693 3537; x_wconf 87' lang='lat' dir='ltr'>accesserit,</span> <span class='ocrx_word' id='word_1_180' title='bbox 719 3467 754 3520; x_wconf 91' lang='lat' dir='ltr'>et</span> <span class='ocrx_word' id='word_1_181' title='bbox 777 3456 914 3519; x_wconf 89' lang='lat' dir='ltr'>miseris</span> <span class='ocrx_word' id='word_1_182' title='bbox 938 3456 1148 3520; x_wconf 88' lang='lat' dir='ltr'>christicolis</span> <span class='ocrx_word' id='word_1_183' title='bbox 1164 3456 1293 3518; x_wconf 91' lang='lat' dir='ltr'>mutuis</span> <span class='ocrx_word' id='word_1_184' title='bbox 1312 3456 1347 3521; x_wconf 91' lang='lat' dir='ltr'>in</span> <span class='ocrx_word' id='word_1_185' title='bbox 1364 3477 1443 3520; x_wconf 88' lang='lat' dir='ltr'>sese</span> 
     </span>
     <span class='ocr_line' id='line_1_27' title="bbox 166 3562 1443 3645; baseline -0.001 -17"><span class='ocrx_word' id='word_1_186' title='bbox 166 3565 276 3629; x_wconf 87' lang='lat' dir='ltr'>versis</span> <span class='ocrx_word' id='word_1_187' title='bbox 300 3565 407 3629; x_wconf 85' lang='lat' dir='ltr'>armis</span> <span class='ocrx_word' id='word_1_188' title='bbox 438 3574 473 3627; x_wconf 90' lang='lat' dir='ltr'>et</span> <span class='ocrx_word' id='word_1_189' title='bbox 497 3563 639 3645; x_wconf 80' lang='lat' dir='ltr'>iugibus</span> <span class='ocrx_word' id='word_1_190' title='bbox 663 3562 984 3629; x_wconf 89' lang='lat' dir='ltr'>conflictationibus</span> <span class='ocrx_word' id='word_1_191' title='bbox 1007 3565 1141 3629; x_wconf 83' lang='lat' dir='ltr'>iactura</span> <span class='ocrx_word' id='word_1_192' title='bbox 1171 3572 1207 3626; x_wconf 90' lang='lat' dir='ltr'>et</span> <span class='ocrx_word' id='word_1_193' title='bbox 1230 3562 1443 3628; x_wconf 88' lang='lat' dir='ltr'>incommodi</span> 
     </span>
     <span class='ocr_line' id='line_1_28' title="bbox 166 3668 1441 3753; baseline 0 -19"><span class='ocrx_word' id='word_1_194' title='bbox 166 3672 300 3736; x_wconf 90' lang='lat' dir='ltr'>illatum</span> <span class='ocrx_word' id='word_1_195' title='bbox 324 3671 384 3750; x_wconf 90' lang='lat' dir='ltr'>sit,</span> <span class='ocrx_word' id='word_1_196' title='bbox 406 3681 442 3735; x_wconf 90' lang='lat' dir='ltr'>et</span> <span class='ocrx_word' id='word_1_197' title='bbox 465 3671 619 3753; x_wconf 88' lang='lat' dir='ltr'>denique</span> <span class='ocrx_word' id='word_1_198' title='bbox 641 3691 747 3751; x_wconf 88' lang='lat' dir='ltr'>quam</span> <span class='ocrx_word' id='word_1_199' title='bbox 771 3691 792 3734; x_wconf 87' lang='lat' dir='ltr'>a</span> <span class='ocrx_word' id='word_1_200' title='bbox 816 3669 919 3735; x_wconf 90' lang='lat' dir='ltr'>nobis</span> <span class='ocrx_word' id='word_1_201' title='bbox 943 3669 1029 3753; x_wconf 91' lang='lat' dir='ltr'>ipsis</span> <span class='ocrx_word' id='word_1_202' title='bbox 1053 3668 1359 3751; x_wconf 80' lang='lat' dir='ltr'>perniciosissimis</span> <span class='ocrx_word' id='word_1_203' title='bbox 1383 3691 1441 3734; x_wconf 89' lang='lat' dir='ltr'>no-</span> 
     </span>
     <span class='ocr_line' id='line_1_29' title="bbox 117 3776 1442 3859; baseline -0.001 -17"><span class='ocrx_word' id='word_1_204' title='bbox 117 3782 120 3791; x_wconf 83' lang='grc'>’</span> <span class='ocrx_word' id='word_1_205' title='bbox 167 3779 383 3843; x_wconf 88' lang='lat' dir='ltr'>novitatibus</span> <span class='ocrx_word' id='word_1_206' title='bbox 415 3779 702 3859; x_wconf 87' lang='lat' dir='ltr'>luthereanisque</span> <span class='ocrx_word' id='word_1_207' title='bbox 726 3777 911 3843; x_wconf 86' lang='lat' dir='ltr'>heresibus</span> <span class='ocrx_word' id='word_1_208' title='bbox 944 3797 1014 3841; x_wconf 90' lang='lat' dir='ltr'>non</span> <span class='ocrx_word' id='word_1_209' title='bbox 1038 3776 1151 3841; x_wconf 92' lang='lat' dir='ltr'>minus</span> <span class='ocrx_word' id='word_1_210' title='bbox 1180 3776 1368 3840; x_wconf 83' lang='lat' dir='ltr'>infeliciter</span> <span class='ocrx_word' id='word_1_211' title='bbox 1400 3798 1442 3841; x_wconf 88' lang='lat' dir='ltr'>ac</span> 
     </span>
     <span class='ocr_line' id='line_1_30' title="bbox 167 3882 1443 3967; baseline -0.003 -17"><span class='ocrx_word' id='word_1_212' title='bbox 167 3887 356 3951; x_wconf 82' lang='lat' dir='ltr'>crudeliter</span> <span class='ocrx_word' id='word_1_213' title='bbox 388 3885 503 3949; x_wconf 89' lang='lat' dir='ltr'>anime</span> <span class='ocrx_word' id='word_1_214' title='bbox 536 3905 642 3966; x_wconf 87' lang='lat' dir='ltr'>quam</span> <span class='ocrx_word' id='word_1_215' title='bbox 665 3905 687 3946; x_wconf 89' lang='lat' dir='ltr'>a</span> <span class='ocrx_word' id='word_1_216' title='bbox 709 3883 847 3967; x_wconf 89' lang='lat' dir='ltr'>perfido</span> <span class='ocrx_word' id='word_1_217' title='bbox 871 3884 975 3948; x_wconf 90' lang='lat' dir='ltr'>hoste</span> <span class='ocrx_word' id='word_1_218' title='bbox 998 3883 1140 3946; x_wconf 85' lang='lat' dir='ltr'>Thurca</span> <span class='ocrx_word' id='word_1_219' title='bbox 1173 3882 1443 3947; x_wconf 88' lang='lat' dir='ltr'>christianorum</span> 
     </span>
     <span class='ocr_line' id='line_1_31' title="bbox 168 3988 1442 4076; baseline -0.002 -21"><span class='ocrx_word' id='word_1_220' title='bbox 168 4014 316 4076; x_wconf 88' lang='lat' dir='ltr'>corpora</span> <span class='ocrx_word' id='word_1_221' title='bbox 339 3993 535 4075; x_wconf 87' lang='lat' dir='ltr'>perdantur</span> <span class='ocrx_word' id='word_1_222' title='bbox 559 3992 833 4074; x_wconf 84' lang='lat' dir='ltr'>iugulenturque</span> <span class='ocrx_word' id='word_1_223' title='bbox 856 3991 1095 4074; x_wconf 88' lang='lat' dir='ltr'>perpendens,</span> <span class='ocrx_word' id='word_1_224' title='bbox 1119 3988 1383 4053; x_wconf 88' lang='lat' dir='ltr'>Beatitudinem</span> <span class='ocrx_word' id='word_1_225' title='bbox 1398 3990 1442 4053; x_wconf 89' lang='lat' dir='ltr'>V.</span> 
     </span>
     <span class='ocr_line' id='line_1_32' title="bbox 168 4097 1442 4180; baseline -0.002 -17"><span class='ocrx_word' id='word_1_226' title='bbox 168 4122 188 4162; x_wconf 88' lang='lat' dir='ltr'>a</span> <span class='ocrx_word' id='word_1_227' title='bbox 202 4102 280 4163; x_wconf 92' lang='lat' dir='ltr'>Deo</span> <span class='ocrx_word' id='word_1_228' title='bbox 301 4098 435 4180; x_wconf 91' lang='lat' dir='ltr'>optimo</span> <span class='ocrx_word' id='word_1_229' title='bbox 453 4097 607 4161; x_wconf 85' lang='lat' dir='ltr'>maximo</span> <span class='ocrx_word' id='word_1_230' title='bbox 624 4098 831 4162; x_wconf 86' lang='lat' dir='ltr'>mortalibus</span> <span class='ocrx_word' id='word_1_231' title='bbox 846 4097 1056 4161; x_wconf 86' lang='lat' dir='ltr'>Pontificem</span> <span class='ocrx_word' id='word_1_232' title='bbox 1072 4098 1302 4178; x_wconf 89' lang='lat' dir='ltr'>prestandum</span> <span class='ocrx_word' id='word_1_233' title='bbox 1319 4100 1442 4160; x_wconf 88' lang='lat' dir='ltr'>arden·</span> 
     </span>
     <span class='ocr_line' id='line_1_33' title="bbox 167 4204 1444 4289; baseline -0.003 -18"><span class='ocrx_word' id='word_1_234' title='bbox 167 4206 308 4272; x_wconf 87' lang='lat' dir='ltr'>tissimis</span> <span class='ocrx_word' id='word_1_235' title='bbox 331 4205 425 4269; x_wconf 87' lang='lat' dir='ltr'>votis</span> <span class='ocrx_word' id='word_1_236' title='bbox 444 4207 696 4289; x_wconf 89' lang='lat' dir='ltr'>postulandum</span> <span class='ocrx_word' id='word_1_237' title='bbox 712 4204 811 4285; x_wconf 86' lang='lat' dir='ltr'>duxi,</span> <span class='ocrx_word' id='word_1_238' title='bbox 833 4216 930 4268; x_wconf 88' lang='lat' dir='ltr'>ratus</span> <span class='ocrx_word' id='word_1_239' title='bbox 952 4206 1002 4268; x_wconf 90' lang='lat' dir='ltr'>ita</span> <span class='ocrx_word' id='word_1_240' title='bbox 1018 4206 1236 4285; x_wconf 90' lang='lat' dir='ltr'>complorate</span> <span class='ocrx_word' id='word_1_241' title='bbox 1253 4204 1444 4267; x_wconf 87' lang='lat' dir='ltr'>christiane</span> 
     </span>
     <span class='ocr_line' id='line_1_34' title="bbox 168 4311 1444 4398; baseline 0 -23"><span class='ocrx_word' id='word_1_242' title='bbox 168 4312 361 4398; x_wconf 87' lang='lat' dir='ltr'>reipublice</span> <span class='ocrx_word' id='word_1_243' title='bbox 392 4333 413 4376; x_wconf 90' lang='lat' dir='ltr'>a</span> <span class='ocrx_word' id='word_1_244' title='bbox 437 4311 575 4394; x_wconf 90' lang='lat' dir='ltr'>superis</span> <span class='ocrx_word' id='word_1_245' title='bbox 600 4314 797 4375; x_wconf 90' lang='lat' dir='ltr'>consultum</span> <span class='ocrx_word' id='word_1_246' title='bbox 829 4312 889 4392; x_wconf 86' lang='lat' dir='ltr'>iri,</span> <span class='ocrx_word' id='word_1_247' title='bbox 925 4312 1073 4392; x_wconf 88' lang='lat' dir='ltr'>darique</span> <span class='ocrx_word' id='word_1_248' title='bbox 1103 4332 1168 4393; x_wconf 90' lang='lat' dir='ltr'>pro</span> <span class='ocrx_word' id='word_1_249' title='bbox 1200 4311 1444 4394; x_wconf 86' lang='lat' dir='ltr'>magnitudine</span> 
     </span>
     <span class='ocr_line' id='line_1_35' title="bbox 169 4418 1443 4499; baseline -0.004 -14"><span class='ocrx_word' id='word_1_250' title='bbox 169 4421 271 4485; x_wconf 91' lang='lat' dir='ltr'>animi</span> <span class='ocrx_word' id='word_1_251' title='bbox 302 4419 411 4484; x_wconf 89' lang='lat' dir='ltr'>vestri</span> <span class='ocrx_word' id='word_1_252' title='bbox 442 4441 483 4483; x_wconf 88' lang='lat' dir='ltr'>ac</span> <span class='ocrx_word' id='word_1_253' title='bbox 507 4418 707 4483; x_wconf 89' lang='lat' dir='ltr'>incredibili</span> <span class='ocrx_word' id='word_1_254' title='bbox 736 4439 853 4483; x_wconf 91' lang='lat' dir='ltr'>rerum</span> <span class='ocrx_word' id='word_1_255' title='bbox 885 4419 1121 4499; x_wconf 86' lang='lat' dir='ltr'>gerendarum</span> <span class='ocrx_word' id='word_1_256' title='bbox 1156 4418 1370 4482; x_wconf 85' lang='lat' dir='ltr'>dexteritate</span> <span class='ocrx_word' id='word_1_257' title='bbox 1402 4439 1443 4481; x_wconf 90' lang='lat' dir='ltr'>ac</span> 
     </span>
     <span class='ocr_line' id='line_1_36' title="bbox 168 4524 1443 4610; baseline -0.004 -18"><span class='ocrx_word' id='word_1_258' title='bbox 168 4526 438 4610; x_wconf 90' lang='lat' dir='ltr'>prudentissimo</span> <span class='ocrx_word' id='word_1_259' title='bbox 469 4526 600 4592; x_wconf 89' lang='lat' dir='ltr'>iudicio</span> <span class='ocrx_word' id='word_1_260' title='bbox 625 4526 765 4590; x_wconf 90' lang='lat' dir='ltr'>virtutis</span> <span class='ocrx_word' id='word_1_261' title='bbox 789 4547 851 4589; x_wconf 90' lang='lat' dir='ltr'>sue</span> <span class='ocrx_word' id='word_1_262' title='bbox 875 4527 1084 4588; x_wconf 89' lang='lat' dir='ltr'>illustrande</span> <span class='ocrx_word' id='word_1_263' title='bbox 1108 4526 1291 4589; x_wconf 88' lang='lat' dir='ltr'>materiam</span> <span class='ocrx_word' id='word_1_264' title='bbox 1322 4524 1352 4587; x_wconf 89' lang='lat' dir='ltr'>si</span> <span class='ocrx_word' id='word_1_265' title='bbox 1376 4546 1443 4588; x_wconf 89' lang='lat' dir='ltr'>ma·</span> 
     </span>
     <span class='ocr_line' id='line_1_37' title="bbox 168 4631 1443 4715; baseline -0.004 -16"><span class='ocrx_word' id='word_1_266' title='bbox 168 4636 280 4700; x_wconf 87' lang='lat' dir='ltr'>ximus</span> <span class='ocrx_word' id='word_1_267' title='bbox 305 4655 345 4698; x_wconf 92' lang='lat' dir='ltr'>ac</span> <span class='ocrx_word' id='word_1_268' title='bbox 369 4633 580 4697; x_wconf 89' lang='lat' dir='ltr'>fortissimus</span> <span class='ocrx_word' id='word_1_269' title='bbox 603 4633 658 4696; x_wconf 91' lang='lat' dir='ltr'>vir</span> <span class='ocrx_word' id='word_1_270' title='bbox 681 4643 717 4697; x_wconf 94' lang='lat' dir='ltr'>et</span> <span class='ocrx_word' id='word_1_271' title='bbox 739 4632 948 4715; x_wconf 88' lang='lat' dir='ltr'>pontificatu</span> <span class='ocrx_word' id='word_1_272' title='bbox 972 4632 1199 4714; x_wconf 85' lang='lat' dir='ltr'>dignissimus</span> <span class='ocrx_word' id='word_1_273' title='bbox 1223 4631 1443 4712; x_wconf 90' lang='lat' dir='ltr'>periculosis-</span> 
     </span>
     <span class='ocr_line' id='line_1_38' title="bbox 170 4737 1444 4823; baseline -0.001 -20"><span class='ocrx_word' id='word_1_274' title='bbox 170 4743 262 4806; x_wconf 90' lang='lat' dir='ltr'>simis</span> <span class='ocrx_word' id='word_1_275' title='bbox 287 4750 323 4804; x_wconf 88' lang='lat' dir='ltr'>et</span> <span class='ocrx_word' id='word_1_276' title='bbox 346 4740 566 4823; x_wconf 83' lang='lat' dir='ltr'>gravissimis</span> <span class='ocrx_word' id='word_1_277' title='bbox 582 4743 688 4804; x_wconf 90' lang='lat' dir='ltr'>rebus</span> <span class='ocrx_word' id='word_1_278' title='bbox 713 4740 840 4823; x_wconf 90' lang='lat' dir='ltr'>quibus</span> <span class='ocrx_word' id='word_1_279' title='bbox 864 4739 961 4803; x_wconf 89' lang='lat' dir='ltr'>orbis</span> <span class='ocrx_word' id='word_1_280' title='bbox 976 4740 1162 4801; x_wconf 89' lang='lat' dir='ltr'>universus</span> <span class='ocrx_word' id='word_1_281' title='bbox 1186 4747 1240 4801; x_wconf 90' lang='lat' dir='ltr'>est</span> <span class='ocrx_word' id='word_1_282' title='bbox 1254 4737 1444 4821; x_wconf 89' lang='lat' dir='ltr'>implicitus</span> 
     </span>
     <span class='ocr_line' id='line_1_39' title="bbox 171 4845 1443 4928; baseline -0.003 -16"><span class='ocrx_word' id='word_1_283' title='bbox 171 4850 347 4914; x_wconf 91' lang='lat' dir='ltr'>obiiceret.</span> <span class='ocrx_word' id='word_1_284' title='bbox 387 4848 478 4910; x_wconf 90' lang='lat' dir='ltr'>Dum</span> <span class='ocrx_word' id='word_1_285' title='bbox 502 4850 569 4911; x_wconf 91' lang='lat' dir='ltr'>hec</span> <span class='ocrx_word' id='word_1_286' title='bbox 593 4847 745 4911; x_wconf 87' lang='lat' dir='ltr'>meditor</span> <span class='ocrx_word' id='word_1_287' title='bbox 769 4857 806 4909; x_wconf 89' lang='lat' dir='ltr'>et</span> <span class='ocrx_word' id='word_1_288' title='bbox 827 4845 981 4911; x_wconf 88' lang='lat' dir='ltr'>iamiam</span> <span class='ocrx_word' id='word_1_289' title='bbox 1005 4865 1103 4907; x_wconf 91' lang='lat' dir='ltr'>mora</span> <span class='ocrx_word' id='word_1_290' title='bbox 1127 4846 1205 4927; x_wconf 88' lang='lat' dir='ltr'>ipsa</span> <span class='ocrx_word' id='word_1_291' title='bbox 1224 4845 1259 4908; x_wconf 88' lang='lat' dir='ltr'>in</span> <span class='ocrx_word' id='word_1_292' title='bbox 1277 4845 1443 4928; x_wconf 83' lang='lat' dir='ltr'>eligendo</span> 
     </span>
    </p>
   </div>
   <div class='ocr_carea' id='block_1_10' title="bbox 0 0 1789 5734">
    <p class='ocr_par' dir='ltr' id='par_1_10' title="bbox 0 0 1789 5734">
     <span class='ocr_line' id='line_1_40' title="bbox 0 0 1789 5734; baseline 0 0"><span class='ocrx_word' id='word_1_293' title='bbox 0 0 1789 5734; x_wconf 95' lang='lat' dir='ltr'> </span> 
     </span>
    </p>
   </div>
  </div>
 </body>
</html>
