3559 5734
800 559 1048 619 0-33262&0

284 732 354 774 non
378 710 425 774 ho
450 710 518 773 mai
543 718 641 773 tanto
666 709 725 794 piis
750 729 840 793 gran
866 709 1080 772 contrariete
1104 709 1139 772 in
1164 718 1291 792 questa
1314 708 1563 792 prosecutione

284 820 329 883 de
354 839 473 895 causa,
507 818 572 879 che
596 818 740 898 quando
771 817 997 899 io.allegava
1028 817 1095 881 che
1123 818 1206 898 quel
1237 818 1303 880 che
1326 817 1405 880 dice
1429 816 1564 880 Luther

284 925 304 988 e
328 935 419 988 tutto
445 926 490 988 de
514 923 654 1005 Vigleff
675 934 710 986 et
734 924 917 1004 Johannes
943 924 1037 987 Huss
1062 926 1288 988 condennato
1323 927 1380 988 nel
1405 923 1563 987 Concilio

284 1033 328 1095 de
351 1031 575 1111 Constantia,
608 1031 708 1113 quasi
738 1032 820 1095 tutti
852 1043 887 1094 et
919 1031 1047 1113 grandi
1076 1031 1211 1114 signori
1242 1043 1278 1095 et
1300 1031 1429 1114 piccoli
1460 1050 1562 1093 como

285 1139 463 1202 daccordo
489 1139 638 1201 diceano
667 1139 733 1201 che
764 1138 802 1202 fu
831 1138 922 1201 fatto
952 1150 1047 1202 torto
1079 1160 1101 1201 a
1124 1140 1280 1219 Joannes
1301 1138 1399 1202 Huss
1431 1137 1565 1220 perche

283 1256 455 1308 constava
478 1247 548 1307 ben
573 1246 650 1308 loro
675 1246 721 1308 de
745 1247 780 1308 la
804 1246 995 1309 execution
1019 1246 1116 1309 lacta
1139 1255 1264 1309 contra
1287 1246 1332 1308 de
1348 1245 1396 1308 lui
1412 1267 1469 1308 ma
1492 1266 1564 1309 non

283 1353 328 1416 de
354 1354 521 1416 citatione
546 1361 582 1415 et
605 1373 791 1436 processu,
829 1362 865 1417 et
899 1354 965 1416 che
999 1354 1049 1416 lui
1079 1374 1139 1416 era
1176 1363 1308 1417 venuto
1337 1362 1430 1417 sotto
1464 1354 1564 1416 salvo

283 1462 470 1539 condott0,
495 1481 565 1523 non
591 1480 693 1523 como
719 1461 827 1523 citato
852 1470 889 1524 et
912 1461 937 1523 li
960 1460 999 1523 fu
1024 1470 1118 1524 rotto
1149 1461 1184 1523 la
1214 1480 1416 1542 promessa;
1451 1460 1564 1542 perho

282 1569 329 1631 ho
354 1569 476 1630 voluto
492 1587 617 1630 narrar
640 1566 700 1649 qui
724 1576 815 1630 tutto
840 1568 873 1630 el
889 1588 1058 1649 processo
1084 1576 1120 1630 et
1134 1586 1310 1648 successo,
1334 1567 1358 1628 il
1375 1569 1441 1630 che
1455 1587 1567 1631 encor

282 1678 348 1738 che
371 1676 498 1756 longo,
531 1695 637 1756 spero
662 1694 732 1737 non
757 1673 837 1737 sara
861 1695 900 1737 se
924 1695 995 1737 non
1020 1673 1178 1758 proficuo
1203 1684 1239 1737 et
1263 1673 1294 1737 a’
1319 1673 1431 1736 nostri
1454 1673 1566 1756 tempi

282 1792 318 1845 et
341 1782 372 1845 α’
397 1780 504 1845 futuri
529 1782 640 1844 veder
664 1779 853 1844 testificato
878 1782 926 1843 da
940 1780 1050 1844 Cesar
1074 1783 1107 1845 el
1130 1800 1295 1845 successo
1320 1782 1365 1844 de
1390 1782 1423 1844 la
1447 1794 1541 1844 cosa.

371 1889 412 1952 Li
438 1888 602 1971 originali
626 1891 761 1971 tengho
786 1888 846 1971 qui
871 1909 971 1952 meco
996 1910 1062 1974 per
1084 1888 1140 1953 far
1163 1889 1247 1953 fede
1261 1888 1401 1953 interim
1420 1888 1454 1952 la
1471 1889 1564 1952 dove

173 1982 174 1985 Ἴ
281 1996 358 2060 sari
382 2000 545 2079 besogna
568 2005 604 2059 et
628 1995 688 2079 poi
711 1996 907 2080 presentati
931 1998 990 2060 nel
1024 1997 1094 2061 mio
1125 1996 1259 2061 ritorno
1295 2018 1317 2060 a
1349 1994 1422 2060 Sua
1446 1994 1498 2059 St*
1525 2016 1565 2060 se

282 2119 459 2185 potranno
484 2112 632 2167 mettere
657 2103 693 2166 in
717 2106 751 2167 la
775 2103 922 2167 libraria
946 2106 992 2167 ad
1019 2113 1231 2189 perpetuam
1265 2102 1317 2167 rei
1348 2103 1563 2185 memoriam,

282 2212 346 2272 che
382 2232 403 2272 a
426 2212 577 2292 qualche
611 2219 731 2292 tempo
759 2211 895 2274 anchor
923 2232 961 2274 se
989 2211 1192 2276 inscrivano
1220 2213 1256 2275 in
1288 2232 1439 2295 corpore
1467 2210 1563 2275 iuris.

282 2316 325 2380 V.
352 2316 387 2379 S.
412 2317 509 2380 Rma
532 2316 646 2399 pona,
673 2316 894 2399 piacendole‚
919 2318 1053 2382 retenir
1067 2339 1138 2382 uno
1154 2340 1279 2401 presso
1296 2321 1342 2382 de
1357 2340 1406 2398 se,
1431 2319 1564 2401 perche

281 2427 340 2490 nel
364 2427 520 2507 pacheto
545 2428 591 2489 de
614 2426 663 2489 M.
687 2424 815 2504 Joanni
838 2425 986 2490 Matheo
1010 2426 1045 2489 io
1070 2427 1199 2490 mando
1224 2427 1245 2490 l’
1261 2429 1352 2490 altro
1376 2434 1565 2509 presentat

282 2556 303 2598 a
327 2532 401 2596 Sua
425 2531 490 2595 8¹⁸.

371 2640 404 2702 A
429 2640 589 2701 Lovanio
614 2661 702 2704 sono
727 2649 820 2704 stato
845 2662 939 2704 nove
963 2641 1013 2713 ὥς
1045 2641 1131 2724 ogni
1162 2661 1246 2704 cosa
1269 2661 1308 2703 se
1332 2650 1436 2723 porta
1459 2643 1563 2703 bene.

282 2747 417 2828 Questa
441 2748 642 2810 orthodoxa
666 2748 908 2812 universitade
933 2770 971 2811 se
995 2747 1203 2811 ricomanda
1226 2748 1286 2810 alli
1309 2747 1405 2830 piedi
1430 2749 1466 2809 di
1490 2745 1564 2810 Sua

282 2854 442 2924 Santita;
467 2856 514 2916 ho
539 2856 624 2916 dato
649 2854 672 2918 li
697 2856 823 2919 ordeni
851 2854 963 2918 debiti
988 2866 1024 2918 et
1047 2855 1140 2920 sarei
1164 2854 1333 2936 expedito
1357 2855 1418 2937 piir
1441 2864 1563 2938 presto

281 2984 318 3025 se
343 2984 413 3026 non
449 2964 546 3028 fosse
570 2974 662 3028 stata
691 2967 727 3029 la
750 2967 856 3046 colpa
880 2966 961 3028 dell'
978 2965 1172 3048 impressor
1200 2966 1233 3029 el
1258 2966 1340 3047 qual
1376 2985 1442 3047 per
1467 2984 1563 3027 man·

281 3090 342 3133 car
366 3072 410 3133 de
435 3072 602 3135 caratteri
630 3093 701 3135 non
725 3083 835 3155 potea
857 3073 914 3136 far
937 3093 975 3135 se
999 3093 1070 3135 non
1097 3093 1168 3136 una
1192 3072 1306 3135 forma
1329 3072 1363 3133 al
1388 3071 1422 3133 dl
1447 3080 1482 3133 et
1506 3090 1563 3131 me

281 3182 490 3261 besognava
526 3200 623 3243 esser
656 3190 838 3244 corrector
871 3200 936 3262 per
976 3182 1072 3244 bella
1111 3181 1208 3244 forza
1242 3199 1306 3261 per
1340 3178 1483 3240 defecto
1517 3178 1563 3239 de

282 3287 486 3349 correctori.
534 3289 567 3351 A
592 3289 691 3351 detto
716 3288 909 3370 impressor
932 3286 966 3351 io
997 3286 1067 3351 feci
1091 3291 1181 3351 altre
1204 3287 1319 3349 voltre
1343 3285 1474 3367 pigliar
1497 3303 1564 3366 per

281 3391 339 3453 via
363 3393 407 3454 de
439 3394 474 3455 la
500 3393 634 3457 iustitia
659 3395 751 3458 assai
785 3396 925 3478 grande
959 3415 1105 3458 numero
1136 3394 1189 3457 de'
1225 3393 1306 3455 libri
1339 3393 1384 3454 de
1416 3391 1562 3470 Luther,

280 3497 376 3560 forse
401 3499 466 3562 che
491 3501 604 3581 perho
629 3523 683 3564 me
707 3504 754 3564 ha
778 3500 1057 3584 stangheggiato
1083 3510 1118 3564 et
1142 3502 1320 3584 possendo
1340 3500 1395 3562 far
1417 3497 1443 3561 il
1467 3518 1560 3561 man·

283 3606 367 3666 dato
399 3605 433 3667 in
467 3616 521 3670 tre
549 3607 625 3671 folii
649 3610 745 3672 hallo
769 3608 860 3672 fatto
885 3610 919 3672 in
945 3610 1072 3691 cinque
1096 3629 1162 3690 per
1184 3607 1243 3689 piis
1268 3627 1332 3669 suo
1357 3605 1562 3687 guadagno,

281 3712 491 3775 altramente
516 3714 534 3776 ὲ
557 3714 664 3777 horno
689 3715 783 3777 assai
807 3718 928 3778 buono
952 3726 989 3779 et
1013 3727 1111 3779 certo
1139 3712 1298 3777 horamai
1321 3715 1392 3775 ben
1417 3713 1560 3775 redutto

281 3820 352 3880 alla
374 3820 470 3882 bona
493 3820 551 3883 via
576 3822 670 3883 della
694 3823 777 3903 qual
809 3842 874 3904 per
899 3823 1019 3885 avanti
1044 3843 1105 3885 era
1129 3821 1270 3884 sedotto
1299 3820 1344 3882 da
1373 3819 1430 3881 chi
1453 3819 1498 3884 V.
1524 3817 1560 3883 S.

281 3926 377 3987 Rma
399 3935 485 4006 pote
509 3929 578 3990 ben
603 3949 734 4010 pensar
758 3928 814 3990 chi
840 3928 935 3991 volio
960 3929 1053 4009 dire,
1078 3931 1143 3991 che
1167 3928 1185 3989 ὲ
1210 3926 1316 3989 collui
1341 3928 1406 3988 che
1429 3928 1476 3989 ha
1499 3946 1560 4008 pu·

282 4033 426 4096 trefatto
451 4044 541 4096 tutta
566 4046 691 4117 questa
715 4036 879 4098 Fiandra.
928 4033 973 4097 Et
997 4035 1088 4098 besti
1113 4034 1243 4115 perche
1273 4053 1378 4115 spero
1395 4035 1562 4114 parlarne

282 4139 529 4223 &amm

370 4248 426 4309 De
451 4249 584 4311 matino
617 4250 793 4332 placendo
830 4271 850 4311 a
883 4249 953 4312 Dio
987 4249 1122 4310 andero
1153 4268 1174 4308 a
1209 4247 1399 4326 Bruxelle‚
1434 4245 1562 4309 farassi

282 4364 373 4416 tutto
405 4344 523 4436 quello
557 4358 623 4419 che
655 4358 716 4439 pin
749 4358 877 4439 pareri
910 4358 944 4419 el
975 4354 1160 4438 proposito
1194 4363 1230 4416 et
1259 4353 1338 4415 satir
1370 4352 1561 4435 possibile;

282 4462 341 4542 poi
366 4483 404 4524 se
428 4462 508 4524 sara
533 4465 578 4526 de
601 4466 763 4545 besogno
788 4466 925 4527 restaro
950 4464 995 4525 de
1021 4484 1090 4544 qua
1113 4462 1243 4544 perche
1268 4458 1460 4523 altrimenti
1476 4468 1560 4522 met·

281 4568 406 4631 teromi
430 4567 465 4632 in
490 4571 628 4633 camino
652 4591 718 4651 per
742 4572 861 4634 Roma
885 4591 987 4633 como
1011 4590 1077 4652 per
1106 4570 1232 4632 lettere
1266 4568 1310 4630 de
1334 4567 1378 4632 V.
1403 4563 1439 4630 S.
1465 4566 1562 4628 Rma

281 4674 428 4737 intendo
444 4673 518 4739 Sua
531 4674 669 4739 Santita
686 4698 783 4740 esser
799 4686 977 4740 contenta.
1017 4675 1161 4738 Interim
1178 4677 1266 4737 baso
1290 4676 1323 4735 le
1341 4692 1441 4736 sacre
1465 4674 1561 4735 mani

281 4783 316 4844 di
341 4782 386 4845 V.
410 4780 447 4845 S.
473 4785 576 4847 Rma.
624 4783 783 4847 Lovanii.
