3559 5734
827 522 1075 578 ‹earne-2

307 668 368 750 pio
392 668 429 730 id
454 669 605 732 maxime
634 673 818 751 negabant
841 669 937 749 fore,
970 671 1035 734 che
1060 690 1131 732 non
1156 672 1191 732 la
1217 679 1369 751 potrano
1393 670 1452 752 piir
1478 691 1591 745 curar,

307 778 431 840 saltem
456 798 520 858 per
545 776 568 838 il
592 786 770 858 presente,
795 777 830 839 in
855 780 902 839 tal
928 779 1034 840 modo
1058 779 1140 858 quel
1156 779 1310 840 dracone
1327 799 1462 841 saxone
1480 781 1591 841 extol-

308 884 348 946 lit
372 886 474 964 colla,
498 883 534 946 in
559 886 608 947 tal
633 885 738 947 modo
764 885 787 947 li
811 885 970 966 serpenti
988 884 1163 948 lutherani
1181 906 1269 948 sono
1286 885 1508 966 multiplicati
1525 888 1591 948 che

307 992 459 1054 sibilano
484 994 592 1074 longe
616 993 759 1073 lateque
784 1003 954 1073 quantum
979 994 1118 1071 volunt,
1152 1013 1172 1053 e
1205 1003 1372 1073 questoro
1405 1001 1526 1055 tacent
1557 1005 1592 1056 et

308 1100 354 1162 mi
380 1121 445 1181 par
461 1101 527 1163 che
551 1110 721 1163 tremano.
769 1099 899 1162 Vorrei
923 1120 1002 1161 curn
1026 1100 1141 1180 poche
1165 1100 1302 1179 parolle
1326 1099 1458 1162 scriver
1475 1101 1592 1163 alcuni

309 1208 381 1271 casi
406 1208 472 1271 che
496 1228 563 1289 pur
588 1229 609 1270 a
633 1207 744 1289 quest'
768 1209 857 1270 hora
881 1228 937 1269 me
961 1209 1140 1269 assaltano
1165 1208 1210 1268 da
1245 1206 1330 1289 ogni
1368 1208 1503 1287 banda,
1535 1230 1593 1271 ma

307 1318 582 1398 besognarebbe
607 1315 740 1378 scriver
762 1315 894 1377 volumi
920 1335 990 1377 non
1014 1316 1153 1395 lettere,
1178 1323 1213 1376 et
1237 1314 1271 1376 io
1296 1336 1351 1377 me
1376 1314 1500 1378 dubito
1525 1317 1592 1378 che

308 1434 433 1504 queste
470 1444 539 1486 non
575 1423 666 1486 siino
701 1443 767 1503 pur
792 1432 922 1503 troppo
954 1422 1130 1501 taediose,
1167 1423 1195 1485 si
1218 1442 1283 1502 per
1308 1444 1379 1484 non
1408 1422 1533 1485 referir
1558 1426 1590 1486 al

309 1529 403 1594 88ῐιιῠ
428 1553 447 1593 e
468 1552 490 1593 a
506 1531 551 1592 V.
569 1530 606 1592 S.
624 1532 700 1593 R¹¹¹³
724 1551 809 1593 cosa
833 1532 898 1592 che
922 1532 1031 1593 molto
1056 1530 1080 1592 li
1104 1529 1251 1609 piaccia,
1276 1528 1304 1591 si
1320 1550 1384 1611 per
1405 1531 1439 1590 la
1454 1531 1593 1610 grande

309 1638 490 1702 verbosita
514 1637 602 1711 mia;
637 1659 693 1700 ma
716 1637 741 1699 il
765 1636 899 1700 scriver
933 1658 1015 1699 cose
1039 1636 1162 1698 noiose
1186 1635 1430 1717 imputandum
1456 1646 1510 1698 est
1533 1657 1591 1699 ne·

310 1744 466 1809 cessitati
490 1766 598 1808 verae
622 1746 681 1807 vel
705 1744 823 1828 potius
847 1747 974 1825 culpae
998 1743 1196 1821 hominum,
1227 1753 1262 1806 et
1287 1744 1352 1806 che
1385 1744 1419 1806 io
1448 1744 1490 1806 sii
1514 1765 1591 1838 uer·

310 1856 399 1916 boso
415 1855 448 1915 lo
467 1852 503 1914 fa
520 1853 656 1915 che-mi
680 1852 710 1914 si
734 1851 855 1932 gonfia
879 1853 912 1913 el
937 1871 1019 1913 core
1044 1871 1090 1912 ex
1115 1850 1213 1913 cuius
1237 1851 1456 1914 abundantia
1479 1873 1519 1914 os
1543 1855 1590 1915 lo-

310 1961 438 2043 quitur.

399 2068 486 2130 Heri
518 2067 542 2130 li
567 2065 770 2129 Caesariani
801 2065 836 2128 in
861 2087 1003 2129 camera
1032 2066 1069 2128 di
1094 2066 1226 2129 Caesar
1256 2067 1288 2129 ci
1319 2067 1456 2129 dissero
1480 2068 1592 2128 haver

310 2176 432 2238 scritto
457 2197 478 2237 a
502 2175 522 2236 l’
537 2173 774 2237 ambasciator
799 2195 820 2236 a
842 2174 963 2237 Roma
987 2174 1139 2236 devessa
1162 2173 1289 2237 referir
1313 2175 1347 2236 al
1364 2171 1457 2236 SS¹¹¹⁰
1482 2176 1592 2237 molto

310 2282 445 2346 meliori
483 2302 575 2344 nove
607 2283 652 2343 de
682 2283 717 2343 la
749 2301 858 2343 causa
890 2282 936 2342 de
959 2278 1114 2343 Martino
1140 2282 1206 2343 che
1229 2301 1294 2362 per
1319 2290 1440 2344 nostre
1464 2282 1592 2344 lettere

310 2410 477 2453 eravamo
503 2389 597 2452 soliti
622 2391 666 2450 de
689 2388 855 2466 scrivere,
881 2396 916 2450 et
940 2388 1202 2469 quodammodo
1228 2390 1506 2469 expostulabant
1531 2408 1591 2452 no·

309 2499 462 2560 hiscum:
494 2497 790 2579 respondessemo
819 2495 885 2557 che
910 2515 981 2557 non
1005 2495 1276 2557 desideravamo
1301 2495 1344 2557 nd
1369 2514 1590 2576 pregavamo

309 2605 378 2667 Dio
396 2607 440 2667 de
465 2606 556 2667 altra
580 2623 664 2666 cosa
687 2623 725 2664 se
751 2622 821 2664 non
846 2603 911 2664 che
936 2603 1012 2664 loro
1038 2623 1115 2665 cum
1141 2601 1253 2665 effetti
1278 2611 1313 2665 et
1329 2623 1399 2664 non
1425 2624 1502 2665 cum
1527 2603 1579 2666 let

310 2721 386 2775 tere
411 2733 432 2775 o
457 2732 535 2774 cum
558 2711 683 2792 parole
707 2731 747 2771 ce
772 2708 953 2771 facessero
978 2730 1085 2790 parer
1109 2708 1284 2789 bugiardi.

399 2818 467 2883 Gia
484 2827 626 2900 quattro
651 2817 767 2898 giorni
792 2818 824 2879 el
843 2815 1036 2879 Confessor
1060 2837 1116 2879 me
1141 2815 1235 2878 disse
1259 2817 1337 2877 chel
1362 2817 1484 2878 eraldo
1509 2817 1591 2880 scri·

310 2947 378 2989 vea
401 2948 422 2987 a
447 2926 599 2988 Caesare
625 2944 724 2986 come
749 2944 900 2985 menava
925 2944 1003 2985 cum
1028 2943 1110 2985 seco
1128 2932 1254 3003 questo
1271 2931 1439 3003 monstro,
1465 2932 1501 2985 et
1524 2925 1591 2986 che

311 3043 402 3097 tutto
425 3033 451 3095 il
475 3033 605 3095 mundo
630 3032 705 3094 ibat
720 3030 771 3094 illi
787 3030 929 3094 obviam
947 3030 1049 3093 effusi
1062 3030 1164 3111 pueri
1181 3030 1423 3113 innuptaeque
1436 3032 1592 3113 puellae,

311 3161 414 3204 senes
438 3160 517 3202 cum
541 3138 737 3202 iunioribus
761 3141 828 3202 che
852 3159 924 3200 non
948 3159 986 3201 se
1010 3147 1119 3219 potea
1142 3138 1327 3217 remediat,
1352 3147 1387 3200 et
1412 3157 1522 3200 ancor
1546 3139 1591 3202 de

311 3258 436 3331 questo
471 3248 636 3310 haviamo
674 3247 775 3310 diece
812 3246 895 3310 fiate
928 3245 1104 3308 rechiesto
1136 3266 1157 3308 a
1188 3244 1320 3308 Caesar
1350 3254 1517 3309 mettesse
1542 3250 1591 3311 tal

311 3357 445 3419 ordene
470 3358 536 3417 che
559 3376 625 3437 per
649 3355 733 3435 ogni
758 3356 837 3416 loco
861 3353 884 3417 l’
899 3354 1051 3416 intrasse
1075 3361 1214 3416 secreto
1239 3352 1299 3435 piu
1317 3356 1382 3417 che
1399 3354 1495 3417 fusse
1510 3375 1589 3437 pos·

310 3463 427 3536 sibile;
460 3463 673 3544 promissum
704 3461 772 3524 fuit
803 3460 1130 3523 asseverantissime
1160 3461 1319 3523 sednon
1344 3463 1590 3537 observatum;

310 3571 440 3652 perche
477 3591 498 3631 a
533 3569 589 3631 chi
614 3569 744 3631 Cesare
780 3569 954 3631 comanda
990 3589 1060 3631 non
1096 3588 1256 3649 pensano
1293 3569 1337 3630 ad
1362 3570 1454 3631 altro
1478 3571 1544 3633 che
1569 3592 1591 3636 a

312 3678 462 3759 qualche
486 3663 679 3757 particular
703 3676 888 3738 commodo
913 3697 934 3738 ο
960 3696 1042 3738 cose
1067 3675 1265 3756 temporali,
1290 3684 1325 3737 et
1346 3677 1590 3760 davantaggio
1615 3702 1618 3706 ’

310 3785 514 3847 intendemo
539 3785 603 3847 che
628 3792 753 3865 questo
778 3784 796 3845 ὲ
821 3784 940 3864 quello
966 3784 1087 3845 eraldo
1113 3783 1177 3844 che
1202 3785 1376 3846 messala
1398 3804 1503 3846 mano
1519 3786 1592 3848 alla

310 3892 424 3973 spada
447 3911 513 3972 per
535 3890 591 3952 far
615 3889 799 3972 despiacer
824 3912 845 3952 a
869 3911 939 3952 uno
965 3891 1009 3952 de
1033 3891 1249 3969 sedunense,
1283 3891 1315 3953 el
1347 3894 1429 3971 qual
1454 3890 1489 3953 in
1514 3895 1591 3956 sala

311 4000 357 4061 de
381 3998 514 4061 Caesar
537 3998 711 4078 parlando
737 3996 915 4059 defendea
938 3998 974 4060 la
998 4018 1105 4059 causa
1129 3999 1186 4059 del
1203 3995 1378 4061 Pontifice
1394 4006 1518 4061 contra
1541 4020 1588 4062 un

309 4106 365 4167 fra
393 4104 531 4183 Joanne
554 4103 662 4166 Fabri
688 4105 733 4166 de
757 4103 924 4184 Augusta
947 4106 1012 4167 che
1038 4105 1095 4166 nel
1120 4125 1260 4166 sermon
1291 4104 1326 4167 in
1358 4104 1482 4167 funere
1507 4105 1588 4170 Car·

312 4210 439 4275 dinalis
456 4212 501 4273 de
519 4210 624 4292 Croy,
650 4231 753 4291 quem
769 4210 893 4274 habuit
917 4211 1123 4292 alemaniae,
1146 4210 1212 4273 tuit
1229 4212 1416 4274 oblocutus
1434 4213 1478 4274 de
1493 4210 1589 4276 Sede

310 4317 517 4399 apostolica,
542 4318 672 4380 oblitus
697 4326 750 4379 tot
765 4317 1014 4381 benefitiorum
1038 4340 1059 4380 a
1074 4315 1139 4380 8³¹⁰
1163 4320 1207 4381 D.
1223 4317 1266 4380 N.
1291 4329 1527 4401 acceptorum,
1553 4335 1589 4384 et

309 4424 456 4487 intendo
488 4424 553 4486 che
584 4431 710 4504 questo
742 4425 864 4487 eraldo
895 4426 913 4488 ὲ
945 4446 993 4487 un
1017 4436 1128 4488 matto
1152 4433 1322 4508 protervo
1346 4425 1587 4491 inimicissimo

310 4532 369 4593 del
393 4532 500 4609 clero,
525 4530 723 4593 sbaiaffone
743 4532 775 4593 el
801 4533 905 4612 quale
931 4533 949 4595 ὲ
973 4535 1043 4595 ben
1067 4534 1173 4594 homo
1198 4534 1248 4615 (ut
1271 4532 1370 4595 multi
1393 4533 1461 4596 iam
1486 4554 1586 4615 prae·

310 4635 444 4722 dicunt)
468 4658 533 4719 per
556 4637 611 4699 dir
636 4648 671 4699 et
695 4638 859 4719 publicar
881 4640 993 4701 haver
1016 4639 1148 4702 veduto
1172 4640 1323 4720 qualche
1347 4638 1516 4703 miraculo
1542 4644 1588 4707 de

309 4743 463 4808 Martino
488 4764 552 4826 per
575 4745 611 4807 la
633 4745 693 4808 via
718 4766 739 4808 o
763 4748 797 4808 el
821 4743 955 4828 Spirito
977 4743 1109 4809 Sancto
1134 4766 1242 4828 sopra
1265 4747 1289 4809 il
1313 4766 1404 4829 capo
1429 4768 1527 4812 come
1551 4752 1587 4814 lo

311 4851 526 4935 depingonn
573 4852 617 4916 Et
641 4872 751 4915 ancor
774 4854 839 4914 che
864 4874 935 4917 non
951 4875 989 4918 se
1006 4854 1030 4917 li
1046 4856 1250 4918 deverebbe
1268 4857 1392 4918 creder
1408 4876 1473 4937 per
1489 4878 1587 4921 esser
