3559 5734
702 532 760 588 <aa
798 532 833 588 83
872 532 930 588 a

175 678 278 741 turali
303 677 465 761 Signori,
499 681 564 742 che
595 681 683 761 perd
714 701 860 764 sapemo
886 679 959 744 Sua
983 680 1122 744 Maesta
1156 689 1190 742 et
1224 689 1315 743 tutto
1343 679 1377 743 il.
1393 699 1457 742 suo

174 784 435 866 sapientissimo
460 787 606 850 consilio
631 789 840 869 provedono
866 788 951 869 ogni
977 808 1071 866 cosa,
1099 789 1265 850 havendo
1289 787 1412 849 avanti
1435 787 1459 850 li

175 892 276 954 occhi
300 893 325 955 li
350 893 483 956 Boemi.

263 1000 305 1062 Li
322 1000 431 1063 Brevi
455 1002 521 1064 che
545 1001 749 1064 dimandate
771 1002 853 1064 tutti
876 1001 913 1064 vi
937 1002 967 1064 si
991 1003 1168 1064 mandeno
1193 1000 1399 1064 credentiali
1424 999 1458 1061 in

174 1107 334 1169 Persona
366 1117 488 1185 vostra
518 1117 554 1171 et
585 1109 643 1170 del
668 1109 965 1188 Prothonotario,
999 1129 1098 1171 corne
1129 1109 1300 1171 vederete
1333 1128 1399 1191 per
1426 1109 1459 1169 le

173 1213 320 1286 minute;
345 1214 522 1296 seguitate
547 1215 633 1295 ogni
649 1235 733 1278 cosa
756 1215 1020 1278 communicatis
1045 1214 1200 1278 consiliis
1218 1226 1254 1277 et
1270 1217 1361 1278 bene
1379 1235 1458 1276 con-

173 1320 409 1384 sentientibus
434 1321 558 1385 animis
582 1343 682 1386 corne
706 1324 835 1387 havete
860 1322 1085 1405 principiam,
1110 1334 1145 1385 et
1170 1323 1326 1404 supplite
1348 1322 1370 1385 l'
1387 1343 1458 1385 uno

172 1449 238 1509 per
263 1430 283 1490 l'
300 1430 391 1491 altro
416 1430 716 1492 amorevolmente
741 1450 846 1494 senza
871 1430 1064 1511 guardarla
1088 1428 1122 1491 in
1146 1429 1282 1511 sottile,
1307 1434 1335 1492 sl
1361 1449 1460 1492 come

173 1536 310 1598 ricerca
341 1537 376 1598 la
400 1556 507 1599 causa
532 1536 568 1598 di
591 1547 692 1600 tanta
715 1537 944 1621 importantia
968 1548 1003 1600 et
1028 1538 1056 1600 si
1081 1537 1297 1619 periculosa,
1322 1546 1358 1600 et
1381 1556 1458 1618 per-

172 1644 361 1706 suadetevi
384 1645 451 1707 che
474 1643 606 1707 Nostro
632 1642 785 1725 Signore
810 1646 903 1707 vede
927 1655 963 1708 et
987 1644 1175 1708 considera
1198 1646 1232 1707 le
1257 1664 1377 1726 opere,
1409 1644 1457 1707 fa·

172 1753 269 1813 tiche
294 1760 330 1813 et
354 1751 461 1815 stenti
485 1752 614 1832 vostri,
649 1763 685 1816 et
709 1753 744 1814 di
769 1761 861 1814 tutto
885 1752 982 1816 tiene
1006 1762 1042 1814 et
1064 1751 1161 1814 terra
1184 1753 1279 1814 bono
1307 1751 1458 1814 ricordo.

264 1858 316 1920 La
348 1878 433 1920 cosa
463 1859 498 1920 di
523 1858 740 1922 Armestorff
761 1859 953 1922 cameriere
979 1859 1014 1920 di
1038 1858 1192 1922 Caesare
1216 1879 1281 1941 per
1304 1858 1329 1920 il
1354 1860 1459 1940 quale

171 1965 196 2026 il
222 1966 429 2028 contessore
453 1967 499 2027 ha
524 1965 667 2049 script0,
693 1976 728 2028 et
752 1966 821 2045 voi,
847 1975 882 2029 et
907 1967 931 2027 il
955 1966 1232 2029 Prothonotario
1258 1976 1293 2028 et
1317 1966 1415 2045 tutti,
1441 1966 1458 2028 ὲ

171 2081 362 2153 assettata,
387 2072 522 2135 Perchd
547 2073 679 2136 Nostro
704 2071 857 2155 Signore
881 2073 906 2135 li
930 2075 977 2135 ha
1000 2073 1096 2135 facto
1121 2074 1250 2136 cedere
1274 2075 1308 2135 la
1331 2093 1458 2155 prepo-

172 2179 285 2242 situra
319 2181 365 2241 da
398 2180 516 2261 quello
551 2182 616 2243 che
647 2181 763 2243 havea
790 2181 924 2242 havuto
949 2181 982 2241 le
1007 2179 1182 2242 sententie
1207 2189 1243 2241 et
1267 2191 1458 2262 exequuto-

171 2286 252 2349 riali
276 2286 311 2347 in
328 2287 428 2348 Rota
453 2298 488 2350 et
511 2287 568 2349 chi
591 2288 612 2349 l'
631 2289 746 2350 havea
769 2287 910 2370 litigata
933 2287 1031 2350 molti
1057 2297 1093 2349 et
1114 2287 1214 2350 molti
1239 2289 1323 2351 anni
1345 2288 1459 2371 prima

171 2395 256 2459 chel
280 2394 469 2457 Cardinale
494 2394 623 2475 Egidio
657 2396 867 2477 impetrasse
899 2397 933 2457 la
967 2416 1030 2457 sua
1063 2396 1211 2477 general
1235 2395 1371 2459 riserva
1395 2416 1460 2477 per

171 2504 300 2585 vigore
325 2504 420 2566 della
443 2506 547 2584 quale
572 2503 596 2564 il
620 2502 763 2564 fratello
788 2502 823 2563 di
848 2500 1066 2564 Armastorff
1079 2502 1109 2563 ci
1125 2503 1354 2583 pretendeva.
1390 2502 1458 2564 No·

171 2623 247 2672 stro
273 2608 427 2690 Signore
461 2609 507 2671 ha
540 2611 662 2672 voluto
695 2610 840 2690 allongo
872 2607 1074 2670 informarsi
1099 2610 1157 2671 del
1181 2617 1273 2671 tutto
1298 2618 1333 2671 et
1357 2620 1460 2672 trova

171 2718 254 2779 chel
277 2735 413 2798 povero
439 2714 607 2777 Cardinal
631 2713 760 2795 Egidio
785 2716 803 2777 ὲ
828 2724 995 2776 accusato
1019 2735 1041 2777 a
1065 2734 1155 2795 gran
1178 2725 1289 2795 torto,
1322 2727 1357 2778 et
1381 2718 1459 2779 chel

171 2824 368 2887 cameriere
393 2823 429 2885 di
453 2823 584 2886 Cesare
609 2824 626 2885 ὲ
652 2824 761 2885 molto
787 2822 878 2884 male
903 2822 1093 2885 informato
1117 2823 1212 2885 della
1237 2844 1338 2902 cosa,
1363 2832 1399 2885 et
1423 2823 1458 2885 in

172 2952 311 2994 summa
341 2932 406 2993 che
432 2931 521 2992 deve
546 2930 632 2992 farsi
656 2929 874 2993 conscientia
899 2930 993 2992 della
1016 2928 1162 2992 infamia
1186 2931 1252 2993 che
1276 2930 1310 2992 in
1333 2940 1459 3011 questo

170 3041 219 3101 ha
244 3040 328 3101 dato
354 3060 375 3101 a
400 3038 472 3101 Sua
496 3037 812 3102 Reverendissima
837 3034 1007 3119 Signoria
1030 3046 1066 3099 et
1089 3038 1203 3099 anche
1227 3039 1272 3099 ad
1297 3037 1455 3099 Henecn

172 3157 266 3210 wort
298 3167 398 3209 come
430 3146 459 3208 si
490 3145 594 3227 potra
624 3145 756 3228 meglio
788 3147 921 3207 vedere
951 3165 1016 3225 per
1046 3146 1081 3206 la
1111 3164 1197 3206 vera
1229 3145 1459 3207 instructione

172 3256 271 3317 della
296 3275 404 3317 causa
428 3264 464 3316 et
487 3255 564 3317 loro
588 3256 693 3317 lettre
717 3255 783 3316 che
807 3254 837 3316 si
860 3256 1104 3316 manderanno
1129 3253 1164 3316 (11
1189 3254 1233 3316 la.

264 3361 487 3424 Nondimeno
512 3381 576 3442 per
601 3361 775 3424 sodisfare
800 3381 821 3423 a
845 3360 999 3424 Caesare
1024 3362 1057 3422 al
1086 3359 1292 3422 confessore
1326 3359 1361 3421 di
1387 3358 1460 3421 Sua

173 3466 331 3548 Maesta,
366 3479 400 3530 et
431 3471 543 3531 anche
567 3470 601 3531 al
625 3468 833 3545 cameriere,
867 3469 972 3549 quale
1004 3467 1155 3530 scrivete
1181 3487 1279 3530 esser
1301 3469 1398 3529 bono
1423 3476 1459 3529 et

173 3575 352 3636 catholico
377 3575 632 3659 gentilhuomo,
657 3572 731 3637 Sua
755 3574 982 3637 Beatitudine
1013 3594 1079 3656 per
1109 3594 1226 3637 mezzo
1259 3575 1317 3635 del
1341 3574 1458 3637 Reve-

173 3680 385 3744 rendissimo
416 3681 539 3744 Sancti
564 3681 714 3762 Quattro
745 3682 792 3742 ha
825 3681 979 3744 sforzato
1011 3682 1031 3743 l'
1046 3681 1253 3744 adversario
1283 3680 1459 3744 renitente

173 3800 210 3850 et
243 3788 424 3870 disperato
449 3810 469 3851 a
494 3789 696 3860 renuntiare
729 3789 763 3850 la
788 3789 883 3851 dicta
907 3789 1143 3870 prepositura,
1175 3798 1210 3851 et
1235 3797 1324 3850 tutte
1349 3789 1382 3851 le
1406 3810 1457 3850 ra·

172 3895 274 3977 gioni
299 3917 361 3958 sue
385 3897 419 3959 al
443 3896 585 3959 fratello
611 3895 646 3957 di
671 3916 750 3958 esso
776 3895 978 3959 Cameriere
1003 3906 1039 3959 et
1063 3898 1108 3958 ha
1132 3906 1337 3959 contentato
1364 3896 1459 3958 dicto

173 4003 382 4066 adversario
414 4024 479 4066 con
513 4023 582 4065 uno
614 4002 728 4065 offitio
762 4005 827 4066 che
860 4003 883 4065 li
915 4005 1027 4065 renda
1060 4012 1163 4065 cento
1198 4003 1317 4065 ducati
1346 4002 1459 4065 d'oro

174 4111 194 4171 l’
213 4131 308 4172 anno
341 4110 464 4192 pagati
496 4110 581 4191 ogni
605 4130 701 4173 mese
726 4131 791 4191 per
814 4119 893 4172 rata
915 4109 1030 4173 finche
1055 4132 1094 4171 se
1118 4110 1141 4172 li
1166 4111 1212 4172 da
1237 4109 1460 4190 ricompensa

174 4217 210 4279 in
245 4216 413 4280 benefitii.
462 4218 607 4279 Potrete
638 4216 715 4279 fare
738 4217 926 4279 intendere
950 4218 974 4280 il
999 4227 1090 4278 tutto
1115 4219 1148 4279 al
1172 4217 1231 4279 Re
1256 4216 1459 4279 alConfes-

175 4344 257 4386 sore
282 4334 318 4387 et
342 4345 361 4386 a
385 4325 475 4386 ditto
499 4323 702 4404 cameriere,
728 4324 824 4387 accio
850 4326 915 4388 che
940 4325 1134 4387 intendano
1159 4325 1224 4387 che
1249 4323 1398 4405 rispetto
1424 4324 1460 4386 di

175 4431 250 4493 Sua
274 4431 413 4493 Maesta
444 4453 482 4495 se
516 4431 539 4493 li
564 4432 659 4493 dona
689 4430 923 4494 liberamente
947 4433 983 4493 la
1007 4430 1233 4514 prepositura
1261 4431 1326 4492 che
1351 4440 1459 4509 certo,

175 4558 241 4618 per
272 4549 404 4619 quanto
422 4537 552 4600 Nostro
574 4536 728 4619 Signore
753 4539 799 4600 ha
822 4542 946 4602 voluto
970 4539 1167 4619 intendere,
1193 4558 1262 4600 non
1288 4537 1319 4598 ci
1344 4540 1459 4600 havea

175 4644 325 4725 ragione
356 4648 482 4708 alcuna
515 4646 559 4708 ne
591 4645 614 4707 il
641 4643 829 4708 Cardinale
855 4646 1002 4727 Egidio,
1036 4648 1140 4727 quale
1164 4665 1230 4727 per
1253 4666 1324 4707 non
1347 4645 1458 4707 incor-

176 4771 257 4814 rere
281 4751 315 4813 in
341 4755 374 4814 le
398 4773 546 4815 censure
563 4761 599 4815 et
616 4753 905 4815 excommuniche
924 4752 1008 4815 delli
1024 4752 1283 4833 exequutoriali
1299 4752 1458 4815 intimate

175 4880 197 4922 a
222 4857 297 4922 Sua
328 4858 513 4943 Signoria‚
546 4870 628 4944 post
660 4880 734 4922 rem
764 4859 954 4922 iudicatam
987 4860 1082 4922 dallo
1114 4858 1321 4921 adversario
1355 4859 1460 4921 cessit

1266 4966 1297 5019 6*
