<?xml version="1.0" encoding="UTF-8"?>
<!DOCTYPE html PUBLIC "-//W3C//DTD XHTML 1.0 Transitional//EN"
    "http://www.w3.org/TR/xhtml1/DTD/xhtml1-transitional.dtd">
<html xmlns="http://www.w3.org/1999/xhtml" xml:lang="en" lang="en">
 <head>
  <title>
</title>
<meta http-equiv="Content-Type" content="text/html;charset=utf-8" />
  <meta name='ocr-system' content='tesseract 3.04.00' />
  <meta name='ocr-capabilities' content='ocr_page ocr_carea ocr_par ocr_line ocrx_word'/>
</head>
<body>
  <div class='ocr_page' id='page_1' title='image "./monumentareform01vatigoog/monumentareform01vatigoog_0476.png"; bbox 0 0 3559 5734; ppageno 0'>
   <div class='ocr_carea' id='block_1_1' title="bbox 838 531 1084 595">
    <p class='ocr_par' dir='ltr' id='par_1_1' title="bbox 838 531 1084 595">
     <span class='ocr_line' id='line_1_1' title="bbox 838 531 1084 595; baseline -0.016 0"><span class='ocrx_word' id='word_1_1' title='bbox 838 531 1084 595; x_wconf 41' lang='lat' dir='ltr'>*Quill*</span> 
     </span>
    </p>
   </div>
   <div class='ocr_carea' id='block_1_2' title="bbox 322 679 1606 2049">
    <p class='ocr_par' dir='ltr' id='par_1_2' title="bbox 322 679 1606 2049">
     <span class='ocr_line' id='line_1_2' title="bbox 322 679 1600 767; baseline -0.002 -19"><span class='ocrx_word' id='word_1_2' title='bbox 322 683 455 748; x_wconf 92' lang='lat' dir='ltr'>nullum</span> <span class='ocrx_word' id='word_1_3' title='bbox 480 682 621 765; x_wconf 89' lang='lat' dir='ltr'>quidem</span> <span class='ocrx_word' id='word_1_4' title='bbox 647 683 694 748; x_wconf 91' lang='lat' dir='ltr'>illi</span> <span class='ocrx_word' id='word_1_5' title='bbox 721 695 776 747; x_wconf 91' lang='lat' dir='ltr'>est</span> <span class='ocrx_word' id='word_1_6' title='bbox 799 705 889 767; x_wconf 89' lang='lat' dir='ltr'>pace</span> <span class='ocrx_word' id='word_1_7' title='bbox 914 684 1050 767; x_wconf 85' lang='lat' dir='ltr'>gratius</span> <span class='ocrx_word' id='word_1_8' title='bbox 1073 693 1110 746; x_wconf 90' lang='lat' dir='ltr'>et</span> <span class='ocrx_word' id='word_1_9' title='bbox 1134 681 1344 764; x_wconf 81' lang='lat' dir='ltr'>placabilius</span> <span class='ocrx_word' id='word_1_10' title='bbox 1380 679 1600 747; x_wconf 82' lang='lat' dir='ltr'>sacrificium.</span> 
     </span>
     <span class='ocr_line' id='line_1_3' title="bbox 324 789 1602 874; baseline -0.004 -19"><span class='ocrx_word' id='word_1_11' title='bbox 324 793 401 855; x_wconf 86' lang='lat' dir='ltr'>Tua</span> <span class='ocrx_word' id='word_1_12' title='bbox 424 813 524 855; x_wconf 92' lang='lat' dir='ltr'>mens</span> <span class='ocrx_word' id='word_1_13' title='bbox 548 793 616 855; x_wconf 88' lang='lat' dir='ltr'>iam</span> <span class='ocrx_word' id='word_1_14' title='bbox 648 793 799 874; x_wconf 88' lang='lat' dir='ltr'>plurima</span> <span class='ocrx_word' id='word_1_15' title='bbox 832 802 868 854; x_wconf 88' lang='lat' dir='ltr'>et</span> <span class='ocrx_word' id='word_1_16' title='bbox 901 791 1095 855; x_wconf 89' lang='lat' dir='ltr'>clarissima</span> <span class='ocrx_word' id='word_1_17' title='bbox 1126 791 1229 873; x_wconf 88' lang='lat' dir='ltr'>signa</span> <span class='ocrx_word' id='word_1_18' title='bbox 1260 790 1359 853; x_wconf 83' lang='lat' dir='ltr'>dedit</span> <span class='ocrx_word' id='word_1_19' title='bbox 1389 789 1529 853; x_wconf 86' lang='lat' dir='ltr'>virtutis</span> <span class='ocrx_word' id='word_1_20' title='bbox 1567 798 1602 853; x_wconf 92' lang='lat' dir='ltr'>et</span> 
     </span>
     <span class='ocr_line' id='line_1_4' title="bbox 322 896 1602 981; baseline -0.002 -20"><span class='ocrx_word' id='word_1_21' title='bbox 322 898 507 981; x_wconf 84' lang='lat' dir='ltr'>religionis</span> <span class='ocrx_word' id='word_1_22' title='bbox 530 897 565 960; x_wconf 90' lang='lat' dir='ltr'>in</span> <span class='ocrx_word' id='word_1_23' title='bbox 591 919 759 962; x_wconf 91' lang='lat' dir='ltr'>summum</span> <span class='ocrx_word' id='word_1_24' title='bbox 789 899 905 961; x_wconf 91' lang='lat' dir='ltr'>Deum</span> <span class='ocrx_word' id='word_1_25' title='bbox 930 897 1116 978; x_wconf 88' lang='lat' dir='ltr'>maximae,</span> <span class='ocrx_word' id='word_1_26' title='bbox 1141 917 1245 960; x_wconf 92' lang='lat' dir='ltr'>nemo</span> <span class='ocrx_word' id='word_1_27' title='bbox 1270 907 1325 960; x_wconf 90' lang='lat' dir='ltr'>est</span> <span class='ocrx_word' id='word_1_28' title='bbox 1348 896 1408 979; x_wconf 94' lang='lat' dir='ltr'>qui</span> <span class='ocrx_word' id='word_1_29' title='bbox 1444 917 1516 959; x_wconf 92' lang='lat' dir='ltr'>non</span> <span class='ocrx_word' id='word_1_30' title='bbox 1553 896 1602 958; x_wconf 85' lang='lat' dir='ltr'>ita</span> 
     </span>
     <span class='ocr_line' id='line_1_5' title="bbox 323 1005 1602 1087; baseline -0.001 -21"><span class='ocrx_word' id='word_1_31' title='bbox 323 1005 502 1067; x_wconf 83' lang='lat' dir='ltr'>existimet</span> <span class='ocrx_word' id='word_1_32' title='bbox 526 1016 561 1067; x_wconf 89' lang='lat' dir='ltr'>et</span> <span class='ocrx_word' id='word_1_33' title='bbox 585 1025 759 1087; x_wconf 84' lang='lat' dir='ltr'>personae</span> <span class='ocrx_word' id='word_1_34' title='bbox 785 1017 820 1068; x_wconf 89' lang='lat' dir='ltr'>et</span> <span class='ocrx_word' id='word_1_35' title='bbox 844 1005 1030 1086; x_wconf 86' lang='lat' dir='ltr'>dignitatis</span> <span class='ocrx_word' id='word_1_36' title='bbox 1052 1016 1136 1068; x_wconf 87' lang='lat' dir='ltr'>tuae</span> <span class='ocrx_word' id='word_1_37' title='bbox 1159 1005 1274 1087; x_wconf 91' lang='lat' dir='ltr'>ipsum</span> <span class='ocrx_word' id='word_1_38' title='bbox 1305 1024 1385 1068; x_wconf 90' lang='lat' dir='ltr'>esse</span> <span class='ocrx_word' id='word_1_39' title='bbox 1412 1017 1602 1087; x_wconf 89' lang='lat' dir='ltr'>patronum</span> 
     </span>
     <span class='ocr_line' id='line_1_6' title="bbox 326 1112 1602 1196; baseline -0.002 -20"><span class='ocrx_word' id='word_1_40' title='bbox 326 1122 362 1176; x_wconf 92' lang='lat' dir='ltr'>et</span> <span class='ocrx_word' id='word_1_41' title='bbox 385 1121 623 1194; x_wconf 83' lang='lat' dir='ltr'>protectorem</span> <span class='ocrx_word' id='word_1_42' title='bbox 649 1114 782 1188; x_wconf 92' lang='lat' dir='ltr'>Deum;</span> <span class='ocrx_word' id='word_1_43' title='bbox 808 1123 979 1196; x_wconf 89' lang='lat' dir='ltr'>quantum</span> <span class='ocrx_word' id='word_1_44' title='bbox 1002 1112 1054 1175; x_wconf 90' lang='lat' dir='ltr'>illi</span> <span class='ocrx_word' id='word_1_45' title='bbox 1077 1113 1222 1193; x_wconf 87' lang='lat' dir='ltr'>debeas,</span> <span class='ocrx_word' id='word_1_46' title='bbox 1237 1112 1399 1195; x_wconf 83' lang='lat' dir='ltr'>cogitare</span> <span class='ocrx_word' id='word_1_47' title='bbox 1415 1123 1512 1174; x_wconf 88' lang='lat' dir='ltr'>tuum</span> <span class='ocrx_word' id='word_1_48' title='bbox 1538 1120 1602 1191; x_wconf 84' lang='lat' dir='ltr'>est,</span> 
     </span>
     <span class='ocr_line' id='line_1_7' title="bbox 324 1218 1602 1303; baseline -0.002 -21"><span class='ocrx_word' id='word_1_49' title='bbox 324 1231 483 1282; x_wconf 91' lang='lat' dir='ltr'>nostrum</span> <span class='ocrx_word' id='word_1_50' title='bbox 518 1220 711 1283; x_wconf 88' lang='lat' dir='ltr'>admonere</span> <span class='ocrx_word' id='word_1_51' title='bbox 741 1220 954 1303; x_wconf 90' lang='lat' dir='ltr'>quidnobis</span> <span class='ocrx_word' id='word_1_52' title='bbox 988 1220 1154 1283; x_wconf 90' lang='lat' dir='ltr'>videatur</span> <span class='ocrx_word' id='word_1_53' title='bbox 1183 1228 1304 1281; x_wconf 81' lang='lat' dir='ltr'>tantae</span> <span class='ocrx_word' id='word_1_54' title='bbox 1333 1218 1602 1282; x_wconf 84' lang='lat' dir='ltr'>conservandae</span> 
     </span>
     <span class='ocr_line' id='line_1_8' title="bbox 324 1324 1602 1410; baseline -0.002 -21"><span class='ocrx_word' id='word_1_55' title='bbox 324 1326 393 1390; x_wconf 86' lang='lat' dir='ltr'>Dei</span> <span class='ocrx_word' id='word_1_56' title='bbox 417 1327 558 1409; x_wconf 87' lang='lat' dir='ltr'>gratiae</span> <span class='ocrx_word' id='word_1_57' title='bbox 583 1348 662 1391; x_wconf 89' lang='lat' dir='ltr'>esse</span> <span class='ocrx_word' id='word_1_58' title='bbox 687 1328 895 1410; x_wconf 85' lang='lat' dir='ltr'>expediens.</span> <span class='ocrx_word' id='word_1_59' title='bbox 950 1328 1042 1390; x_wconf 91' lang='lat' dir='ltr'>Illud</span> <span class='ocrx_word' id='word_1_60' title='bbox 1077 1325 1220 1409; x_wconf 90' lang='lat' dir='ltr'>quidem</span> <span class='ocrx_word' id='word_1_61' title='bbox 1257 1335 1471 1406; x_wconf 84' lang='lat' dir='ltr'>extremum,</span> <span class='ocrx_word' id='word_1_62' title='bbox 1506 1324 1602 1406; x_wconf 91' lang='lat' dir='ltr'>quod</span> 
     </span>
     <span class='ocr_line' id='line_1_9' title="bbox 324 1431 1603 1516; baseline -0.002 -20"><span class='ocrx_word' id='word_1_63' title='bbox 324 1434 436 1498; x_wconf 88' lang='lat' dir='ltr'>nostri</span> <span class='ocrx_word' id='word_1_64' title='bbox 461 1453 548 1516; x_wconf 85' lang='lat' dir='ltr'>erga</span> <span class='ocrx_word' id='word_1_65' title='bbox 572 1443 607 1497; x_wconf 88' lang='lat' dir='ltr'>te</span> <span class='ocrx_word' id='word_1_66' title='bbox 631 1434 761 1499; x_wconf 87' lang='lat' dir='ltr'>amoris</span> <span class='ocrx_word' id='word_1_67' title='bbox 793 1445 867 1515; x_wconf 87' lang='lat' dir='ltr'>est,</span> <span class='ocrx_word' id='word_1_68' title='bbox 903 1434 1142 1516; x_wconf 83' lang='lat' dir='ltr'>adiungimus,</span> <span class='ocrx_word' id='word_1_69' title='bbox 1178 1451 1310 1515; x_wconf 88' lang='lat' dir='ltr'>cupere</span> <span class='ocrx_word' id='word_1_70' title='bbox 1339 1453 1404 1496; x_wconf 91' lang='lat' dir='ltr'>nos</span> <span class='ocrx_word' id='word_1_71' title='bbox 1435 1431 1603 1514; x_wconf 90' lang='lat' dir='ltr'>quicquid</span> 
     </span>
     <span class='ocr_line' id='line_1_10' title="bbox 325 1538 1602 1623; baseline -0.002 -19"><span class='ocrx_word' id='word_1_72' title='bbox 325 1540 443 1623; x_wconf 87' lang='lat' dir='ltr'>egeris</span> <span class='ocrx_word' id='word_1_73' title='bbox 467 1550 503 1604; x_wconf 92' lang='lat' dir='ltr'>et</span> <span class='ocrx_word' id='word_1_74' title='bbox 526 1542 762 1621; x_wconf 77' lang='lat' dir='ltr'>consulueriS,</span> <span class='ocrx_word' id='word_1_75' title='bbox 787 1542 823 1604; x_wconf 92' lang='lat' dir='ltr'>id</span> <span class='ocrx_word' id='word_1_76' title='bbox 847 1542 964 1604; x_wconf 87' lang='lat' dir='ltr'>Deum</span> <span class='ocrx_word' id='word_1_77' title='bbox 987 1541 1102 1623; x_wconf 91' lang='lat' dir='ltr'>ipsum</span> <span class='ocrx_word' id='word_1_78' title='bbox 1127 1540 1361 1604; x_wconf 89' lang='lat' dir='ltr'>immortalem</span> <span class='ocrx_word' id='word_1_79' title='bbox 1385 1547 1421 1602; x_wconf 90' lang='lat' dir='ltr'>et</span> <span class='ocrx_word' id='word_1_80' title='bbox 1445 1538 1602 1621; x_wconf 93' lang='lat' dir='ltr'>omnipo·</span> 
     </span>
     <span class='ocr_line' id='line_1_11' title="bbox 327 1646 1603 1727; baseline -0.003 -17"><span class='ocrx_word' id='word_1_81' title='bbox 327 1658 460 1712; x_wconf 89' lang='lat' dir='ltr'>tentem</span> <span class='ocrx_word' id='word_1_82' title='bbox 477 1650 569 1711; x_wconf 92' lang='lat' dir='ltr'>bene</span> <span class='ocrx_word' id='word_1_83' title='bbox 587 1658 623 1710; x_wconf 88' lang='lat' dir='ltr'>et</span> <span class='ocrx_word' id='word_1_84' title='bbox 647 1647 798 1712; x_wconf 87' lang='lat' dir='ltr'>feliciter</span> <span class='ocrx_word' id='word_1_85' title='bbox 821 1660 903 1712; x_wconf 89' lang='lat' dir='ltr'>tuae</span> <span class='ocrx_word' id='word_1_86' title='bbox 928 1646 1121 1711; x_wconf 86' lang='lat' dir='ltr'>Serenitati</span> <span class='ocrx_word' id='word_1_87' title='bbox 1145 1646 1290 1711; x_wconf 89' lang='lat' dir='ltr'>evenire</span> <span class='ocrx_word' id='word_1_88' title='bbox 1315 1647 1452 1724; x_wconf 90' lang='lat' dir='ltr'>iubere,</span> <span class='ocrx_word' id='word_1_89' title='bbox 1484 1665 1603 1727; x_wconf 91' lang='lat' dir='ltr'>quem·</span> 
     </span>
     <span class='ocr_line' id='line_1_12' title="bbox 325 1752 1604 1836; baseline -0.003 -18"><span class='ocrx_word' id='word_1_90' title='bbox 325 1755 515 1818; x_wconf 89' lang='lat' dir='ltr'>admodum</span> <span class='ocrx_word' id='word_1_91' title='bbox 541 1755 585 1817; x_wconf 90' lang='lat' dir='ltr'>de</span> <span class='ocrx_word' id='word_1_92' title='bbox 609 1755 682 1834; x_wconf 80' lang='lat' dir='ltr'>his,</span> <span class='ocrx_word' id='word_1_93' title='bbox 714 1765 750 1817; x_wconf 87' lang='lat' dir='ltr'>et</span> <span class='ocrx_word' id='word_1_94' title='bbox 782 1755 812 1818; x_wconf 92' lang='lat' dir='ltr'>si</span> <span class='ocrx_word' id='word_1_95' title='bbox 835 1777 906 1836; x_wconf 89' lang='lat' dir='ltr'>qua</span> <span class='ocrx_word' id='word_1_96' title='bbox 928 1754 1066 1836; x_wconf 88' lang='lat' dir='ltr'>reliqua</span> <span class='ocrx_word' id='word_1_97' title='bbox 1090 1765 1180 1835; x_wconf 82' lang='lat' dir='ltr'>sunt,</span> <span class='ocrx_word' id='word_1_98' title='bbox 1204 1752 1448 1817; x_wconf 84' lang='lat' dir='ltr'>mandavimus</span> <span class='ocrx_word' id='word_1_99' title='bbox 1472 1752 1604 1815; x_wconf 90' lang='lat' dir='ltr'>dilecto</span> 
     </span>
     <span class='ocr_line' id='line_1_13' title="bbox 325 1859 1606 1925; baseline -0.002 -2"><span class='ocrx_word' id='word_1_100' title='bbox 325 1860 398 1923; x_wconf 93' lang='lat' dir='ltr'>filio</span> <span class='ocrx_word' id='word_1_101' title='bbox 423 1860 628 1923; x_wconf 87' lang='lat' dir='ltr'>Baldassari</span> <span class='ocrx_word' id='word_1_102' title='bbox 653 1859 869 1925; x_wconf 86' lang='lat' dir='ltr'>Castilioneo</span> <span class='ocrx_word' id='word_1_103' title='bbox 894 1860 1042 1925; x_wconf 93' lang='lat' dir='ltr'>Notario</span> <span class='ocrx_word' id='word_1_104' title='bbox 1068 1872 1104 1924; x_wconf 91' lang='lat' dir='ltr'>et</span> <span class='ocrx_word' id='word_1_105' title='bbox 1127 1859 1266 1924; x_wconf 90' lang='lat' dir='ltr'>Nuncio</span> <span class='ocrx_word' id='word_1_106' title='bbox 1300 1869 1420 1923; x_wconf 90' lang='lat' dir='ltr'>nostro</span> <span class='ocrx_word' id='word_1_107' title='bbox 1454 1867 1492 1920; x_wconf 90' lang='lat' dir='ltr'>ut</span> <span class='ocrx_word' id='word_1_108' title='bbox 1527 1879 1606 1921; x_wconf 92' lang='lat' dir='ltr'>cum</span> 
     </span>
     <span class='ocr_line' id='line_1_14' title="bbox 325 1963 1485 2049; baseline 0.002 -20"><span class='ocrx_word' id='word_1_109' title='bbox 325 1963 526 2029; x_wconf 87' lang='lat' dir='ltr'>Serenitate</span> <span class='ocrx_word' id='word_1_110' title='bbox 551 1982 611 2029; x_wconf 89' lang='lat' dir='ltr'>tua</span> <span class='ocrx_word' id='word_1_111' title='bbox 635 1978 770 2047; x_wconf 83' lang='lat' dir='ltr'>ageret,</span> <span class='ocrx_word' id='word_1_112' title='bbox 796 1968 851 2030; x_wconf 93' lang='lat' dir='ltr'>cui</span> <span class='ocrx_word' id='word_1_113' title='bbox 876 1967 936 2031; x_wconf 88' lang='lat' dir='ltr'>illa</span> <span class='ocrx_word' id='word_1_114' title='bbox 959 1968 1067 2031; x_wconf 86' lang='lat' dir='ltr'>fidem</span> <span class='ocrx_word' id='word_1_115' title='bbox 1091 1988 1260 2031; x_wconf 91' lang='lat' dir='ltr'>summam</span> <span class='ocrx_word' id='word_1_116' title='bbox 1284 1966 1485 2049; x_wconf 88' lang='lat' dir='ltr'>praebebit.</span> 
     </span>
    </p>
   </div>
   <div class='ocr_carea' id='block_1_3' title="bbox 325 2088 1606 2261">
    <p class='ocr_par' dir='ltr' id='par_1_3' title="bbox 325 2088 1606 2261">
     <span class='ocr_line' id='line_1_15' title="bbox 414 2088 1606 2157; baseline 0 -4"><span class='ocrx_word' id='word_1_117' title='bbox 414 2092 544 2154; x_wconf 90' lang='lat' dir='ltr'>Datum</span> <span class='ocrx_word' id='word_1_118' title='bbox 569 2092 709 2154; x_wconf 90' lang='lat' dir='ltr'>Romae</span> <span class='ocrx_word' id='word_1_119' title='bbox 735 2100 800 2157; x_wconf 90' lang='lat' dir='ltr'>etc.</span> <span class='ocrx_word' id='word_1_120' title='bbox 847 2093 915 2155; x_wconf 91' lang='lat' dir='ltr'>Die</span> <span class='ocrx_word' id='word_1_121' title='bbox 939 2092 1010 2156; x_wconf 85' lang='lat' dir='ltr'>VII</span> <span class='ocrx_word' id='word_1_122' title='bbox 1047 2092 1133 2156; x_wconf 91' lang='lat' dir='ltr'>Maii</span> <span class='ocrx_word' id='word_1_123' title='bbox 1163 2091 1365 2156; x_wconf 84' lang='lat' dir='ltr'><strong>MDXXV.</strong></span> <span class='ocrx_word' id='word_1_124' title='bbox 1413 2091 1519 2154; x_wconf 89' lang='lat' dir='ltr'>Anno</span> <span class='ocrx_word' id='word_1_125' title='bbox 1545 2088 1606 2153; x_wconf 87' lang='lat' dir='ltr'>Se·</span> 
     </span>
     <span class='ocr_line' id='line_1_16' title="bbox 325 2198 452 2261; baseline 0.008 -1"><span class='ocrx_word' id='word_1_126' title='bbox 325 2198 452 2261; x_wconf 89' lang='lat' dir='ltr'>cundo.</span> 
     </span>
    </p>
   </div>
   <div class='ocr_carea' id='block_1_4' title="bbox 725 2628 1172 2847">
    <p class='ocr_par' dir='ltr' id='par_1_4' title="bbox 725 2628 1172 2847">
     <span class='ocr_line' id='line_1_17' title="bbox 725 2628 1172 2847; baseline 0.007 -23"><span class='ocrx_word' id='word_1_127' title='bbox 725 2759 727 2766; x_wconf 77' lang='grc'><strong>“</strong></span> <span class='ocrx_word' id='word_1_128' title='bbox 760 2628 1172 2847; x_wconf 59' lang='lat' dir='ltr'>Campegiiissiadolob.</span> 
     </span>
    </p>
   </div>
   <div class='ocr_carea' id='block_1_5' title="bbox 711 2891 1223 3080">
    <p class='ocr_par' dir='ltr' id='par_1_5' title="bbox 711 2891 1223 3080">
     <span class='ocr_line' id='line_1_18' title="bbox 711 2891 1223 2961; baseline 0.006 -13"><span class='ocrx_word' id='word_1_129' title='bbox 711 2891 883 2958; x_wconf 71' lang='lat' dir='ltr'>(Nuntiat.</span> <span class='ocrx_word' id='word_1_130' title='bbox 903 2892 1055 2952; x_wconf 72' lang='lat' dir='ltr'>(tormen.</span> <span class='ocrx_word' id='word_1_131' title='bbox 1077 2891 1152 2950; x_wconf 75' lang='lat' dir='ltr'>um.</span> <span class='ocrx_word' id='word_1_132' title='bbox 1171 2892 1223 2961; x_wconf 67' lang='lat' dir='ltr'>tt)</span> 
     </span>
     <span class='ocr_line' id='line_1_19' title="bbox 854 3010 1084 3080; baseline 0.009 -20"><span class='ocrx_word' id='word_1_133' title='bbox 854 3012 888 3068; x_wconf 71' lang='lat'>18.</span> <span class='ocrx_word' id='word_1_134' title='bbox 909 3013 974 3061; x_wconf 83' lang='lat' dir='ltr'>Maii</span> <span class='ocrx_word' id='word_1_135' title='bbox 998 3010 1084 3080; x_wconf 84' lang='lat'>1525.)</span> 
     </span>
    </p>
   </div>
   <div class='ocr_carea' id='block_1_6' title="bbox 329 3150 1614 4948">
    <p class='ocr_par' dir='ltr' id='par_1_6' title="bbox 329 3150 1614 4948">
     <span class='ocr_line' id='line_1_20' title="bbox 420 3150 1611 3234; baseline 0.003 -20"><span class='ocrx_word' id='word_1_136' title='bbox 420 3203 426 3214; x_wconf 95' lang='lat'>.</span> <span class='ocrx_word' id='word_1_137' title='bbox 447 3203 452 3215; x_wconf 95' lang='lat'>.</span> <span class='ocrx_word' id='word_1_138' title='bbox 472 3201 480 3217; x_wconf 87' lang='lat'><strong>.</strong></span> <span class='ocrx_word' id='word_1_139' title='bbox 497 3151 571 3215; x_wconf 86' lang='lat' dir='ltr'>Con</span> <span class='ocrx_word' id='word_1_140' title='bbox 591 3154 707 3234; x_wconf 90' lang='lat' dir='ltr'>quelle</span> <span class='ocrx_word' id='word_1_141' title='bbox 723 3154 783 3215; x_wconf 90' lang='lat' dir='ltr'>del</span> <span class='ocrx_word' id='word_1_142' title='bbox 793 3152 913 3215; x_wconf 85' lang='lat' dir='ltr'>XXX</span> <span class='ocrx_word' id='word_1_143' title='bbox 932 3164 967 3216; x_wconf 90' lang='lat' dir='ltr'>et</span> <span class='ocrx_word' id='word_1_144' title='bbox 980 3175 1045 3217; x_wconf 90' lang='lat' dir='ltr'>con</span> <span class='ocrx_word' id='word_1_145' title='bbox 1064 3156 1096 3217; x_wconf 91' lang='lat' dir='ltr'>le</span> <span class='ocrx_word' id='word_1_146' title='bbox 1110 3153 1230 3217; x_wconf 91' lang='lat' dir='ltr'>ultime</span> <span class='ocrx_word' id='word_1_147' title='bbox 1241 3152 1284 3219; x_wconf 88' lang='lat' dir='ltr'>V.</span> <span class='ocrx_word' id='word_1_148' title='bbox 1297 3150 1334 3216; x_wconf 86' lang='lat' dir='ltr'>S.</span> <span class='ocrx_word' id='word_1_149' title='bbox 1349 3151 1482 3216; x_wconf 75' lang='lat' dir='ltr'>haverzi</span> <span class='ocrx_word' id='word_1_150' title='bbox 1495 3153 1611 3217; x_wconf 91' lang='lat' dir='ltr'>inteso</span> 
     </span>
     <span class='ocr_line' id='line_1_21' title="bbox 330 3258 1613 3341; baseline 0.002 -21"><span class='ocrx_word' id='word_1_151' title='bbox 330 3269 462 3341; x_wconf 85' lang='lat' dir='ltr'>quanto</span> <span class='ocrx_word' id='word_1_152' title='bbox 486 3279 552 3340; x_wconf 90' lang='lat' dir='ltr'>per</span> <span class='ocrx_word' id='word_1_153' title='bbox 575 3259 699 3321; x_wconf 90' lang='lat' dir='ltr'>alhora</span> <span class='ocrx_word' id='word_1_154' title='bbox 723 3258 752 3321; x_wconf 91' lang='lat' dir='ltr'>si</span> <span class='ocrx_word' id='word_1_155' title='bbox 776 3260 893 3322; x_wconf 90' lang='lat' dir='ltr'>havea</span> <span class='ocrx_word' id='word_1_156' title='bbox 917 3261 962 3323; x_wconf 91' lang='lat' dir='ltr'>de</span> <span class='ocrx_word' id='word_1_157' title='bbox 986 3261 1021 3324; x_wconf 90' lang='lat' dir='ltr'>la</span> <span class='ocrx_word' id='word_1_158' title='bbox 1044 3281 1133 3341; x_wconf 88' lang='lat' dir='ltr'>pace</span> <span class='ocrx_word' id='word_1_159' title='bbox 1157 3269 1213 3324; x_wconf 90' lang='lat' dir='ltr'>tra</span> <span class='ocrx_word' id='word_1_160' title='bbox 1235 3259 1255 3323; x_wconf 83' lang='lat' dir='ltr'>&#39;l</span> <span class='ocrx_word' id='word_1_161' title='bbox 1279 3280 1392 3341; x_wconf 86' lang='lat' dir='ltr'>regno</span> <span class='ocrx_word' id='word_1_162' title='bbox 1410 3260 1445 3322; x_wconf 92' lang='lat' dir='ltr'>di</span> <span class='ocrx_word' id='word_1_163' title='bbox 1461 3260 1613 3324; x_wconf 88' lang='lat' dir='ltr'>Polonia</span> 
     </span>
     <span class='ocr_line' id='line_1_22' title="bbox 331 3365 1614 3449; baseline 0.001 -20"><span class='ocrx_word' id='word_1_164' title='bbox 331 3377 366 3434; x_wconf 89' lang='lat' dir='ltr'>et</span> <span class='ocrx_word' id='word_1_165' title='bbox 391 3367 413 3427; x_wconf 90' lang='lat' dir='ltr'>il</span> <span class='ocrx_word' id='word_1_166' title='bbox 439 3366 617 3446; x_wconf 90' lang='lat' dir='ltr'>quondam</span> <span class='ocrx_word' id='word_1_167' title='bbox 635 3365 791 3429; x_wconf 89' lang='lat' dir='ltr'>Maestro</span> <span class='ocrx_word' id='word_1_168' title='bbox 814 3367 849 3428; x_wconf 94' lang='lat' dir='ltr'>di</span> <span class='ocrx_word' id='word_1_169' title='bbox 866 3367 1021 3447; x_wconf 87' lang='lat' dir='ltr'>Prussia,</span> <span class='ocrx_word' id='word_1_170' title='bbox 1045 3388 1153 3449; x_wconf 90' lang='lat' dir='ltr'>sopra</span> <span class='ocrx_word' id='word_1_171' title='bbox 1168 3369 1204 3430; x_wconf 93' lang='lat' dir='ltr'>la</span> <span class='ocrx_word' id='word_1_172' title='bbox 1220 3369 1303 3448; x_wconf 89' lang='lat' dir='ltr'>qual</span> <span class='ocrx_word' id='word_1_173' title='bbox 1318 3367 1467 3429; x_wconf 90' lang='lat' dir='ltr'>materia</span> <span class='ocrx_word' id='word_1_174' title='bbox 1483 3367 1614 3430; x_wconf 88' lang='lat' dir='ltr'>manda</span> 
     </span>
     <span class='ocr_line' id='line_1_23' title="bbox 329 3471 1609 3556; baseline -0.002 -17"><span class='ocrx_word' id='word_1_175' title='bbox 329 3475 417 3540; x_wconf 81' lang='lat' dir='ltr'>horn</span> <span class='ocrx_word' id='word_1_176' title='bbox 441 3471 466 3534; x_wconf 91' lang='lat' dir='ltr'>il</span> <span class='ocrx_word' id='word_1_177' title='bbox 490 3472 632 3535; x_wconf 89' lang='lat' dir='ltr'>Barone</span> <span class='ocrx_word' id='word_1_178' title='bbox 657 3472 760 3556; x_wconf 90' lang='lat' dir='ltr'>copia</span> <span class='ocrx_word' id='word_1_179' title='bbox 784 3476 830 3536; x_wconf 94' lang='lat' dir='ltr'>de</span> <span class='ocrx_word' id='word_1_180' title='bbox 853 3493 923 3536; x_wconf 89' lang='lat' dir='ltr'>una</span> <span class='ocrx_word' id='word_1_181' title='bbox 946 3477 1073 3537; x_wconf 89' lang='lat' dir='ltr'>lettera</span> <span class='ocrx_word' id='word_1_182' title='bbox 1097 3477 1162 3537; x_wconf 89' lang='lat' dir='ltr'>che</span> <span class='ocrx_word' id='word_1_183' title='bbox 1187 3474 1237 3556; x_wconf 87' lang='lat' dir='ltr'>gli</span> <span class='ocrx_word' id='word_1_184' title='bbox 1260 3474 1307 3537; x_wconf 92' lang='lat' dir='ltr'>ha</span> <span class='ocrx_word' id='word_1_185' title='bbox 1330 3474 1453 3537; x_wconf 90' lang='lat' dir='ltr'>scritto</span> <span class='ocrx_word' id='word_1_186' title='bbox 1477 3477 1512 3538; x_wconf 93' lang='lat' dir='ltr'>lo</span> <span class='ocrx_word' id='word_1_187' title='bbox 1537 3474 1609 3556; x_wconf 83' lang='lat' dir='ltr'>epi·</span> 
     </span>
     <span class='ocr_line' id='line_1_24' title="bbox 330 3579 1610 3663; baseline 0.001 -21"><span class='ocrx_word' id='word_1_188' title='bbox 330 3587 441 3662; x_wconf 88' lang='lat' dir='ltr'>scopo</span> <span class='ocrx_word' id='word_1_189' title='bbox 457 3579 706 3660; x_wconf 86' lang='lat' dir='ltr'>Primisliense,</span> <span class='ocrx_word' id='word_1_190' title='bbox 730 3601 776 3644; x_wconf 91' lang='lat' dir='ltr'>ne</span> <span class='ocrx_word' id='word_1_191' title='bbox 799 3584 835 3644; x_wconf 89' lang='lat' dir='ltr'>la</span> <span class='ocrx_word' id='word_1_192' title='bbox 858 3583 962 3662; x_wconf 87' lang='lat' dir='ltr'>quale</span> <span class='ocrx_word' id='word_1_193' title='bbox 978 3582 1024 3644; x_wconf 89' lang='lat' dir='ltr'>ad</span> <span class='ocrx_word' id='word_1_194' title='bbox 1039 3583 1184 3663; x_wconf 84' lang='lat' dir='ltr'>longum</span> <span class='ocrx_word' id='word_1_195' title='bbox 1201 3579 1359 3644; x_wconf 81' lang='lat' dir='ltr'>discurre</span> <span class='ocrx_word' id='word_1_196' title='bbox 1375 3580 1399 3643; x_wconf 93' lang='lat' dir='ltr'>il</span> <span class='ocrx_word' id='word_1_197' title='bbox 1416 3601 1610 3663; x_wconf 83' lang='lat' dir='ltr'>progresso</span> 
     </span>
     <span class='ocr_line' id='line_1_25' title="bbox 331 3685 1610 3767; baseline 0.002 -20"><span class='ocrx_word' id='word_1_198' title='bbox 331 3685 367 3749; x_wconf 93' lang='lat' dir='ltr'>di</span> <span class='ocrx_word' id='word_1_199' title='bbox 397 3697 523 3767; x_wconf 91' lang='lat' dir='ltr'>questo</span> <span class='ocrx_word' id='word_1_200' title='bbox 548 3696 776 3750; x_wconf 84' lang='lat' dir='ltr'>trattamento</span> <span class='ocrx_word' id='word_1_201' title='bbox 810 3696 845 3751; x_wconf 91' lang='lat' dir='ltr'>et</span> <span class='ocrx_word' id='word_1_202' title='bbox 869 3707 1002 3751; x_wconf 85' lang='lat' dir='ltr'>excusa</span> <span class='ocrx_word' id='word_1_203' title='bbox 1034 3690 1069 3751; x_wconf 90' lang='lat' dir='ltr'>la</span> <span class='ocrx_word' id='word_1_204' title='bbox 1093 3688 1319 3751; x_wconf 90' lang='lat' dir='ltr'>conclusione</span> <span class='ocrx_word' id='word_1_205' title='bbox 1352 3687 1443 3750; x_wconf 80' lang='lat' dir='ltr'>latta</span> <span class='ocrx_word' id='word_1_206' title='bbox 1475 3697 1510 3750; x_wconf 89' lang='lat' dir='ltr'>et</span> <span class='ocrx_word' id='word_1_207' title='bbox 1541 3708 1610 3750; x_wconf 91' lang='lat' dir='ltr'>con</span> 
     </span>
     <span class='ocr_line' id='line_1_26' title="bbox 331 3790 1613 3878; baseline 0 -22"><span class='ocrx_word' id='word_1_208' title='bbox 331 3803 457 3876; x_wconf 84' lang='lat' dir='ltr'>questa</span> <span class='ocrx_word' id='word_1_209' title='bbox 487 3793 557 3856; x_wconf 90' lang='lat' dir='ltr'>mia</span> <span class='ocrx_word' id='word_1_210' title='bbox 581 3792 602 3855; x_wconf 90' lang='lat' dir='ltr'>l&#39;</span> <span class='ocrx_word' id='word_1_211' title='bbox 619 3793 752 3857; x_wconf 70' lang='lat' dir='ltr'>baveris</span> <span class='ocrx_word' id='word_1_212' title='bbox 784 3796 941 3858; x_wconf 88' lang='lat' dir='ltr'>anchora</span> <span class='ocrx_word' id='word_1_213' title='bbox 965 3795 1069 3876; x_wconf 89' lang='lat' dir='ltr'>copia</span> <span class='ocrx_word' id='word_1_214' title='bbox 1099 3796 1135 3858; x_wconf 93' lang='lat' dir='ltr'>di</span> <span class='ocrx_word' id='word_1_215' title='bbox 1158 3805 1292 3878; x_wconf 91' lang='lat' dir='ltr'>quanto</span> <span class='ocrx_word' id='word_1_216' title='bbox 1323 3790 1573 3858; x_wconf 85' lang='lat' dir='ltr'>ultimamente‘</span> <span class='ocrx_word' id='word_1_217' title='bbox 1591 3815 1613 3856; x_wconf 90' lang='lat' dir='ltr'>a</span> 
     </span>
     <span class='ocr_line' id='line_1_27' title="bbox 331 3897 1612 3986; baseline -0.002 -22"><span class='ocrx_word' id='word_1_218' title='bbox 331 3899 576 3982; x_wconf 87' lang='lat' dir='ltr'>Strigoniense</span> <span class='ocrx_word' id='word_1_219' title='bbox 601 3902 729 3965; x_wconf 91' lang='lat' dir='ltr'>scrisse</span> <span class='ocrx_word' id='word_1_220' title='bbox 743 3900 887 3965; x_wconf 86' lang='lat' dir='ltr'>Statilio</span> <span class='ocrx_word' id='word_1_221' title='bbox 911 3922 976 3986; x_wconf 90' lang='lat' dir='ltr'>per</span> <span class='ocrx_word' id='word_1_222' title='bbox 1000 3903 1033 3966; x_wconf 92' lang='lat' dir='ltr'>le</span> <span class='ocrx_word' id='word_1_223' title='bbox 1057 3921 1119 3966; x_wconf 89' lang='lat' dir='ltr'>soe</span> <span class='ocrx_word' id='word_1_224' title='bbox 1144 3904 1227 3965; x_wconf 88' lang='lat' dir='ltr'>date</span> <span class='ocrx_word' id='word_1_225' title='bbox 1251 3902 1285 3964; x_wconf 90' lang='lat' dir='ltr'>el</span> <span class='ocrx_word' id='word_1_226' title='bbox 1305 3899 1441 3964; x_wconf 87' lang='lat' dir='ltr'>Sabato</span> <span class='ocrx_word' id='word_1_227' title='bbox 1466 3897 1612 3979; x_wconf 80' lang='lat' dir='ltr'>Sancte,</span> 
     </span>
     <span class='ocr_line' id='line_1_28' title="bbox 331 4007 1611 4092; baseline -0.002 -21"><span class='ocrx_word' id='word_1_228' title='bbox 331 4007 469 4071; x_wconf 72' lang='lat' dir='ltr'>benche</span> <span class='ocrx_word' id='word_1_229' title='bbox 493 4027 538 4070; x_wconf 92' lang='lat' dir='ltr'>ne</span> <span class='ocrx_word' id='word_1_230' title='bbox 562 4010 597 4070; x_wconf 91' lang='lat' dir='ltr'>la</span> <span class='ocrx_word' id='word_1_231' title='bbox 620 4009 724 4090; x_wconf 90' lang='lat' dir='ltr'>copia</span> <span class='ocrx_word' id='word_1_232' title='bbox 744 4029 815 4072; x_wconf 90' lang='lat' dir='ltr'>non</span> <span class='ocrx_word' id='word_1_233' title='bbox 839 4009 891 4072; x_wconf 89' lang='lat' dir='ltr'>sia</span> <span class='ocrx_word' id='word_1_234' title='bbox 907 4009 1183 4073; x_wconf 91' lang='lat' dir='ltr'>sottoscrittione</span> <span class='ocrx_word' id='word_1_235' title='bbox 1203 4007 1248 4072; x_wconf 71' lang='lat' dir='ltr'>ne</span> <span class='ocrx_word' id='word_1_236' title='bbox 1263 4009 1361 4082; x_wconf 89' lang='lat' dir='ltr'>data;</span> <span class='ocrx_word' id='word_1_237' title='bbox 1387 4028 1443 4070; x_wconf 92' lang='lat' dir='ltr'>ma</span> <span class='ocrx_word' id='word_1_238' title='bbox 1459 4007 1611 4092; x_wconf 89' lang='lat' dir='ltr'>essendo</span> 
     </span>
     <span class='ocr_line' id='line_1_29' title="bbox 331 4113 1612 4198; baseline -0.003 -19"><span class='ocrx_word' id='word_1_239' title='bbox 331 4137 354 4179; x_wconf 89' lang='lat' dir='ltr'>a</span> <span class='ocrx_word' id='word_1_240' title='bbox 376 4117 486 4196; x_wconf 88' lang='lat' dir='ltr'>lungo</span> <span class='ocrx_word' id='word_1_241' title='bbox 505 4113 539 4175; x_wconf 92' lang='lat' dir='ltr'>di</span> <span class='ocrx_word' id='word_1_242' title='bbox 556 4115 616 4195; x_wconf 94' lang='lat' dir='ltr'>poi</span> <span class='ocrx_word' id='word_1_243' title='bbox 633 4124 726 4178; x_wconf 90' lang='lat' dir='ltr'>stato</span> <span class='ocrx_word' id='word_1_244' title='bbox 749 4135 816 4179; x_wconf 91' lang='lat' dir='ltr'>con</span> <span class='ocrx_word' id='word_1_245' title='bbox 834 4136 914 4178; x_wconf 90' lang='lat' dir='ltr'>esso</span> <span class='ocrx_word' id='word_1_246' title='bbox 931 4113 1189 4198; x_wconf 83' lang='lat' dir='ltr'>Strigoniense,</span> <span class='ocrx_word' id='word_1_247' title='bbox 1213 4115 1435 4197; x_wconf 85' lang='lat' dir='ltr'>ragionando</span> <span class='ocrx_word' id='word_1_248' title='bbox 1452 4113 1487 4176; x_wconf 93' lang='lat' dir='ltr'>di</span> <span class='ocrx_word' id='word_1_249' title='bbox 1503 4115 1612 4177; x_wconf 88' lang='lat' dir='ltr'>molte</span> 
     </span>
     <span class='ocr_line' id='line_1_30' title="bbox 332 4220 1612 4304; baseline 0.001 -21"><span class='ocrx_word' id='word_1_250' title='bbox 332 4241 415 4284; x_wconf 90' lang='lat' dir='ltr'>cose</span> <span class='ocrx_word' id='word_1_251' title='bbox 440 4222 489 4302; x_wconf 82' lang='lat' dir='ltr'>gii</span> <span class='ocrx_word' id='word_1_252' title='bbox 515 4221 599 4284; x_wconf 90' lang='lat' dir='ltr'>dissi</span> <span class='ocrx_word' id='word_1_253' title='bbox 623 4223 737 4284; x_wconf 88' lang='lat' dir='ltr'>anche</span> <span class='ocrx_word' id='word_1_254' title='bbox 761 4223 854 4285; x_wconf 90' lang='lat' dir='ltr'>assai</span> <span class='ocrx_word' id='word_1_255' title='bbox 879 4222 916 4284; x_wconf 93' lang='lat' dir='ltr'>di</span> <span class='ocrx_word' id='word_1_256' title='bbox 939 4232 1066 4304; x_wconf 91' lang='lat' dir='ltr'>questa</span> <span class='ocrx_word' id='word_1_257' title='bbox 1088 4243 1177 4304; x_wconf 90' lang='lat' dir='ltr'>pace</span> <span class='ocrx_word' id='word_1_258' title='bbox 1202 4231 1238 4287; x_wconf 90' lang='lat' dir='ltr'>et</span> <span class='ocrx_word' id='word_1_259' title='bbox 1261 4221 1488 4286; x_wconf 90' lang='lat' dir='ltr'>conclusione</span> <span class='ocrx_word' id='word_1_260' title='bbox 1512 4220 1612 4300; x_wconf 81' lang='lat' dir='ltr'>satta,</span> 
     </span>
     <span class='ocr_line' id='line_1_31' title="bbox 332 4327 1612 4412; baseline -0.002 -20"><span class='ocrx_word' id='word_1_261' title='bbox 332 4331 367 4392; x_wconf 87' lang='lat' dir='ltr'>la</span> <span class='ocrx_word' id='word_1_262' title='bbox 400 4330 504 4409; x_wconf 87' lang='lat' dir='ltr'>quale</span> <span class='ocrx_word' id='word_1_263' title='bbox 528 4331 643 4391; x_wconf 89' lang='lat' dir='ltr'>ancho</span> <span class='ocrx_word' id='word_1_264' title='bbox 677 4350 698 4390; x_wconf 90' lang='lat' dir='ltr'>a</span> <span class='ocrx_word' id='word_1_265' title='bbox 721 4327 769 4391; x_wconf 90' lang='lat' dir='ltr'>lui</span> <span class='ocrx_word' id='word_1_266' title='bbox 793 4349 865 4392; x_wconf 91' lang='lat' dir='ltr'>non</span> <span class='ocrx_word' id='word_1_267' title='bbox 897 4329 1001 4412; x_wconf 91' lang='lat' dir='ltr'>piace</span> <span class='ocrx_word' id='word_1_268' title='bbox 1033 4350 1099 4411; x_wconf 90' lang='lat' dir='ltr'>per</span> <span class='ocrx_word' id='word_1_269' title='bbox 1122 4332 1241 4412; x_wconf 91' lang='lat' dir='ltr'>quello</span> <span class='ocrx_word' id='word_1_270' title='bbox 1274 4332 1340 4393; x_wconf 91' lang='lat' dir='ltr'>che</span> <span class='ocrx_word' id='word_1_271' title='bbox 1374 4328 1543 4391; x_wconf 90' lang='lat' dir='ltr'>dimostra</span> <span class='ocrx_word' id='word_1_272' title='bbox 1576 4337 1612 4390; x_wconf 90' lang='lat' dir='ltr'>et</span> 
     </span>
     <span class='ocr_line' id='line_1_32' title="bbox 332 4433 1612 4518; baseline -0.001 -20"><span class='ocrx_word' id='word_1_273' title='bbox 332 4435 465 4517; x_wconf 73' lang='lat' dir='ltr'>perche</span> <span class='ocrx_word' id='word_1_274' title='bbox 473 4482 483 4514; x_wconf 79' lang='lat'><strong><em>,</em></strong></span> <span class='ocrx_word' id='word_1_275' title='bbox 508 4435 650 4515; x_wconf 89' lang='lat' dir='ltr'>quando</span> <span class='ocrx_word' id='word_1_276' title='bbox 674 4455 713 4497; x_wconf 90' lang='lat' dir='ltr'>se</span> <span class='ocrx_word' id='word_1_277' title='bbox 736 4433 850 4499; x_wconf 91' lang='lat' dir='ltr'>intese</span> <span class='ocrx_word' id='word_1_278' title='bbox 873 4456 940 4518; x_wconf 89' lang='lat' dir='ltr'>per</span> <span class='ocrx_word' id='word_1_279' title='bbox 963 4437 1089 4499; x_wconf 89' lang='lat' dir='ltr'>lettere</span> <span class='ocrx_word' id='word_1_280' title='bbox 1120 4437 1155 4500; x_wconf 94' lang='lat' dir='ltr'>di</span> <span class='ocrx_word' id='word_1_281' title='bbox 1173 4435 1314 4499; x_wconf 80' lang='lat' dir='ltr'>Statilio</span> <span class='ocrx_word' id='word_1_282' title='bbox 1338 4435 1363 4498; x_wconf 91' lang='lat' dir='ltr'>il</span> <span class='ocrx_word' id='word_1_283' title='bbox 1387 4434 1552 4516; x_wconf 83' lang='lat' dir='ltr'>manegio</span> <span class='ocrx_word' id='word_1_284' title='bbox 1577 4434 1612 4497; x_wconf 94' lang='lat' dir='ltr'>di</span> 
     </span>
     <span class='ocr_line' id='line_1_33' title="bbox 332 4540 1611 4625; baseline 0.001 -21"><span class='ocrx_word' id='word_1_285' title='bbox 332 4543 382 4605; x_wconf 96' lang='lat' dir='ltr'>tal</span> <span class='ocrx_word' id='word_1_286' title='bbox 407 4560 501 4621; x_wconf 86' lang='lat' dir='ltr'>cosa,</span> <span class='ocrx_word' id='word_1_287' title='bbox 526 4540 555 4602; x_wconf 94' lang='lat' dir='ltr'>si</span> <span class='ocrx_word' id='word_1_288' title='bbox 579 4542 689 4622; x_wconf 77' lang='lat' dir='ltr'>opero</span> <span class='ocrx_word' id='word_1_289' title='bbox 724 4543 790 4605; x_wconf 90' lang='lat' dir='ltr'>che</span> <span class='ocrx_word' id='word_1_290' title='bbox 814 4542 886 4624; x_wconf 85' lang='lat' dir='ltr'>egli</span> <span class='ocrx_word' id='word_1_291' title='bbox 911 4544 961 4625; x_wconf 86' lang='lat' dir='ltr'>gli</span> <span class='ocrx_word' id='word_1_292' title='bbox 985 4543 1158 4606; x_wconf 89' lang='lat' dir='ltr'>scrivesse</span> <span class='ocrx_word' id='word_1_293' title='bbox 1182 4543 1217 4605; x_wconf 92' lang='lat' dir='ltr'>in</span> <span class='ocrx_word' id='word_1_294' title='bbox 1242 4546 1362 4606; x_wconf 90' lang='lat' dir='ltr'>buona</span> <span class='ocrx_word' id='word_1_295' title='bbox 1385 4541 1517 4614; x_wconf 79' lang='lat' dir='ltr'>forma3</span> <span class='ocrx_word' id='word_1_296' title='bbox 1542 4563 1611 4606; x_wconf 94' lang='lat' dir='ltr'>mo·</span> 
     </span>
     <span class='ocr_line' id='line_1_34' title="bbox 333 4648 1613 4733; baseline 0.001 -22"><span class='ocrx_word' id='word_1_297' title='bbox 333 4648 490 4713; x_wconf 86' lang='lat' dir='ltr'>strommi</span> <span class='ocrx_word' id='word_1_298' title='bbox 522 4648 555 4710; x_wconf 94' lang='lat' dir='ltr'>in</span> <span class='ocrx_word' id='word_1_299' title='bbox 587 4658 713 4731; x_wconf 90' lang='lat' dir='ltr'>questo</span> <span class='ocrx_word' id='word_1_300' title='bbox 737 4648 1008 4730; x_wconf 83' lang='lat' dir='ltr'>ragionamento</span> <span class='ocrx_word' id='word_1_301' title='bbox 1032 4652 1067 4713; x_wconf 95' lang='lat' dir='ltr'>la</span> <span class='ocrx_word' id='word_1_302' title='bbox 1091 4649 1245 4733; x_wconf 89' lang='lat' dir='ltr'>risposta</span> <span class='ocrx_word' id='word_1_303' title='bbox 1277 4650 1313 4713; x_wconf 91' lang='lat' dir='ltr'>di</span> <span class='ocrx_word' id='word_1_304' title='bbox 1338 4648 1479 4712; x_wconf 81' lang='lat' dir='ltr'>Statilio</span> <span class='ocrx_word' id='word_1_305' title='bbox 1510 4649 1555 4712; x_wconf 91' lang='lat' dir='ltr'>de</span> <span class='ocrx_word' id='word_1_306' title='bbox 1578 4651 1613 4712; x_wconf 87' lang='lat' dir='ltr'>la</span> 
     </span>
     <span class='ocr_line' id='line_1_35' title="bbox 334 4754 1611 4840; baseline 0.001 -23"><span class='ocrx_word' id='word_1_307' title='bbox 334 4758 439 4837; x_wconf 87' lang='lat' dir='ltr'>quale</span> <span class='ocrx_word' id='word_1_308' title='bbox 463 4757 510 4818; x_wconf 89' lang='lat' dir='ltr'>ho</span> <span class='ocrx_word' id='word_1_309' title='bbox 533 4755 624 4818; x_wconf 85' lang='lat' dir='ltr'>fatto</span> <span class='ocrx_word' id='word_1_310' title='bbox 648 4754 828 4820; x_wconf 90' lang='lat' dir='ltr'>mentione</span> <span class='ocrx_word' id='word_1_311' title='bbox 853 4757 888 4819; x_wconf 94' lang='lat' dir='ltr'>di</span> <span class='ocrx_word' id='word_1_312' title='bbox 914 4777 1021 4840; x_wconf 90' lang='lat' dir='ltr'>sopra</span> <span class='ocrx_word' id='word_1_313' title='bbox 1045 4766 1080 4820; x_wconf 91' lang='lat' dir='ltr'>et</span> <span class='ocrx_word' id='word_1_314' title='bbox 1103 4777 1148 4820; x_wconf 92' lang='lat' dir='ltr'>ne</span> <span class='ocrx_word' id='word_1_315' title='bbox 1165 4757 1292 4820; x_wconf 90' lang='lat' dir='ltr'>mando</span> <span class='ocrx_word' id='word_1_316' title='bbox 1317 4756 1431 4839; x_wconf 86' lang='lat' dir='ltr'>copia,</span> <span class='ocrx_word' id='word_1_317' title='bbox 1456 4766 1492 4820; x_wconf 94' lang='lat' dir='ltr'>et</span> <span class='ocrx_word' id='word_1_318' title='bbox 1510 4776 1611 4819; x_wconf 84' lang='lat' dir='ltr'>exeu-</span> 
     </span>
     <span class='ocr_line' id='line_1_36' title="bbox 335 4862 1612 4948; baseline -0.001 -19"><span class='ocrx_word' id='word_1_319' title='bbox 335 4863 425 4930; x_wconf 80' lang='lat' dir='ltr'>sossi</span> <span class='ocrx_word' id='word_1_320' title='bbox 449 4863 516 4926; x_wconf 88' lang='lat' dir='ltr'>che</span> <span class='ocrx_word' id='word_1_321' title='bbox 539 4883 610 4925; x_wconf 93' lang='lat' dir='ltr'>non</span> <span class='ocrx_word' id='word_1_322' title='bbox 636 4862 681 4925; x_wconf 93' lang='lat' dir='ltr'>mi</span> <span class='ocrx_word' id='word_1_323' title='bbox 705 4863 820 4926; x_wconf 86' lang='lat' dir='ltr'>havea</span> <span class='ocrx_word' id='word_1_324' title='bbox 844 4865 1010 4927; x_wconf 89' lang='lat' dir='ltr'>mandate</span> <span class='ocrx_word' id='word_1_325' title='bbox 1034 4865 1131 4928; x_wconf 90' lang='lat' dir='ltr'>dette</span> <span class='ocrx_word' id='word_1_326' title='bbox 1155 4866 1282 4928; x_wconf 89' lang='lat' dir='ltr'>lettere</span> <span class='ocrx_word' id='word_1_327' title='bbox 1302 4865 1434 4948; x_wconf 73' lang='lat' dir='ltr'>perche</span> <span class='ocrx_word' id='word_1_328' title='bbox 1450 4865 1612 4928; x_wconf 85' lang='lat' dir='ltr'>haveano</span> 
     </span>
    </p>
   </div>
   <div class='ocr_carea' id='block_1_7' title="bbox 0 0 1800 5732">
    <p class='ocr_par' dir='ltr' id='par_1_7' title="bbox 0 0 1800 5732">
     <span class='ocr_line' id='line_1_37' title="bbox 0 0 1800 5732; baseline 0 0"><span class='ocrx_word' id='word_1_329' title='bbox 0 0 1800 5732; x_wconf 95' lang='lat' dir='ltr'> </span> 
     </span>
    </p>
   </div>
  </div>
 </body>
</html>
