3559 5734
812 466 1058 522 eattae*

296 614 443 677 exitium
461 614 656 676 animarum
678 632 825 694 quarum
840 610 1012 694 precipue
1038 610 1140 672 nobis
1164 632 1248 673 cura
1273 613 1487 675 demandata
1510 622 1572 692 est,

295 731 368 784 tum
381 721 482 784 istius
496 719 626 784 nobilis
640 731 723 782 tuae
748 728 783 782 et
798 718 903 781 nobis
920 716 1147 780 charissimae
1163 717 1399 783 Germanicae
1423 719 1573 784 nationis

296 830 462 892 damnum
486 839 523 891 et
545 826 793 909 ignominiam:
824 846 912 907 quas
936 835 1075 887 nostras
1099 825 1320 889 hortationes
1344 826 1477 890 utinam
1500 828 1571 908 plu·

296 956 353 999 res
377 946 412 998 et
440 935 573 998 maiore
605 933 721 996 studio
758 932 1019 1014 suscepissent;
1057 941 1152 994 esset
1183 953 1274 995 nunc
1306 933 1356 996 illi
1388 935 1520 1016 populo
1552 955 1573 996 a

296 1045 374 1106 Deo
399 1042 495 1105 facta
518 1043 632 1114 salus;
665 1049 783 1103 tamen
817 1059 996 1120 nunquam
1021 1039 1232 1102 desistemus
1256 1041 1323 1103 hoc
1348 1040 1441 1104 idem
1466 1061 1573 1123 agere

295 1170 361 1232 pro
392 1148 580 1211 occasione
604 1157 813 1230 temporum.
860 1146 963 1209 Nunc
992 1146 1134 1227 quidem
1166 1148 1261 1228 quod
1285 1148 1331 1209 ad
1355 1158 1434 1210 tuas
1457 1156 1573 1230 postu-

295 1259 446 1318 lationes
471 1264 507 1317 et
529 1254 589 1336 pia
613 1275 654 1317 ac
683 1265 806 1317 sancta
839 1253 1016 1316 desideria
1052 1253 1195 1335 attinet,
1226 1256 1413 1317 laudantes
1443 1275 1574 1318 summe

295 1361 516 1445 propositum
556 1369 591 1424 et
625 1360 850 1443 prudentiam
881 1360 1086 1422 Nobilitatis
1123 1370 1220 1441 tuae,
1258 1382 1365 1442 quum
1404 1360 1576 1424 eiusmodi

295 1469 501 1531 facultatem
524 1467 682 1531 tribuere
706 1477 849 1550 oportet
872 1468 973 1530 iuxta
996 1467 1139 1531 ordines
1155 1478 1191 1530 et
1207 1471 1350 1551 regulas
1374 1479 1574 1532 sanctorum

296 1587 447 1659 patrum,
471 1575 554 1656 quia
577 1586 704 1656 postea
727 1584 810 1636 tuae
834 1573 1055 1637 auctoritatis
1079 1574 1200 1656 gladio
1224 1574 1350 1638 armati
1373 1577 1574 1639 mandatam

297 1692 333 1745 et
357 1681 638 1744 commissionem
667 1689 763 1743 tuam
799 1693 1034 1762 exequantur,
1068 1681 1281 1744 comittimus
1315 1693 1439 1746 tenore
1477 1704 1572 1766 prae-

298 1789 450 1852 sentium
476 1798 511 1851 et
534 1788 740 1851 facultatem
765 1789 917 1870 amplam
943 1790 1067 1850 damus
1099 1788 1230 1852 dilecto
1262 1789 1336 1853 filio
1365 1800 1488 1853 nostro
1516 1791 1573 1853 Er·

297 1898 410 1959 hardo
451 1895 631 1959 Cardinali
670 1894 860 1957 Leodiensi
891 1906 928 1957 ut
963 1895 1057 1977 ipse,
1094 1896 1153 1978 qui
1188 1907 1223 1958 et
1255 1896 1415 1959 homines
1451 1908 1488 1960 et
1519 1918 1575 1961 res

297 2006 407 2066 habet
419 2002 592 2085 cognitas,
617 2004 707 2065 tales
731 2021 904 2083 personas
928 2002 1111 2065 nominare
1134 2022 1226 2084 quae
1251 2013 1287 2065 et
1309 2004 1441 2067 virtute
1466 2013 1502 2066 et
1524 2024 1574 2067 re·

297 2111 431 2192 ligione
456 2121 492 2172 et
516 2109 677 2172 doctrina
701 2119 806 2190 aptae
832 2109 902 2171 sint
925 2110 972 2171 ad
996 2108 1244 2191 inquirendum
1268 2122 1393 2172 contra
1426 2112 1573 2174 luthera-

297 2238 362 2280 nos
387 2227 422 2278 et
446 2237 519 2297 eos,
543 2217 573 2279 si
598 2216 656 2298 qui
680 2216 823 2296 fuerint,
849 2217 908 2279 vel
932 2218 1133 2297 cogendum
1157 2225 1195 2278 ut
1219 2216 1441 2299 resipiscant,
1465 2221 1523 2281 vel
1547 2218 1575 2279 si

297 2323 500 2407 pertinaces
522 2324 558 2387 in
584 2344 648 2387 suo
673 2324 808 2386 scelere
833 2333 868 2385 et
896 2322 1078 2406 impietate
1101 2323 1379 2404 permanserint,
1410 2334 1577 2407 tanquam

297 2432 498 2494 haereticos
529 2432 744 2513 puniendos;
780 2450 872 2511 quae
903 2430 1009 2493 etiam
1040 2449 1216 2512 personae
1248 2431 1485 2494 nominandae
1513 2432 1576 2495 tibi

298 2547 422 2619 gratae
447 2547 484 2600 et
507 2549 677 2619 acceptae
702 2558 780 2600 esse
805 2537 1071 2619 dignoscantur.
1125 2537 1200 2600 Nos
1235 2538 1327 2600 enim
1359 2538 1491 2601 talibus
1519 2537 1577 2620 qui

300 2666 365 2728 per
389 2643 521 2708 dictum
545 2644 762 2707 cardinalem
786 2643 957 2708 nominati
981 2653 1017 2707 et
1040 2665 1062 2706 a
1092 2653 1128 2707 te
1152 2645 1330 2726 acceptati
1353 2644 1485 2708 fuerint
1509 2667 1576 2708 om·

300 2772 380 2814 nem
405 2760 530 2814 tenore
554 2752 772 2833 presentium
788 2753 911 2814 damus
928 2751 1127 2834 apostolica
1141 2752 1352 2815 auctoritate
1373 2751 1576 2815 facultatem

299 2858 400 2921 simul
425 2867 461 2920 et
484 2868 698 2940 potestatem
723 2868 848 2921 contra
872 2858 985 2920 dictas
1010 2857 1269 2922 ecclesiasticas
1291 2878 1463 2939 personas
1487 2880 1577 2942 quae

300 2973 499 3047 compertas
523 2964 558 3027 in
583 2965 651 3027 ista
674 2964 812 3027 nefaria
835 2965 952 3028 heresi
976 2963 1118 3045 fuerint,
1143 2966 1363 3046 procedendi
1394 2965 1500 3028 etiam
1530 2967 1577 3028 di-

211 3139 215 3147 ,
299 3071 405 3134 missa
428 3071 579 3134 formula
603 3070 787 3134 iudiciaria
811 3071 998 3134 summarie
1031 3092 1073 3134 ac
1104 3072 1148 3133 de
1172 3072 1294 3153 plane,
1320 3074 1397 3135 sola
1429 3072 1578 3135 veritate

300 3178 470 3259 inspecta,
496 3188 533 3240 et
545 3177 574 3240 si
590 3177 775 3240 convictae
790 3176 925 3240 fuerint
941 3178 1019 3240 illas
1036 3177 1179 3259 publice
1195 3186 1389 3242 retractare
1414 3179 1579 3261 cogendi,

299 3286 503 3368 pertinaces
539 3296 574 3348 et
608 3285 806 3349 obstinatos
841 3284 947 3347 etiam
988 3285 1157 3347 extremis
1194 3284 1376 3367 suppliciis
1408 3285 1579 3368 puniendi

300 3392 419 3455 iuxsta
443 3391 602 3455 ordinem
627 3402 664 3454 et
686 3413 820 3455 morem
844 3414 865 3454 a
890 3390 1032 3454 Sanctis
1056 3391 1221 3454 Patribus
1246 3400 1282 3453 et
1312 3391 1466 3454 romanis
1490 3393 1578 3455 Pon·

300 3497 453 3561 tificibus
470 3509 594 3562 contra
609 3498 809 3561 haereticos
825 3507 993 3561 statutum
1017 3518 1088 3561 non
1113 3498 1337 3561 obstantibus
1359 3499 1577 3581 quibuscum·

300 3625 380 3685 que.
427 3606 481 3668 Tu
506 3625 605 3686 erg0,
631 3604 759 3668 dilecte
784 3604 842 3686 fili,
867 3605 904 3668 in
927 3606 995 3668 hac
1020 3604 1079 3688 pia
1103 3614 1139 3667 et
1163 3604 1338 3668 catholica
1358 3616 1476 3668 mente
1494 3627 1580 3688 erga

300 3711 578 3795 omnipotentem
593 3715 707 3776 Deum
729 3733 966 3795 perseverans
991 3713 1170 3775 confidere
1195 3713 1345 3776 debebis
1369 3725 1405 3775 te
1421 3713 1578 3794 praemia

300 3822 346 3881 ab
372 3839 414 3881 eo
439 3819 559 3901 digna,
579 3841 606 3882 a
629 3819 731 3882 nobis
755 3820 897 3900 quidem
922 3840 1060 3883 omnem
1084 3820 1246 3900 gratiam,
1271 3841 1293 3882 a
1313 3819 1448 3882 cunctis
1470 3819 1577 3882 homi·

300 3925 403 3987 nibus
428 3926 569 3988 laudem
593 3934 863 4007 reportaturum.
912 3926 993 3990 Dat.
1026 3927 1166 3989 Romae
1200 3927 1256 3988 die
1281 3926 1413 3988 XXIII
1444 3926 1577 4009 Aprilis

299 4031 492 4094 MDXXV
517 4053 610 4095 anno
634 4033 802 4096 secundo.
