3559 5734
816 545 1062 608 teilldoti*³

298 691 523 776 germanicae
547 695 681 759 nationi
706 696 976 778 ignominiosius
1000 695 1321 777 acciderepotuit,
1346 716 1452 778 quam
1476 693 1512 757 in
1536 714 1580 759 ea

299 804 450 884 aliquem
475 803 607 865 oboriri
623 803 792 884 potuisse,
817 804 877 885 qui
893 804 1033 867 divinas
1048 804 1196 884 litteras,
1221 813 1422 866 sanctorum
1438 813 1579 885 patrum

299 919 449 990 statuta,
483 921 519 972 et
551 911 596 972 ad
628 919 681 973 tot
714 932 827 974 annos
859 911 1060 975 inveterata
1084 913 1230 975 decreta
1254 932 1301 974 ex
1324 911 1435 992 iniqui
1458 910 1579 993 potius

298 1017 404 1080 animi
428 1018 589 1097 licentia,
614 1038 717 1099 quam
751 1019 823 1080 ulla
854 1019 913 1080 vel
945 1018 1086 1081 minima
1117 1018 1339 1082 Christianae
1371 1018 1579 1082 eruditionis

298 1125 501 1190 sinceritate
525 1126 633 1207 longe
657 1125 761 1188 aliter
784 1145 889 1205 quarn
920 1126 956 1188 hi
989 1147 1138 1207 quorum
1163 1126 1331 1189 divinitus
1355 1126 1473 1189 infusa
1496 1128 1578 1189 doc·

297 1232 389 1294 trina
402 1232 622 1314 integerrimi
633 1253 750 1295 mores
763 1232 948 1295 verissima
964 1253 1105 1314 semper
1121 1244 1157 1295 et
1172 1232 1348 1297 ratissima
1364 1234 1577 1312 habuerunt,

297 1340 404 1402 fuerit
428 1360 533 1401 ausus
550 1339 802 1421 interpretari?
834 1339 939 1421 Quod
956 1340 985 1403 si
1001 1341 1144 1404 innatae
1159 1342 1348 1423 superbiae
1370 1340 1578 1404 satisfacere

297 1447 480 1528 cupiebat,
509 1448 567 1509 vel
591 1446 620 1508 si
644 1447 738 1509 tristi
756 1446 790 1509 in
816 1448 955 1528 aliquos
983 1448 1066 1510 odio
1090 1451 1334 1530 torquebatur,
1358 1447 1580 1511 tolerabilior

297 1555 480 1636 aliquanto
504 1554 640 1632 fuisset,
665 1553 693 1616 si
718 1554 828 1617 sacris
843 1557 968 1617 saltem
985 1555 1207 1638 pepercisset
1221 1554 1363 1634 licteris,
1388 1575 1453 1617 nec
1478 1557 1577 1618 here-

297 1662 360 1723 sim
376 1672 436 1723 aut
449 1661 616 1724 zizaniam
636 1661 846 1740 inducend0,
860 1661 1058 1725 sanctitatis
1078 1671 1244 1744 pretextu
1269 1662 1472 1743 superbiam
1491 1661 1578 1725 infc-

297 1780 460 1851 ctumque
481 1768 633 1831 animum
650 1789 720 1831 non
736 1771 872 1850 absque
889 1769 1026 1851 ingenti
1044 1769 1242 1832 catholicae
1265 1767 1349 1831 fidei
1374 1768 1577 1832 discrimine

297 1877 529 1940 contenderet
545 1877 703 1956 explere,
729 1886 763 1937 et
781 1875 910 1939 Christi
935 1857 1082 1958 gregem
1099 1876 1238 1958 abipso
1256 1878 1405 1938 authore
1422 1875 1577 1939 deficere

297 1987 452 2046 doceret.
508 1983 640 2045 Verum
673 2004 778 2064 quum
808 1983 1047 2046 scelestissimi
1079 1984 1179 2046 istius
1211 1983 1363 2046 hominis
1396 1983 1577 2065 aspirante

297 2093 452 2169 diabolO,
477 2090 713 2171 premeditata
737 2090 931 2170 mendacia,
957 2089 1170 2172 confictique
1195 2089 1267 2152 doli
1291 2089 1351 2171 qui
1374 2088 1453 2172 ipso
1477 2089 1576 2153 initio

296 2198 479 2279 religionis
503 2199 623 2260 colore
648 2198 803 2261 obducto
828 2217 1020 2279 paucorum
1046 2197 1181 2260 animos
1215 2217 1284 2259 non
1319 2196 1404 2260 nihil
1429 2196 1577 2260 offusca-

296 2309 401 2384 bant,
426 2305 475 2368 sic
500 2307 642 2366 tandem
674 2304 739 2367 toti
771 2305 849 2367 orbi
879 2304 1116 2384 innotuerint,
1150 2304 1184 2366 in
1217 2306 1402 2386 lucemque
1433 2307 1577 2367 volente

297 2415 375 2476 Deo
400 2412 609 2494 prodierint,
634 2422 672 2473 ut
695 2432 764 2474 non
791 2412 897 2474 valde
922 2412 967 2474 sit
992 2412 1246 2474 elaborandum
1270 2431 1340 2491 quo
1365 2410 1475 2474 falsas
1499 2432 1576 2492 per·

297 2540 490 2601 versasque
514 2518 624 2600 ipsius
649 2519 836 2599 opiniones
860 2518 941 2581 ullis
965 2520 1115 2599 amplius
1130 2517 1326 2581 rationibus
1343 2518 1576 2599 confutemus,

297 2649 401 2709 quum
427 2647 511 2689 suae
536 2627 612 2708 ipse
637 2629 763 2708 culpae
788 2627 951 2689 conscius
975 2625 1095 2688 furore
1120 2637 1227 2706 atque
1251 2625 1393 2688 haeresi
1420 2646 1459 2688 se
1483 2646 1576 2688 nunc

296 2745 367 2796 tum
393 2736 498 2796 modo
523 2743 672 2809 tucatur,
698 2753 763 2813 per
787 2734 998 2795 catholicam
1022 2733 1147 2811 iidem,
1171 2751 1237 2813 per
1261 2731 1474 2795 christianae
1498 2732 1576 2795 reli·

296 2842 411 2924 gionis
435 2842 701 2920 incrementum,
724 2860 791 2921 per
813 2840 914 2902 istius
938 2839 1076 2921 patriae
1101 2838 1378 2901 incolumitatem
1399 2859 1441 2901 ac
1456 2840 1576 2917 decuS,

296 2969 361 3029 per
384 2948 479 3009 illam
511 2968 614 3028 quarn
640 2947 876 3034 haereditario
906 2947 1083 3028 insitoque
1107 2945 1266 3009 instituto
1292 2945 1396 3008 vobis
1420 2945 1576 3028 gerimus

296 3055 540 3133 affectionem,
575 3074 640 3135 per
670 3074 888 3117 communem
923 3053 1076 3135 denique
1101 3052 1255 3117 omnium
1280 3054 1427 3115 salutern
1452 3074 1517 3116 vos
1541 3054 1575 3116 in

297 3161 449 3224 Domino
475 3181 643 3242 rogamus
659 3170 695 3222 et
711 3162 903 3239 hortamur,
919 3173 957 3222 ut
969 3161 1201 3242 contagiosae
1214 3160 1294 3222 huic
1310 3160 1576 3242 extinguendae

296 3269 387 3350 pesti
413 3267 678 3349 imminentique
703 3267 812 3330 exitio
837 3269 1080 3349 propulsando
1097 3267 1214 3330 velitis
1229 3269 1366 3330 alacres
1384 3269 1576 3331 admovere

296 3397 429 3454 manus,
454 3384 561 3457 atque
586 3375 780 3437 Lutherum
795 3376 911 3456 istum,
927 3396 947 3435 a
965 3374 1104 3437 Christo
1121 3376 1292 3438 rebellem
1307 3375 1374 3436 nisi
1389 3375 1576 3457 resipiscat

295 3504 365 3544 una
406 3502 483 3544 curn
529 3481 707 3543 haeretice
746 3481 841 3543 ausis
887 3481 1016 3543 libellis
1058 3481 1216 3543 funditus
1267 3483 1387 3544 delere
1427 3481 1574 3563 ignique

295 3591 508 3652 servandum
533 3589 692 3651 credere.
740 3587 799 3650 Sic
824 3588 916 3650 enim
941 3590 1168 3669 splendorem
1192 3599 1349 3651 vestrum
1374 3609 1574 3671 nomenque

296 3696 533 3759 Christianum
558 3695 735 3776 augebitis
765 3706 801 3757 et
825 3696 1099 3775 conservabitis,
1132 3715 1248 3777 neque
1279 3694 1381 3757 unius
1404 3696 1575 3758 haeretici

297 3815 394 3866 astus
425 3823 466 3865 ac
498 3802 659 3864 fraudem
692 3804 750 3864 vel
781 3822 973 3883 paucorum
1006 3802 1124 3864 odium
1160 3823 1201 3865 ac
1236 3802 1404 3883 superbia
1436 3813 1574 3867 tantum

296 3912 390 3993 apud
415 3931 480 3972 vos
505 3911 624 3971 valere
649 3909 877 3971 declarabitis
901 3920 940 3971 ut
964 3930 1065 3972 sacra
1089 3909 1279 3991 divinaque
1297 3910 1415 3973 omnia
1431 3914 1575 3974 turbare

296 4029 402 4100 queat
427 4028 462 4078 et
486 4017 682 4083 invertere:
707 4017 752 4078 ad
777 4017 872 4097 quod
905 4026 975 4079 tam
1008 4026 1166 4079 sanctum
1197 4025 1339 4098 tamque
1361 4018 1439 4080 Deo
1477 4038 1575 4081 acce-

294 4137 393 4208 ptum
419 4144 509 4205 opus
533 4122 685 4187 feliciter
715 4125 989 4204 absolvendum,
1022 4124 1181 4186 favorem
1211 4123 1447 4205 patrocinium
1480 4125 1575 4188 vires

295 4232 574 4314 sanguinemque
604 4231 718 4312 ipsum
755 4240 914 4293 nostrum
948 4231 1050 4294 vobis
1083 4252 1129 4293 ex
1164 4230 1281 4292 animo
1318 4230 1497 4294 offerimus
1532 4253 1573 4295 ac

294 4339 511 4421 pollicemur.
570 4338 614 4400 Et
647 4338 798 4400 feliciter
830 4340 957 4401 valete.
1018 4338 1073 4400 Ex
1102 4337 1203 4418 regia
1239 4349 1360 4401 nostra
1395 4337 1574 4403 Grenwici

294 4445 362 4507 Die
386 4445 465 4507 XX
489 4444 575 4508 Maii
599 4444 781 4508 MDXXI.

437 4581 519 4628 Votre
538 4580 592 4627 bon
611 4594 670 4642 amy

506 4666 609 4739 llam.
1227 4667 1327 4731 loun
1345 4666 1467 4733 imm.
