3559 5734
683 502 928 566 *etue*

169 651 272 719 etiam
297 651 541 738 imperatores
566 675 680 737 reges,
704 676 873 738 proceres
898 653 1028 736 mundi,
1052 653 1142 718 sicut
1167 663 1201 719 et
1221 675 1350 740 magna
1367 675 1444 742 per-

168 763 296 825 tinacia
320 762 496 826 Lutherus
528 763 640 827 libere
663 764 846 846 professus
880 773 935 826 est
959 784 997 827 se
1020 764 1119 826 nihili
1144 765 1301 846 pendere
1325 776 1444 829 aucto·

168 871 306 934 ritatem
330 871 558 935 conciliorum
582 892 674 954 quae
699 881 753 934 est
776 871 916 935 unicum
940 871 1134 934 remedium
1165 872 1312 935 tollendi
1337 873 1445 937 dubia

168 998 274 1059 super
303 982 410 1041 rebus
441 979 682 1042 controversis
717 979 957 1061 emergentia,
983 999 1063 1041 nam
1101 979 1254 1041 humana
1291 980 1446 1043 versutia

169 1084 304 1148 infinita
328 1096 381 1148 est
404 1085 471 1148 nisi
496 1086 636 1168 legibus
660 1096 878 1150 coerceatur.

256 1193 316 1255 Ad
339 1194 427 1255 haec
453 1212 576 1257 omnes
599 1193 793 1274 Hectores,
818 1192 998 1274 principes
1023 1202 1057 1255 et
1081 1202 1193 1255 status
1223 1192 1361 1275 imperii
1390 1215 1444 1257 su·

168 1300 367 1381 perioribus
412 1299 538 1364 diebus
583 1300 684 1382 quasi
730 1300 774 1362 ad
812 1299 995 1382 proposita
1032 1299 1230 1362 Caesareae
1265 1299 1445 1364 Maiestati

168 1408 372 1488 responsuri
409 1419 445 1470 et
482 1407 586 1471 latius
620 1408 814 1471 consulturi
848 1417 1103 1471 consenserunt
1137 1418 1173 1469 et
1207 1408 1445 1489 promiserunt

170 1514 263 1595 quod
287 1515 409 1578 audito
433 1515 602 1578 Lutherio
626 1525 662 1578 et
686 1524 940 1597 perseverante
963 1514 999 1576 in
1023 1523 1094 1577 tam
1119 1514 1220 1577 malis
1238 1516 1446 1579 haeresibus

169 1633 203 1684 et
227 1622 496 1704 impugnatione
520 1622 607 1685 ritus
632 1631 667 1685 et
691 1625 809 1703 legum
833 1621 1026 1702 Ecclesiae,
1051 1621 1142 1684 sicut
1156 1621 1227 1684 iam
1241 1641 1334 1685 nunc
1349 1624 1445 1686 audi·

168 1739 225 1790 tus
248 1738 303 1790 est
327 1739 362 1791 et
385 1730 466 1792 talis
489 1739 665 1814 repertus,
689 1730 802 1792 velint
825 1729 1038 1793 Caesaream
1053 1727 1277 1791 Maiestatem
1293 1727 1446 1793 fideliter

168 1835 338 1899 adiuvare
361 1836 397 1900 in
422 1837 677 1900 conservandis
694 1847 806 1900 status
823 1835 1134 1900 constitutionibus
1149 1836 1378 1899 conciliorum
1403 1857 1444 1900 ac

167 1942 253 2005 ritus
277 1953 313 2007 et
337 1944 629 2008 consuetudinem
653 1944 823 2024 maiorum
848 1956 884 2006 et
907 1944 942 2006 in
966 1942 1139 2024 religione
1171 1944 1362 2007 christiana
1386 1966 1444 2007 an-

167 2061 383 2114 tecessorum
408 2062 474 2114 etc.

258 2157 377 2238 Quare
402 2180 503 2221 sacra
527 2159 704 2221 Caesarea
728 2158 898 2221 Maiestas
929 2157 1144 2221 electoribus
1167 2157 1387 2241 principibus
1411 2170 1447 2222 et

167 2265 318 2328 statibus
335 2266 471 2348 imperii
498 2266 660 2329 clementi
685 2267 802 2328 anirno
819 2265 979 2328 duxisset
995 2265 1267 2347 significandum
1282 2269 1445 2349 quemad-

167 2376 308 2436 modum
334 2394 380 2436 ex
399 2373 538 2436 illorum
555 2392 695 2455 quoque
713 2373 972 2436 consultatione
989 2373 1158 2455 consequi
1174 2374 1324 2453 videtur,
1349 2377 1446 2456 quod

168 2480 323 2543 Martino
347 2481 515 2543 Lutherio
549 2482 583 2543 in
619 2481 780 2563 hospicio
816 2481 892 2543 eius
927 2490 988 2543 aut
1015 2480 1131 2545 vicino
1156 2483 1235 2544 loco
1259 2481 1446 2563 responsio

168 2586 283 2650 finalis
307 2608 470 2652 recessus
493 2591 615 2660 detur;
649 2587 816 2651 videlicet
848 2598 885 2650 ut
910 2608 948 2650 se
972 2588 1123 2670 recipiat
1146 2589 1182 2651 in
1206 2591 1321 2651 locum
1347 2609 1445 2651 suum

168 2705 281 2758 tutum
305 2698 442 2777 absque
465 2716 564 2759 mora
587 2716 703 2776 neque
728 2694 857 2758 alicubi
882 2693 918 2756 in
942 2694 1068 2757 itinere
1092 2696 1271 2758 subsistat.

256 2803 300 2866 Et
325 2813 407 2886 post
430 2806 611 2886 expletum
636 2806 771 2866 salvum
796 2803 1008 2864 conductum
1033 2802 1119 2864 velit
1143 2800 1254 2865 Sacra
1277 2801 1448 2865 Maiestas

168 2910 243 2973 eius
271 2909 372 2973 seriis
402 2911 577 2973 mandatis
609 2920 732 2973 contra
763 2908 967 2971 lutherium
1001 2910 1174 2991 huiusque
1209 2909 1447 2972 adhaerentes

167 3027 204 3079 et
228 3017 389 3100 hospicio
427 3028 487 3080 aut
523 3018 649 3100 quovis
674 3018 778 3080 modo
803 3016 976 3096 faventes
1003 3025 1069 3079 etc.
1095 3026 1299 3079 constanter
1323 3036 1445 3097 proce-

167 3125 253 3186 dere
290 3125 336 3187 ad
369 3126 658 3209 supprimendam
690 3124 927 3186 temeritatem
963 3134 998 3184 et
1033 3122 1199 3185 malitiam
1231 3122 1323 3185 illius
1347 3122 1447 3185 iuxta

167 3230 317 3294 formam
341 3233 602 3313 quodammodo
626 3230 756 3313 prioris
779 3229 947 3295 mandati.

257 3339 345 3401 Item
378 3341 473 3421 quod
503 3340 578 3402 eius
602 3339 771 3401 Maiestas
795 3338 976 3400 statuisset
1000 3338 1111 3400 libros
1134 3336 1280 3399 Lutheri
1305 3339 1446 3401 nomine

169 3445 360 3527 inscriptos
384 3447 598 3509 interdicere
622 3447 767 3508 abolere
791 3446 1003 3525 extinguere
1028 3456 1063 3507 et
1087 3448 1305 3508 comburere.

261 3554 304 3615 Et
339 3554 457 3616 omnia
492 3553 613 3617 conari
649 3555 743 3616 velle
779 3572 870 3634 quae
906 3553 951 3615 ad
979 3551 1160 3614 haeretica
1184 3551 1277 3614 illins
1300 3552 1447 3613 inventa

169 3662 324 3723 delenda
347 3661 466 3725 facere
490 3661 666 3724 videntur.

261 3769 346 3830 Post
381 3770 470 3832 haec
508 3778 607 3851 petat
640 3789 742 3831 sacra
773 3767 848 3830 eius
879 3767 1046 3830 maiestas
1070 3766 1098 3829 si
1123 3766 1206 3848 quid
1232 3766 1447 3829 electoribus

168 3876 390 3957 principibus
421 3897 463 3939 ac
495 3877 645 3939 statibus
674 3886 841 3956 tanquam
866 3873 1132 3937 christianitatis
1156 3874 1322 3935 membris
1345 3893 1450 3956 prae·-

169 3993 268 4045 terea
292 3973 456 4045 videatur
480 3984 652 4065 expedire
676 3983 722 4045 ad
746 4002 825 4044 eum
851 3981 1026 4060 effectum,
1051 3990 1111 4042 aut
1135 3981 1163 4042 si
1179 3982 1263 4061 quid
1288 3980 1354 4062 ipsi
1371 3990 1446 4042 tan·

168 4111 274 4170 quam
300 4089 445 4153 Caesari
473 4090 665 4153 christiano
689 4100 725 4152 et
748 4089 857 4151 tutori
885 4087 1068 4150 Ecclesiae
1093 4088 1244 4167 amplius
1269 4088 1447 4168 agendum

168 4197 215 4260 sit
243 4208 280 4260 ut
303 4196 456 4260 fideliter
478 4197 571 4261 illius
594 4197 646 4260 rei
661 4196 885 4259 Maiestatem
901 4196 977 4258 eius
994 4192 1325 4273 commonefaciant,
1351 4195 1448 4274 quod

169 4307 217 4366 ab
240 4305 403 4368 omnibus
426 4306 548 4386 exigat
573 4317 608 4367 et
633 4303 799 4386 requirat.
