3559 5734
699 515 928 571 ⁰·{3318’r0

131 665 134 669 ’
178 673 299 745 suapte
328 672 455 726 natura
486 672 568 725 sunt
599 662 740 726 clericis
772 662 906 743 oppido
939 681 1080 742 semper
1105 661 1254 739 infensi,
1288 670 1325 723 ut
1349 661 1457 724 tradit

177 770 375 852 antiquitas.

262 879 314 940 La
337 876 472 940 faculta
496 877 532 939 di
556 876 756 957 Theologia
780 876 911 957 ubique
936 898 973 937 se
997 885 1099 956 porta
1126 878 1195 936 ben
1220 896 1285 957 per
1309 876 1378 938 noi.

262 984 336 1047 Sed
361 1005 448 1067 prae
472 984 623 1047 caeteris
648 994 683 1045 et
707 1005 789 1067 spes
807 993 842 1047 et
859 983 950 1045 ratio
969 983 1135 1044 vincendi
1151 983 1186 1043 in
1206 983 1359 1046 Caesare
1382 994 1455 1045 tan·

175 1102 245 1154 tum
270 1105 335 1167 est,
361 1094 394 1153 el
418 1094 499 1173 qual
526 1093 577 1153 sel
602 1111 795 1172 persevera
820 1111 921 1153 come
944 1091 991 1152 ba
1016 1089 1278 1166 comminciat0,
1303 1100 1394 1152 tutto
1418 1112 1456 1152 se

175 1198 319 1280 portarit
342 1200 388 1261 ad
412 1219 497 1261 vota
522 1210 558 1260 et
582 1197 700 1260 darasi
725 1218 814 1278 pace
839 1199 910 1259 alla
934 1196 1072 1259 Chiesa.

262 1306 395 1369 Contro
425 1305 461 1368 di
492 1306 551 1367 noi
582 1325 670 1367 sono
701 1325 772 1366 una
803 1304 945 1386 legione
971 1304 1005 1364 di
1031 1303 1158 1382 nobili,
1194 1304 1288 1365 conti
1314 1304 1348 1365 di
1374 1304 1455 1365 Ale·

175 1433 302 1495 magna
326 1412 462 1496 poveri,
494 1414 585 1474 duce
610 1411 770 1474 Hutteno
795 1411 985 1489 coniurati,
1019 1411 1078 1491 qui
1102 1410 1223 1473 sitiunt
1249 1411 1455 1490 sanguinem

174 1521 258 1582 cleri
283 1532 318 1582 et
343 1540 414 1582 non
440 1540 591 1583 cereano
617 1521 708 1581 altro
734 1539 865 1580 senon
894 1518 1027 1580 irruere
1051 1517 1086 1579 in
1111 1539 1187 1580 nos.

262 1627 303 1688 Li
328 1626 459 1709 legulei
484 1636 521 1689 et
544 1626 771 1689 canstronisti
795 1625 830 1688 di
856 1625 972 1707 questi
996 1625 1095 1706 paesi
1121 1629 1201 1687 tutti
1219 1625 1249 1687 ci
1267 1646 1354 1687 sono
1375 1647 1454 1687 con-

172 1734 268 1796 trarii
295 1742 330 1796 et
355 1733 631 1797 manifestissimi
657 1733 868 1813 Lutherani,
899 1730 972 1794 cosi
996 1732 1020 1794 li
1046 1732 1197 1794 maritati
1224 1752 1324 1794 come
1353 1733 1455 1814 preti,

172 1851 206 1903 et
231 1841 408 1904 ancorche
433 1840 588 1903 Martiae
614 1840 748 1903 Luther
781 1843 816 1903 la
846 1841 924 1902 loro
949 1838 1173 1922 professione
1201 1839 1332 1920 ubique
1362 1841 1454 1901 dam-

172 1960 243 2027 net,
268 1959 303 2011 et
320 1947 408 2010 cridi
425 1949 490 2011 che
507 1948 536 2009 si
561 1949 765 2010 deverebbe
791 1947 1020 2009 abbrusciare
1042 1967 1060 2007 a
1080 1945 1194 2028 prima
1211 1946 1328 2008 littera
1345 1966 1456 2027 usque

172 2057 215 2117 ad
241 2066 476 2137 postremam,
509 2054 661 2118 tuttavia
685 2054 818 2116 sciochi
841 2053 972 2116 ribaldi
997 2056 1031 2115 lo
1056 2054 1251 2135 predicano
1276 2064 1311 2114 et
1335 2053 1455 2115 delen·

172 2164 277 2241 done,
304 2172 340 2223 et
364 2173 490 2243 questo
515 2163 619 2226 viene
643 2161 776 2243 perche
801 2164 877 2224 loro
904 2182 972 2223 non
999 2181 1112 2223 sanno
1135 2162 1170 2222 la
1195 2159 1343 2222 scientia
1361 2162 1455 2221 della

171 2272 254 2349 qual
278 2269 390 2332 fanno
415 2267 650 2350 professione,
675 2289 732 2330 ma
757 2267 840 2330 nelli
865 2267 971 2330 studii
996 2266 1188 2330 universali
1214 2267 1349 2347 purche
1365 2267 1455 2329 siino

170 2375 389 2438 addottorati
405 2396 511 2438 senza
531 2378 643 2438 haver
667 2375 831 2456 studiato,
857 2395 1018 2456 regnano
1045 2374 1104 2454 poi
1122 2374 1157 2435 di
1175 2395 1293 2436 essere
1312 2372 1454 2436 oratori.

170 2482 310 2564 Peggio
335 2484 370 2545 di
392 2484 507 2564 questi
531 2482 640 2545 fanno
666 2482 941 2545 morosissimum
965 2481 1288 2563 grammatistarum
1313 2493 1347 2543 et
1372 2501 1453 2562 poe-

170 2588 356 2652 ticulorum
394 2609 517 2671 genus,
554 2609 703 2671 quorum
728 2590 920 2653 Germania
953 2588 1158 2670 plenissima
1193 2598 1261 2661 est;
1302 2589 1338 2651 hi
1371 2599 1454 2650 tunc

170 2700 300 2759 demun
333 2707 460 2778 putant
491 2718 529 2759 se
553 2696 677 2760 haberi
702 2699 828 2759 doctos
853 2707 888 2758 et
912 2696 1121 2778 praesertim
1145 2716 1286 2778 graece,
1311 2697 1454 2777 quando

169 2803 383 2885 profitentur
407 2825 444 2865 se
470 2802 659 2866 dissentire
684 2825 704 2865 a
729 2804 905 2866 communi
930 2803 1113 2865 Ecclesiae
1139 2804 1205 2864 via.

260 2910 318 2973 Gli
344 2910 596 2973 Reuchliniani
613 2910 780 2973 Luterani
805 2921 865 2972 aut
884 2910 1101 2973 Erasmistae
1126 2911 1244 2972 hanno
1269 2919 1454 2991 composto

170 3018 305 3098 dialogi
330 3018 514 3080 contradi
539 3038 594 3079 me
619 3028 655 3079 et
679 3037 766 3079 sono
791 3017 971 3100 impressi,
1003 3020 1122 3080 hanno
1147 3017 1257 3079 affixo
1278 3016 1372 3079 versi
1395 3038 1453 3098 ap·

171 3145 296 3206 presso
322 3125 347 3185 il
371 3126 515 3205 palazzo
540 3122 575 3185 di
593 3124 724 3187 Cesare
749 3146 770 3186 a
785 3125 944 3201 Colonia,
969 3126 1061 3187 dove
1087 3125 1215 3187 dicono
1240 3127 1305 3186 che
1330 3124 1364 3185 io
1389 3145 1451 3185 son

171 3230 359 3313 transfuga
375 3233 468 3294 delle
488 3234 607 3293 huone
624 3233 761 3308 lettere,
786 3242 987 3294 assentator
1011 3233 1045 3294 di
1071 3233 1259 3309 cortesani,
1286 3230 1454 3293 defensor

170 3339 204 3399 di
232 3338 431 3420 paediconi,
455 3340 550 3419 boia,
574 3339 821 3402 abbrusciator
845 3339 880 3400 di
898 3340 1006 3401 buoni
1032 3348 1067 3401 et
1091 3339 1184 3401 santi
1207 3338 1299 3415 libri,
1324 3338 1400 3399 cioe
1418 3337 1452 3398 di

172 3445 305 3507 Luther
338 3457 373 3506 et
406 3445 539 3508 Hutten
572 3456 607 3507 et
638 3445 733 3509 mille
763 3446 965 3527 poltronie,
1005 3448 1050 3509 de
1081 3447 1176 3527 quali
1206 3467 1262 3508 me
1293 3446 1371 3508 rido
1405 3447 1451 3506 al-

171 3553 323 3615 l'bonor
347 3553 392 3614 de
415 3553 496 3633 Dio,
521 3552 566 3614 ad
592 3555 640 3615 tal
665 3555 730 3615 che
754 3575 819 3616 son
844 3552 934 3616 fatto
959 3556 1056 3616 esule
1087 3554 1122 3615 di
1148 3564 1239 3616 tutta
1263 3552 1453 3615 Germania

172 3670 206 3720 et
238 3659 301 3741 pib
332 3678 387 3720 me
412 3679 500 3721 sono
526 3659 694 3722 contrarii
718 3661 825 3747 quelli
857 3662 923 3722 che
948 3681 1036 3722 sono
1064 3660 1146 3723 stati
1176 3660 1257 3722 miei
1289 3659 1451 3739 auditori,

172 3766 195 3827 li
220 3766 317 3848 quali
342 3787 397 3828 me
422 3765 583 3847 fuggono
609 3787 708 3829 come
733 3766 1018 3847 excomunicatO,
1045 3778 1080 3829 et
1103 3767 1137 3829 io
1162 3767 1372 3829 similmente
1396 3786 1452 3828 me

171 3873 270 3943 rid0;
295 3872 376 3936 altri
400 3893 456 3935 me
480 3893 620 3936 veneno
643 3894 664 3936 a
686 3874 846 3956 disputat
870 3875 905 3936 in
932 3874 1117 3937 defension
1136 3874 1171 3934 di
1189 3873 1332 3952 Luther‚
1357 3872 1451 3954 quali

172 4002 192 4042 a
207 3980 407 4042 confundet
432 3980 451 4041 e
476 3979 558 4043 facil
583 4001 676 4061 cosa,
702 3980 747 4044 ne
771 4001 837 4063 pur
862 3981 890 4044 si
915 3990 1123 4044 retrattano.
1159 3984 1229 4042 Per
1245 3980 1314 4041 Dio
1332 3980 1452 4051 Rev¹¹2⁰

174 4088 234 4149 Dl‘*
259 4088 325 4149 che
350 4089 382 4149 le
407 4108 490 4150 case
506 4089 645 4169 signate
671 4108 736 4170 per
760 4109 815 4151 me
840 4091 953 4151 mele
978 4109 1121 4169 negano
1146 4108 1212 4149 con
1239 4090 1271 4149 el
1297 4087 1366 4149 mio
1393 4088 1451 4146 da-

173 4214 271 4272 nam,
296 4195 476 4257 volendoli
500 4195 690 4277 pagarpib
716 4197 781 4257 che
805 4195 830 4257 li
854 4195 934 4257 altri
960 4206 995 4257 et
1019 4197 1140 4258 delent
1175 4215 1305 4257 nomen
1338 4214 1452 4255 meum

172 4322 191 4361 e
214 4300 329 4363 valvis
363 4311 399 4363 et
427 4301 521 4363 mille
545 4303 635 4364 altre
659 4302 845 4364 insolentie
870 4302 1058 4366 barbarice
1083 4305 1148 4365 che
1174 4304 1193 4364 ὸ
1218 4324 1300 4364 cosa
1325 4303 1358 4363 di
1382 4322 1450 4363 me-

172 4408 323 4490 raviglia
346 4418 383 4469 et
416 4410 462 4470 da
485 4428 556 4470 non
581 4410 737 4485 credere,
763 4421 798 4471 et
823 4429 889 4490 pur
914 4410 1066 4471 scrivolo
1091 4410 1169 4473 acii>
1186 4411 1227 4474 V.
1247 4410 1282 4472 S.
1310 4410 1383 4480 ΒΨ
1408 4408 1449 4469 sii

173 4536 192 4577 a
216 4516 324 4597 pieno
349 4515 524 4578 instrutta.

260 4621 388 4703 Quello
413 4622 458 4684 mi
482 4622 666 4704 fapeggio
690 4625 756 4684 che
781 4626 956 4686 communi
973 4625 1126 4687 omnium
1151 4645 1290 4687 rumore
1306 4626 1447 4687 circum-

174 4729 293 4807 fertur,
320 4731 386 4791 che
405 4730 539 4792 Hutten
563 4750 630 4792 con
655 4731 678 4792 li
704 4730 780 4793 suoi
805 4731 977 4793 coniurati
1003 4753 1057 4793 me
1079 4753 1230 4794 cercano
1246 4753 1449 4809 ammazzar,

174 4847 206 4898 et
231 4858 318 4899 sono
336 4836 499 4899 advisato
512 4857 582 4899 non
598 4838 711 4899 solum
735 4838 770 4900 io
795 4838 841 4900 da
865 4839 933 4900 mei
950 4838 1062 4919 amici,
1088 4860 1144 4901 rra
1164 4860 1273 4902 ancor
1287 4840 1449 4921 proxime
