3559 5734
1362 545 1854 606 &wsb-0

340 700 831 766 miserabiliter
874 698 1241 781 perierunt
1312 706 1433 759 aut
1498 696 1831 759 membris
1890 695 2209 775 corperis
2257 695 2361 755 sui
2417 695 2645 755 statim
2701 695 2886 775 eapti

341 821 531 881 sunt;
605 828 735 871 nec
800 816 1036 869 tamen
1096 803 1404 866 indurati
1469 803 1718 866 melius
1774 802 2057 883 sapiunt
2118 803 2185 863 iu
2249 823 2485 863 casum
2549 803 2886 863 eiuemedi

343 916 573 979 omnia
621 925 870 978 contra
918 934 1041 975 eos
1087 911 1280 975 facta
1329 911 1744 973 referentes

519 1040 765 1101 Budae
814 1037 989 1100 VIII
1038 1036 1406 1099 Februarii
1459 1034 1860 1097 MDXXV.

1551 1445 1695 1509 193.

1040 1563 1269 1663 Episo.
1329 1562 1792 1643 Tridentinus
1849 1561 2209 1643 Clementi.

1255 1709 1452 1783 (Epist.
1503 1709 1682 1767 Prino.
1731 1709 1834 1766 m.
1892 1709 2001 1779 26.)

1325 1828 1401 1895 (q,
1444 1830 1713 1878 Februarii
1761 1829 1933 1892 1525.)

530 1954 949 2020 Beatissime
999 1956 1235 2036 Pater,
1283 1954 1566 2017 domine
1617 1955 1898 2017 domine
1947 1955 2477 2027 celendiesin1e;
2537 1971 2697 2039 pest
2748 1963 2910 2019 hea-

354 2074 583 2126 torum
631 2064 893 2144 pedum
951 2064 1193 2126 oscula
1239 2061 1694 2124 humillimam
1744 2061 2105 2124 servitutis
2153 2083 2309 2127 mee
2361 2063 2790 2127 oblationem
2842 2075 2914 2127 et

357 2171 689 2233 devotam
738 2168 1439 2233 commendationem.
1540 2168 1830 2232 Missum
1878 2169 2009 2231 fuit
2069 2171 2157 2231 acl
2209 2191 2317 2231 me
2369 2191 2457 2231 ea:
2505 2171 2914 2251 lnneprukg

358 2285 595 2340 vestre
655 2276 1116 2339 beatitudinis
1177 2279 1397 2340 breve
1462 2296 1594 2358 per
1641 2275 2101 2339 camerarium
2169 2279 2477 2339 eiusdem
2533 2279 2617 2339 Π.
2669 2279 2914 2339 Hiere-

360 2404 646 2468 nymum
675 2383 1090 2458 Rorarium;
1139 2385 1276 2447 hoc
1321 2393 1554 2446 autem
1589 2385 1802 2466 plane
1832 2382 1997 2445 mihi
2049 2387 2445 2447 declaratur
2481 2387 2669 2467 qued
2705 2399 2918 2447 antea

361 2502 596 2554 tamen
640 2492 1089 2572 exploratum
1121 2492 1494 2570 habebam,
1544 2490 1632 2553 V.
1666 2489 1811 2552 &²¹¹¹
1861 2491 2125 2572 optima
2157 2511 2437 2571 queque
2473 2495 2918 2575 perpendere

363 2610 434 2662 et
499 2599 589 2660 ad
658 2619 915 2661 novam
980 2597 1523 2661 conventionem
1588 2618 1742 2660 cum
1797 2597 2389 2661 Christianissime
2457 2619 2629 2683 rege
2697 2603 2922 2679 magis

366 2727 455 2770 ex
529 2718 927 2787 temporum
998 2704 1520 2768 conditionibus
1598 2704 1817 2767 fuisse
1889 2707 2321 2787 compulsam
2409 2727 2617 2787 quam
2689 2707 2922 2767 stadie

370 2813 819 2876 diminuende
869 2810 1386 2875 coniunctionis
1453 2821 1524 2874 et
1571 2810 1877 2874 amicitie
1926 2831 2081 2875 cum
2133 2811 2282 2875 Cea.
2337 2815 2709 2895 Majeatate
2762 2815 2922 2875 inei-

369 2931 608 2983 tatam.
702 2920 784 2981 Id
832 2921 1044 3002 quod,
1095 2918 1274 2981 sicut
1321 2918 1390 2980 in
1442 2939 1551 2980 me
1601 2918 2265 2981 indubitatiseimum
2313 2919 2465 2999 fuit,
2513 2919 2613 2983 sie
2645 2943 2926 3003 semper

373 3028 612 3091 curavi
661 3048 791 3109 pro
842 3047 999 3089 meo
1050 3045 1223 3108 erga
1273 3025 1532 3088 Sedem
1571 3025 2061 3107 Apostolicam
2109 3027 2349 3087 debite
2405 3035 2473 3087 et
2525 3047 2697 3107 erga
2737 3027 2818 3091 V.
2854 3031 2926 3091 5

374 3134 716 3198 servitute
747 3142 840 3195 -ut
889 3132 1214 3195 omnibus
1262 3153 1402 3195 non
1452 3152 1657 3195 secus
1706 3142 1919 3214 atque
1965 3135 2125 3195 mihi
2161 3147 2541 3199 cenetaret.
2617 3135 2930 3195 Tametei

377 3264 460 3306 ea
526 3251 636 3305 est
700 3238 1235 3320 malignantium
1302 3238 1676 3302 multitudo
1743 3259 1873 3320 per
1921 3239 2373 3303 Germaniam
2441 3251 2517 3303 ut
2581 3245 2693 3303 ifel
2766 3243 2930 3303 edic}

377 3347 707 3413 concitati
748 3356 995 3410 contra
1028 3346 1254 3428 ipsam
1305 3356 1374 3409 et
1413 3346 1783 3409 universos
1812 3346 2125 3427 reliques
2157 3347 2535 3411 christiane
2569 3351 2934 3431 religionis

379 3457 786 3520 sacerdotes
803 3503 821 3536 ,
883 3453 1054 3517 nihil
1104 3453 1192 3515 sit
1241 3454 1430 3535 quod
1484 3472 1620 3516 non
1674 3455 2021 3516 morsibus
2073 3455 2213 3515 euie
2265 3459 2573 3515 audeant
2625 3455 2934 3537 inficere

379 3563 610 3628 omnia
654 3562 727 3625 in
777 3560 1089 3624 deterius
1134 3561 1531 3634 trahentes;
1582 3570 1654 3623 et
1702 3562 1884 3623 adeo
1933 3563 2194 3642 pfl-asim
2249 3563 2501 3643 eei-psit
2561 3567 2693 3623 hee
2750 3567 2930 3627 male

383 3682 451 3735 et
497 3669 804 3733 faciendi
856 3676 927 3731 et
975 3667 1256 3729 dicendi
1305 3666 1558 3729 vicium
1610 3669 1697 3729 de
1742 3667 1831 3730 V.
1883 3668 1963 3732 B.
2017 3671 2243 3747 [leque
2293 3671 2549 3731 eeterie
2597 3671 2681 3731 asi
2737 3691 2938 3731 eaera

381 3778 704 3860 initiatis,
774 3785 851 3839 ut
896 3775 1313 3838 incredibile
1376 3775 1465 3838 sit
1513 3777 1745 3857 qualia
1798 3778 2269 3859 undequaque
2333 3779 2938 3843 circumferantur.

386 3886 539 3969 Ego
588 3905 761 3948 vero
822 3884 1006 3946 inter
1052 3885 1187 3945 hoc
1237 3882 1541 3945 maxime
1591 3903 1926 3964 cuperem
1993 3907 2101 3947 rue
2153 3907 2309 3947 eum
2361 3895 2677 3967 preetare
2725 3907 2938 3967 paese

388 3992 502 4074 qui
541 3993 632 4055 ad
667 3992 982 4054 eruenda
1009 3990 1400 4053 istiusmodi
1431 3989 1852 4069 sufficerem,
1900 3991 2069 4055 nulli
2105 3995 2329 4055 labari
2373 3995 2538 4055 nulli
2577 3995 2938 4075 vigilantie

390 4120 755 4182 parcerem
804 4117 1231 4180 quamquam
1277 4118 1409 4178 pro
1452 4096 1721 4159 viribus
1764 4100 2053 4160 daturus
2105 4121 2253 4163 aum
2301 4119 2589 4179 operam
2641 4115 2709 4163 ut
2754 4103 2942 4183 qued

393 4228 435 4269 a
495 4206 952 4270 devotissimo
1002 4202 1212 4267 Sedis
1261 4203 1678 4285 Apostolice
1738 4205 2089 4287 mancipie
2153 4207 2541 4267 deeiderari
2593 4219 2826 4287 petest
2874 4207 2942 4267 id

394 4313 462 4376 in
509 4335 618 4377 me
682 4314 892 4376 liceat
942 4332 1369 4394 agnoscere,
1443 4320 1512 4372 et
1561 4309 1668 4373 his
1716 4332 1827 4373 me
1876 4311 1970 4373 Vr
2029 4312 2133 4372 ἘΞΗΕ
2193 4327 2257 4375 et
2313 4315 2697 4375 Ecclesiam
2750 4335 2942 4375 suam

394 4420 703 4484 Trident.
753 4418 1137 4483 humillime
1186 4418 1623 4481 commendo,

568 4528 680 4590 Ex
728 4527 1069 4590 Tridento
1118 4525 1325 4589 Nona
1372 4524 1740 4588 Februarii
1789 4525 2189 4589 MDXX‘J.

822 4651 899 4717 E.
952 4650 1038 4713 V.
1090 4649 1162 4715 S.

2105 4747 2413 4795 Humillimis
2453 4743 2701 4791 Ureaiura

1979 4835 2345 4899 Episcopus
2397 4839 2846 4891 Tridentinus.

1461 4955 1712 4968 u>fsmem
1741 4955 1874 4966 §axe-*N
