3559 5734
720 548 967 605 o-<32935-‚a

204 710 306 779 durlo
331 737 352 779 a
376 715 532 799 perfetta
555 714 679 778 saniti.
727 714 797 779 Voi
821 726 897 779 sete
920 715 957 779 ln
979 712 1070 779 tatto
1095 725 1131 779 ot
1150 722 1340 779 conoscete
1364 710 1481 798 quello

204 822 269 886 che
293 842 360 906 per
382 822 471 886 hora
494 818 547 886 sia
570 822 795 904 expediente.
843 823 923 885 Non
954 823 972 885 e
1003 821 1093 886 hora
1117 822 1163 886 da
1187 831 1305 887 tentat
1329 844 1412 887 cosa
1436 822 1483 886 al·

206 946 298 993 cuna
322 932 389 993 che
404 950 513 1012 possa
528 929 584 993 lar
599 926 779 1010 scandalo,
805 926 905 992 accio
929 946 999 991 non
1023 948 1190 993 nascesse
1213 928 1364 1012 qualche
1388 950 1483 1014 mag·

206 1037 288 1119 glor
310 1037 594 1101 inconveniente.
641 1032 791 1100 Possete
824 1034 1085 1100 communicare
1118 1036 1174 1099 col
1207 1034 1484 1102 Prothonotario

205 1152 241 1207 et
264 1142 412 1209 insieme
437 1140 583 1207 obviare
608 1142 668 1206 alli
691 1142 864 1206 disordini
889 1144 1045 1207 secondo
1065 1142 1089 1207 il
1106 1162 1234 1226 parere
1251 1146 1296 1208 de
1309 1145 1483 1210 ambedui.

205 1254 240 1315 A
264 1252 380 1335 questi
404 1253 438 1315 dl
462 1248 498 1314 vi
521 1252 708 1314 mandamo
732 1270 779 1312 un
804 1250 1008 1313 memoriale
1023 1251 1192 1314 mandato
1216 1250 1252 1314 di
1265 1251 1375 1315 la'dal
1387 1248 1484 1315 Rmo
1560 1250 1563 1261 '

204 1356 416 1442 Magontino
445 1380 467 1422 a
502 1358 544 1424 N.
580 1354 617 1422 S.
654 1359 746 1421 delle
782 1358 1021 1441 sceleraggini
1056 1359 1194 1441 grande
1230 1366 1266 1422 et
1300 1354 1484 1422 violationi

205 1466 295 1530 fatte
320 1477 444 1530 contro
468 1467 492 1530 il
517 1467 612 1529 clero
636 1465 696 1529 nel
720 1484 828 1547 paese
853 1465 889 1527 di
913 1462 1099 1538 Sassonia;
1131 1466 1248 1548 quelle
1272 1486 1360 1530 sono
1385 1475 1483 1530 tanto

203 1575 340 1638 enormi
357 1575 423 1637 che
438 1574 458 1637 e
473 1572 693 1656 impossibile
709 1593 731 1635 a
755 1572 1007 1646 dissimularle;
1032 1572 1161 1637 vedete
1186 1570 1272 1656 ogni
1295 1573 1403 1636 modo
1419 1568 1478 1635 voi

206 1690 241 1745 et
264 1681 290 1744 il
314 1676 591 1744 Prothonotario
615 1698 683 1743 con
707 1678 742 1742 la
765 1678 904 1742 Maesti
928 1678 1083 1742 Cesarea
1106 1682 1172 1743 che
1196 1680 1232 1742 vi
1263 1674 1293 1742 si
1325 1679 1485 1761 proveda

205 1784 419 1870 vivamente,
443 1788 509 1850 che
534 1784 744 1851 altramente
769 1785 1008 1850 infetteranno
1032 1792 1124 1851 tutto
1140 1786 1161 1849 'l
1176 1795 1273 1851 resto
1290 1787 1349 1850 del
1365 1807 1484 1870 paese,

206 1905 243 1960 et
274 1915 340 1978 per
370 1896 493 1959 ultimo
525 1906 561 1959 et
595 1896 690 1957 dalla
723 1892 945 1957 ubbidientia
978 1895 1074 1958 della
1110 1888 1239 1958 Chiesa
1272 1902 1307 1957 et
1340 1890 1376 1957 di
1411 1891 1486 1957 Sua

205 2004 345 2067 Maesta
380 2002 409 2066 si
439 2005 682 2083 rebelleran0,
720 2011 756 2064 et
788 2004 1008 2084 potrebbero
1041 2000 1078 2064 in
1110 2006 1209 2064 tanto
1248 2000 1484 2083 multiplicare

205 2114 272 2175 che
296 2106 353 2173 fra
383 2113 460 2173 loro
497 2116 533 2173 et
563 2106 693 2173 Turchi
726 2108 811 2190 guai
841 2129 863 2171 a
897 2108 978 2172 tutti
1011 2107 1023 2170 i
1054 2107 1255 2171 Christiani.
1310 2108 1484 2172 Advisate

205 2212 280 2281 Sua
304 2214 444 2280 Maesta
468 2225 504 2280 et
527 2225 620 2279 tutto
655 2212 676 2277 'l
705 2213 897 2296 Conseglio
921 2224 957 2278 et
980 2216 1073 2278 bene
1104 2217 1233 2279 valete.
1281 2212 1485 2278 Florentiae

205 2320 359 2388 xxvii
383 2322 483 2406 Sept.
507 2322 691 2387 Moxxi.

740 2536 946 2548 mm

809 2768 882 2833 126.

539 2885 748 2967 Aleander
774 2884 1146 2966 vicecancellario.

655 3033 797 3106 (liutiti-
815 3033 906 3092 Gom.
923 3031 954 3090 11.
972 3032 1037 3103 141)

693 3148 747 3211 (13.
767 3145 894 3195 Octobris
916 3141 1003 3213 1521.)

297 3271 372 3337 Che
395 3272 429 3336 io
453 3290 525 3341 non
547 3271 645 3334 habii
674 3270 797 3334 scritto
821 3266 880 3352 gli
905 3268 1004 3332 molti
1028 3268 1175 3333 corrieri
1208 3289 1230 3333 a
1252 3267 1297 3335 V.
1322 3267 1358 3334 S.
1391 3268 1487 3336 Rma

207 3383 228 3444 d
252 3359 423 3463 processo
446 3380 577 3463 perche
602 3396 673 3441 non
697 3378 813 3441 havea
837 3377 883 3440 da
906 3394 1000 3440 novo
1025 3379 1091 3439 che
1115 3377 1249 3441 scriver
1283 3386 1319 3441 et
1352 3375 1485 3461 perche

207 3509 297 3552 sono
322 3497 415 3551 stato
439 3488 589 3550 absente
613 3488 660 3549 da
681 3486 717 3548 la
741 3485 847 3548 Corte
872 3493 908 3547 et
931 3503 1018 3547 sono
1043 3483 1103 3565 qui
1120 3482 1315 3548 aLovanlo
1338 3504 1405 3568 per
1428 3505 1487 3549 ex·

209 3595 315 3678 pedit
340 3594 458 3677 quello
482 3595 625 3657 residuo
649 3593 704 3656 de'
728 3591 876 3656 remedii
902 3593 968 3655 che
997 3610 1054 3655 me
1080 3610 1216 3674 pareno
1251 3593 1444 3657 necessarii
1467 3614 1489 3656 a

207 3710 337 3784 questo
365 3702 492 3764 morbo
523 3708 559 3763 et
589 3698 743 3781 heresia,
784 3708 820 3762 et
854 3719 960 3780 spero
990 3700 1055 3762 che
1091 3696 1250 3781 ‘glorari
1280 3720 1352 3763 non
1384 3719 1488 3783 poco.

209 3809 374 3889 Interim,
407 3808 559 3871 essendo
583 3806 618 3870 io
642 3806 713 3888 qui,
738 3804 893 3869 Cochleo
917 3806 1088 3887 theologo
1113 3804 1250 3869 decano
1274 3806 1311 3869 di
1334 3804 1487 3870 Franch·

209 3915 345 3997 fordla,
378 3934 449 3978 uno
474 3915 519 3978 de
542 3914 651 3996 quelli
675 3915 742 3977 che
766 3913 930 3976 examino
954 3911 1089 3975 Luther
1121 3903 1286 3995 privatim
1309 3913 1347 3976 in
1370 3912 1490 3977 diaeta

211 4030 248 4085 et
271 4024 305 4085 al
329 4032 497 4105 presente
522 4023 587 4085 che
612 4020 727 4084 scrive
751 4029 876 4084 contra
899 4019 948 4082 lui
972 4018 1064 4082 assai
1099 4019 1211 4100 bene,
1241 4019 1287 4083 mi
1316 4020 1364 4083 ha
1395 4041 1489 4084 man-

211 4131 296 4193 dato
329 4139 456 4211 questo
489 4128 580 4192 libro
609 4128 743 4191 che'io
767 4128 897 4190 mando
922 4124 1020 4189 costi
1028 4174 1037 4207 ‚
1067 4123 1170 4215 Quod
1189 4126 1314 4189 Petrus
1337 4148 1490 4210 unquam

212 4234 322 4300 fuerit
352 4236 488 4300 Romae.
546 4236 621 4300 Imo
652 4233 758 4298 etiarn
787 4233 881 4297 intus
912 4234 1064 4296 habetur
1095 4228 1246 4296 Paulum
1276 4254 1347 4297 non
1380 4232 1490 4297 fuisse

212 4344 353 4407 Romae
376 4362 538 4426 passum
571 4343 604 4405 el
637 4342 720 4424 qual
748 4340 840 4405 libro
874 4341 911 4403 in
942 4340 992 4402 tal
1022 4340 1128 4403 modo
1159 4339 1372 4404 dextimato
1397 4340 1443 4403 da
1467 4340 1491 4402 li

212 4451 406 4514 Lutherani
430 4452 496 4513 che
519 4466 585 4532 par
610 4451 675 4513 che
699 4449 740 4511 sii
764 4467 812 4513 un
835 4447 963 4511 achille
987 4457 1111 4511 contra
1135 4448 1180 4509 de
1203 4446 1282 4529 noi,
1306 4466 1372 4531 per
1395 4447 1491 4529 qual·

212 4560 278 4622 che
303 4557 505 4640 argumenti
528 4557 737 4641 apparenti,
760 4555 949 4639 presertim
973 4555 1033 4618 alli
1058 4553 1203 4637 maligni
1227 4552 1360 4638 spiriti,
1384 4572 1491 4636 quum

215 4676 334 4729 tamen
359 4665 511 4748 plurima
535 4666 606 4728 sint
628 4664 737 4744 falsa,
762 4662 879 4727 omnia
902 4682 989 4725 vero
1013 4660 1285 4726 virulentissime
1310 4678 1491 4744 expressa.

213 4756 264 4837 Lo
289 4772 461 4855 episcopo
485 4772 522 4836 di
545 4771 748 4855 Argentina
770 4771 817 4833 ha
841 4771 1009 4834 mandato
1035 4771 1079 4834 de
1102 4769 1177 4833 dita
1193 4788 1304 4852 opera
1327 4768 1377 4832 tal
1400 4768 1491 4832 libro

213 4880 248 4943 in
272 4880 384 4943 latino
410 4888 446 4943 et
468 4882 632 4943 alemano
655 4880 689 4942 al
714 4879 809 4941 Rmo
834 4877 1024 4942 Cardinale
1049 4879 1093 4941 de
1118 4877 1244 4960 Liege,
1268 4874 1492 4961 pregandolo
