3559 5734
676 542 922 602 &dl-353&

159 686 236 749 eius
260 685 435 752 industria
458 689 700 772 precipueque
732 690 910 771 doctrina,
945 700 980 754 et
1011 689 1153 754 intimus
1177 693 1291 773 zelus,
1322 680 1441 776 (quem

157 805 256 859 certe
281 796 316 858 in
340 805 439 860 tanta
471 797 667 879 reipublice
693 797 915 862 Christianae
940 797 1139 861 calamitate
1171 808 1207 862 et
1236 799 1438 864 discrimine

155 902 344 984 cujuslibet
367 925 452 967 vere
477 904 668 968 Christiani
693 905 846 967 hominis
860 915 987 986 pectus
1002 905 1157 968 insidere
1182 906 1298 988 decet)
1322 909 1438 970 clarus

157 1008 375 1091 illustrisque
392 1011 529 1086 extitit3
555 1032 665 1093 quare
688 1012 791 1074 huius
815 1011 881 1074 viri
907 1013 1122 1075 dexteritate
1137 1012 1208 1076 fide
1224 1022 1261 1076 et
1277 1013 1438 1076 doctrina

155 1134 269 1196 usque
293 1118 383 1180 adeo
401 1117 556 1181 devincti
571 1128 678 1201 atque
701 1119 811 1182 illecti
835 1139 963 1190 sumus,
988 1128 1026 1182 ut
1050 1119 1164 1202 ipsum
1181 1141 1268 1202 prae
1285 1121 1438 1184 coeteris

155 1226 453 1304 supramemorati
482 1226 553 1289 Avi
586 1225 701 1289 nostri'
723 1226 934 1289 consiliariis
958 1229 1071 1289 solum
1094 1228 1239 1308 dignum
1265 1227 1439 1291 censueri-

156 1349 244 1409 mus,
269 1350 372 1411 quem
396 1334 492 1413 apud
517 1353 582 1395 nos
605 1333 641 1395 in
665 1333 840 1415 Hispania
864 1335 1096 1415 haberemus,
1121 1334 1267 1416 eiusque
1290 1335 1438 1399 consilio

158 1445 194 1498 et
219 1456 330 1519 opere
353 1438 388 1500 in
414 1439 720 1503 administratione
745 1437 846 1503 Sacri
870 1440 1026 1503 Romani
1051 1440 1194 1523 Imperii
1218 1441 1438 1524 potissimum

157 1552 359 1619 uteremur;
393 1566 463 1627 qna
495 1546 530 1608 in
559 1567 701 1609 recum
724 1547 827 1609 nobis
851 1547 901 1610 ita
924 1567 1071 1630 operam
1101 1567 1199 1610 suam
1233 1558 1356 1628 navet,
1389 1548 1436 1611 ni·

155 1650 279 1732 hilque
311 1652 426 1734 ipsum
457 1653 493 1716 in
525 1653 687 1716 omnibus
725 1652 926 1716 actionibus
959 1654 1031 1716 suis
1061 1664 1133 1716 tam
1164 1653 1261 1717 cordi
1293 1656 1437 1734 habere,

156 1768 302 1840 tamque
333 1761 477 1823 studere
516 1771 553 1823 et
585 1761 706 1824 conari
737 1760 1069 1840 animadvertimus,
1101 1781 1205 1842 quam
1237 1781 1303 1842 pro
1331 1770 1438 1842 pacto

157 1866 337 1928 lutherani
362 1867 492 1930 furoris
515 1867 612 1931 virus
637 1888 657 1930 e
682 1866 874 1931 Germania
903 1877 1025 1930 nostra
1049 1887 1152 1949 quam
1184 1867 1366 1930 celerrime
1396 1888 1438 1931 ac

155 1972 363 2053 plenissime
388 1973 559 2055 extirpari
584 1983 619 2037 et
643 1975 748 2037 evelli
773 1974 902 2057 possit3
930 1973 1008 2055 jure
1043 1975 1168 2037 merito
1201 1974 1438 2055 cogitationes

156 2089 299 2142 nostras
334 2079 369 2143 in
406 2082 531 2144 eodem
567 2083 727 2144 ornando
771 2094 879 2163 atque
921 2081 1144 2143 honestando
1189 2080 1437 2145 convertimus.

154 2185 291 2248 Verum
317 2188 496 2269 cumipse
521 2208 591 2249 non
625 2188 690 2250 nisi
723 2187 758 2249 in
787 2190 970 2269 superiore
1004 2186 1197 2250 Germania
1230 2187 1346 2268 patria
1375 2207 1439 2250 sua

156 2292 422 2355 Ecclesiasticis
457 2292 789 2357 beneficiisdonari
824 2302 859 2356 et
889 2294 1106 2357 remunerari
1139 2294 1277 2376 cupiat,
1313 2294 1437 2357 Nobis·

157 2417 226 2479 que
253 2418 320 2480 pro
344 2420 437 2463 nunc
462 2401 559 2462 nulla
583 2400 628 2462 sit
658 2400 693 2462 in
725 2421 767 2463 ea
795 2399 973 2482 provintia
1002 2398 1291 2464 Sacerdotiorum
1319 2400 1436 2464 confe-

154 2507 348 2569 rendorum
388 2507 540 2570 facultas
584 2518 645 2571 aut
682 2508 927 2587 commoditas,
968 2507 1208 2590 supplicamus
1249 2505 1439 2571 Sanctitatl

156 2612 312 2676 Vestrae
348 2615 454 2677 etiam
490 2625 596 2696 atque
633 2614 738 2678 etiam
774 2614 942 2698 dignetur
974 2617 1031 2677 vel
1067 2623 1188 2678 nostra
1219 2635 1341 2687 causa,
1378 2616 1438 2678 vel

155 2719 368 2783 eximiorum
393 2721 498 2784 etiam
523 2720 608 2783 dicti
633 2721 851 2783 Balthasaris
876 2721 1079 2784 meritorum
1103 2721 1247 2801 intuitu,
1280 2724 1335 2784 vel
1359 2742 1437 2804 pro-

154 2836 236 2909 pter
261 2827 373 2909 ipsius
396 2827 432 2890 in
457 2827 625 2890 Sanctam
649 2828 751 2890 istam
776 2825 906 2890 Sedem
931 2828 1121 2910 singularis
1144 2828 1251 2891 studii
1288 2839 1323 2891 et
1353 2828 1438 2891 fidei

154 2935 332 3012 ardorem,
359 2934 473 2997 eidem
499 2936 543 2997 de
568 2934 714 3016 speciali
738 2944 858 2997 vestra
882 2934 999 3016 gratia
1022 2934 1301 2997 reservationem
1325 2935 1438 2998 Bene·

154 3039 318 3104 liciorum
345 3040 675 3104 Ecclesiasticorum
699 3043 880 3122 usquead
913 3061 1082 3103 summam
1112 3042 1260 3103 duorum
1292 3041 1437 3104 millium

153 3149 375 3211 Ducatorum
401 3149 496 3228 auri,
521 3148 555 3211 in
580 3148 782 3212 civitatibus
807 3158 842 3211 et
867 3148 1008 3211 Dioces.
1035 3147 1276 3228 Treverensis,
1302 3147 1436 3229 Argen·

153 3256 325 3336 tinensis,
355 3255 636 3319 Constantiensis
661 3265 696 3318 et
733 3255 956 3334 Basiliensis,
994 3255 1156 3337 proxime
1192 3266 1438 3318 vacaturorum

153 3362 315 3445 benigne
354 3366 568 3434 concedere;
606 3363 655 3425 ita
690 3362 833 3443 quidem
868 3364 963 3443 quod
999 3360 1195 3443 hujusmodi
1231 3361 1438 3444 reservati0,

154 3470 263 3532 etiam
295 3470 340 3532 ad
374 3470 578 3553 Dignitates
606 3469 820 3551 principales
844 3479 916 3531 tam
948 3468 1303 3550 Metropolitanarum
1332 3489 1436 3549 quam

153 3578 263 3639 etiam
292 3575 555 3640 Cathedralium
586 3585 621 3638 et
649 3575 926 3657 Collegiatarum
954 3575 1193 3638 Ecclesiarum
1225 3573 1261 3637 in
1291 3575 1437 3638 meliore

152 3683 274 3747 forma
297 3683 466 3747 latissime
490 3685 720 3762 extendatur,
756 3704 797 3745 ac
829 3682 937 3745 etiarn
972 3682 1001 3744 si
1033 3701 1122 3763 opus
1150 3680 1271 3762 fuerit,
1307 3682 1366 3762 qui
1401 3682 1436 3744 in

151 3791 357 3873 hujusmodi
389 3789 620 3853 concessione
651 3785 847 3852 reservatio
883 3789 1076 3871 spiritualis
1104 3790 1148 3851 ad
1187 3788 1437 3869 Proposituras

151 3908 360 3960 sanctorum
395 3897 531 3959 Paulini
562 3908 597 3959 et
622 3896 810 3980 Symeonis
840 3896 932 3959 intra
961 3905 997 3959 et
1024 3906 1126 3959 extra
1157 3916 1275 3959 muros
1308 3897 1436 3959 Treve-

153 4004 273 4068 rensis
297 4003 411 4067 eidem
437 4015 689 4086 compectatur.
737 4003 777 4066 In
802 4024 872 4085 quo
897 4000 1077 4066 Sanctitas
1094 4002 1224 4065 Vestra
1240 4023 1313 4065 rem
1328 4003 1438 4066 faciet

152 4122 191 4174 et
216 4112 406 4174 clementia
430 4130 494 4173 sua
518 4112 679 4193 dignam,
714 4121 750 4174 et
782 4111 886 4173 nobis
919 4110 1090 4192 imprimis
1118 4109 1304 4174 iucundam
1330 4122 1436 4191 atque

150 4230 352 4300 acceptam,
377 4237 482 4298 quam
505 4239 570 4279 nos
594 4218 700 4280 etiam
725 4237 812 4298 erga
836 4238 914 4281 eam
939 4217 1033 4280 omni
1057 4215 1155 4279 filiali
1179 4226 1301 4279 nostra
1318 4220 1435 4280 obser-

152 4325 281 4387 vantia
304 4344 563 4405 recognoscere
583 4323 833 4403 laborabimus,
859 4326 1153 4406 quemadmodum
1180 4343 1224 4386 ex
1248 4321 1436 4405 magnifico

152 4430 254 4493 fideli
280 4430 413 4493 dilecto
439 4430 591 4494 Oratore
616 4439 652 4493 et
676 4430 886 4493 Consiliario
911 4439 1032 4492 nostro
1056 4428 1219 4493 Gerardo
1244 4431 1289 4491 de
1315 4430 1436 4510 Plana,

151 4537 275 4619 Rupis
298 4536 453 4600 Domino
485 4537 553 4618 (cui
585 4537 620 4598 in
648 4536 703 4599 his
735 4536 840 4599 etiam
865 4537 1100 4598 omnimodam
1124 4534 1230 4598 fidem
1255 4545 1290 4597 et
1314 4536 1435 4618 benig-

150 4665 236 4707 nam
270 4643 486 4706 audientiam
523 4643 685 4706 exhiberi
723 4642 894 4725 cupimus)
932 4642 1034 4706 latius
1062 4642 1264 4723 intelligere
1294 4642 1434 4725 poterit,

153 4762 193 4817 et
219 4749 453 4814 Sanctitatem
478 4751 644 4813 Vestram
669 4749 800 4833 optime
825 4752 945 4812 valere
969 4758 1289 4829 sacrosanctaeque
1317 4748 1436 4812 Eccle-

151 4861 231 4922 siae
256 4858 315 4921 diu
340 4858 519 4922 foeliciter
541 4877 686 4939 preesse
711 4857 881 4939 cupimus.
924 4858 1053 4919 Datum
1077 4855 1113 4919 in
1138 4854 1291 4918 Ciuitate
1316 4866 1437 4921 nostra

177 4982 263 5034 Baium
277 4982 419 5022 Documenta
428 4982 566 5025 Luthoraua.
1241 4960 1276 5022 23
