<?xml version="1.0" encoding="UTF-8"?>
<!DOCTYPE html PUBLIC "-//W3C//DTD XHTML 1.0 Transitional//EN"
    "http://www.w3.org/TR/xhtml1/DTD/xhtml1-transitional.dtd">
<html xmlns="http://www.w3.org/1999/xhtml" xml:lang="en" lang="en">
 <head>
  <title>
</title>
<meta http-equiv="Content-Type" content="text/html;charset=utf-8" />
  <meta name='ocr-system' content='tesseract 3.04.00' />
  <meta name='ocr-capabilities' content='ocr_page ocr_carea ocr_par ocr_line ocrx_word'/>
</head>
<body>
  <div class='ocr_page' id='page_1' title='image "./monumentareform01vatigoog/monumentareform01vatigoog_0541.png"; bbox 0 0 3559 5734; ppageno 0'>
   <div class='ocr_carea' id='block_1_1' title="bbox 1466 594 1960 663">
    <p class='ocr_par' dir='ltr' id='par_1_1' title="bbox 1466 594 1960 663">
     <span class='ocr_line' id='line_1_1' title="bbox 1466 594 1960 663; baseline -0.006 -1"><span class='ocrx_word' id='word_1_1' title='bbox 1466 594 1960 663; x_wconf 51' lang='lat' dir='ltr'><strong>mame-0</strong></span> 
     </span>
    </p>
   </div>
   <div class='ocr_carea' id='block_1_2' title="bbox 421 747 2990 3511">
    <p class='ocr_par' dir='ltr' id='par_1_2' title="bbox 423 747 2990 1478">
     <span class='ocr_line' id='line_1_2' title="bbox 428 747 2982 836; baseline 0.003 -21"><span class='ocrx_word' id='word_1_2' title='bbox 428 747 722 834; x_wconf 83' lang='lat' dir='ltr'>cipibus,</span> <span class='ocrx_word' id='word_1_3' title='bbox 743 791 827 799; x_wconf 92' lang='lat'><strong>—</strong></span> <span class='ocrx_word' id='word_1_4' title='bbox 852 754 940 817; x_wconf 79' lang='lat'><strong>6⁰.</strong></span> <span class='ocrx_word' id='word_1_5' title='bbox 965 750 1244 817; x_wconf 86' lang='lat' dir='ltr'><strong>solvant</strong></span> <span class='ocrx_word' id='word_1_6' title='bbox 1259 753 1396 817; x_wconf 90' lang='lat' dir='ltr'><strong>hoc</strong></span> <span class='ocrx_word' id='word_1_7' title='bbox 1417 775 1603 818; x_wconf 90' lang='lat' dir='ltr'><strong>anno</strong></span> <span class='ocrx_word' id='word_1_8' title='bbox 1626 756 1926 818; x_wconf 89' lang='lat' dir='ltr'><strong>ducibus</strong></span> <span class='ocrx_word' id='word_1_9' title='bbox 1944 754 2132 818; x_wconf 74' lang='lat' dir='ltr'><strong>XVm</strong></span> <span class='ocrx_word' id='word_1_10' title='bbox 2158 752 2309 819; x_wconf 91' lang='lat' dir='ltr'><strong>flor.</strong></span> <span class='ocrx_word' id='word_1_11' title='bbox 2337 794 2411 803; x_wconf 95' lang='lat'><strong>—</strong></span> <span class='ocrx_word' id='word_1_12' title='bbox 2436 770 2467 836; x_wconf 91' lang='lat'>7</span> <span class='ocrx_word' id='word_1_13' title='bbox 2494 807 2540 834; x_wconf 67' lang='lat'><strong>0.</strong></span> <span class='ocrx_word' id='word_1_14' title='bbox 2566 755 2846 823; x_wconf 67' lang='lat' dir='ltr'><strong>solvant</strong></span> <span class='ocrx_word' id='word_1_15' title='bbox 2874 761 2982 823; x_wconf 78' lang='lat' dir='ltr'><strong>tri-</strong></span> 
     </span>
     <span class='ocr_line' id='line_1_3' title="bbox 425 860 2986 945; baseline 0.003 -23"><span class='ocrx_word' id='word_1_16' title='bbox 425 864 558 923; x_wconf 90' lang='lat' dir='ltr'><strong>bus</strong></span> <span class='ocrx_word' id='word_1_17' title='bbox 589 860 1038 943; x_wconf 87' lang='lat' dir='ltr'><strong>Principibus</strong></span> <span class='ocrx_word' id='word_1_18' title='bbox 1088 866 1305 923; x_wconf 89' lang='lat'><em>80000</em></span> <span class='ocrx_word' id='word_1_19' title='bbox 1333 860 1509 942; x_wconf 68' lang='lat' dir='ltr'><strong>fior„</strong></span> <span class='ocrx_word' id='word_1_20' title='bbox 1559 873 1630 924; x_wconf 91' lang='lat' dir='ltr'><strong>et</strong></span> <span class='ocrx_word' id='word_1_21' title='bbox 1678 883 1818 944; x_wconf 94' lang='lat' dir='ltr'><strong>quo</strong></span> <span class='ocrx_word' id='word_1_22' title='bbox 1866 884 2088 945; x_wconf 83' lang='lat' dir='ltr'><strong>usque</strong></span> <span class='ocrx_word' id='word_1_23' title='bbox 2135 864 2326 926; x_wconf 87' lang='lat' dir='ltr'><strong>illam</strong></span> <span class='ocrx_word' id='word_1_24' title='bbox 2376 883 2714 927; x_wconf 73' lang='lat' dir='ltr'><strong>summam</strong></span> <span class='ocrx_word' id='word_1_25' title='bbox 2766 871 2986 931; x_wconf 46' lang='lat' dir='ltr'><strong>solu-*ee</strong></span> 
     </span>
     <span class='ocr_line' id='line_1_4' title="bbox 427 968 2986 1052; baseline 0.003 -23"><span class='ocrx_word' id='word_1_26' title='bbox 427 968 599 1042; x_wconf 91' lang='lat' dir='ltr'><strong>rint,</strong></span> <span class='ocrx_word' id='word_1_27' title='bbox 674 978 965 1031; x_wconf 82' lang='lat' dir='ltr'>teneant</span> <span class='ocrx_word' id='word_1_28' title='bbox 1026 969 1384 1051; x_wconf 78' lang='lat' dir='ltr'><strong>principes</strong></span> <span class='ocrx_word' id='word_1_29' title='bbox 1444 990 1688 1031; x_wconf 88' lang='lat' dir='ltr'><strong>omnes</strong></span> <span class='ocrx_word' id='word_1_30' title='bbox 1739 970 1984 1047; x_wconf 73' lang='lat' dir='ltr'><strong>villaS,</strong></span> <span class='ocrx_word' id='word_1_31' title='bbox 2032 990 2259 1052; x_wconf 89' lang='lat' dir='ltr'><strong>pagos</strong></span> <span class='ocrx_word' id='word_1_32' title='bbox 2276 1019 2294 1050; x_wconf 90' lang='lat'><strong>,</strong></span> <span class='ocrx_word' id='word_1_33' title='bbox 2361 981 2432 1033; x_wconf 89' lang='lat' dir='ltr'><strong>et</strong></span> <span class='ocrx_word' id='word_1_34' title='bbox 2479 991 2770 1035; x_wconf 61' lang='lat' dir='ltr'><strong>nemora</strong></span> <span class='ocrx_word' id='word_1_35' title='bbox 2818 975 2986 1039; x_wconf 76' lang='lat' dir='ltr'><strong>dicti</strong></span> 
     </span>
     <span class='ocr_line' id='line_1_5' title="bbox 426 1075 2990 1159; baseline 0.004 -25"><span class='ocrx_word' id='word_1_36' title='bbox 426 1075 675 1156; x_wconf 90' lang='lat' dir='ltr'><strong>oppidi</strong></span> <span class='ocrx_word' id='word_1_37' title='bbox 707 1095 839 1155; x_wconf 91' lang='lat' dir='ltr'><strong>pro</strong></span> <span class='ocrx_word' id='word_1_38' title='bbox 870 1075 1197 1157; x_wconf 90' lang='lat' dir='ltr'><strong>pignore.</strong></span> <span class='ocrx_word' id='word_1_39' title='bbox 1231 1112 1319 1121; x_wconf 94' lang='lat'><strong>--</strong></span> <span class='ocrx_word' id='word_1_40' title='bbox 1351 1079 1439 1141; x_wconf 85' lang='lat'><strong>8⁰.</strong></span> <span class='ocrx_word' id='word_1_41' title='bbox 1475 1076 1772 1159; x_wconf 88' lang='lat' dir='ltr'><strong>singulis</strong></span> <span class='ocrx_word' id='word_1_42' title='bbox 1806 1077 2010 1139; x_wconf 91' lang='lat' dir='ltr'><strong>annis</strong></span> <span class='ocrx_word' id='word_1_43' title='bbox 2041 1096 2173 1159; x_wconf 91' lang='lat' dir='ltr'><strong>pro</strong></span> <span class='ocrx_word' id='word_1_44' title='bbox 2224 1076 2634 1140; x_wconf 68' lang='lat' dir='ltr'><strong>defensione</strong></span> <span class='ocrx_word' id='word_1_45' title='bbox 2674 1083 2990 1159; x_wconf 67' lang='lat' dir='ltr'><strong>pendant</strong></span> 
     </span>
     <span class='ocr_line' id='line_1_6' title="bbox 426 1181 2986 1263; baseline 0.004 -20"><span class='ocrx_word' id='word_1_46' title='bbox 426 1181 876 1263; x_wconf 89' lang='lat' dir='ltr'><strong>Principibus</strong></span> <span class='ocrx_word' id='word_1_47' title='bbox 935 1202 1098 1261; x_wconf 86' lang='lat'>1500</span> <span class='ocrx_word' id='word_1_48' title='bbox 1145 1181 1297 1246; x_wconf 91' lang='lat' dir='ltr'><strong>flor.</strong></span> <span class='ocrx_word' id='word_1_49' title='bbox 1347 1220 1433 1228; x_wconf 91' lang='lat'>—</span> <span class='ocrx_word' id='word_1_50' title='bbox 1484 1199 1573 1262; x_wconf 86' lang='lat'><strong>90.</strong></span> <span class='ocrx_word' id='word_1_51' title='bbox 1625 1193 1695 1245; x_wconf 89' lang='lat' dir='ltr'><strong>et</strong></span> <span class='ocrx_word' id='word_1_52' title='bbox 1743 1183 2069 1246; x_wconf 88' lang='lat' dir='ltr'><strong>omnibus</strong></span> <span class='ocrx_word' id='word_1_53' title='bbox 2117 1184 2372 1247; x_wconf 90' lang='lat' dir='ltr'><strong>diebus</strong></span> <span class='ocrx_word' id='word_1_54' title='bbox 2402 1185 2590 1247; x_wconf 77' lang='lat' dir='ltr'><strong>vitae</strong></span> <span class='ocrx_word' id='word_1_55' title='bbox 2626 1211 2794 1251; x_wconf 68' lang='lat' dir='ltr'><strong>suae</strong></span> <span class='ocrx_word' id='word_1_56' title='bbox 2846 1191 2986 1251; x_wconf 78' lang='lat' dir='ltr'><strong>sint</strong></span> 
     </span>
     <span class='ocr_line' id='line_1_7' title="bbox 425 1288 2986 1375; baseline 0.003 -26"><span class='ocrx_word' id='word_1_57' title='bbox 425 1288 726 1352; x_wconf 84' lang='lat' dir='ltr'><strong>infames</strong></span> <span class='ocrx_word' id='word_1_58' title='bbox 776 1299 849 1352; x_wconf 93' lang='lat' dir='ltr'><strong>et</strong></span> <span class='ocrx_word' id='word_1_59' title='bbox 894 1290 1179 1371; x_wconf 90' lang='lat' dir='ltr'><strong>periuri,</strong></span> <span class='ocrx_word' id='word_1_60' title='bbox 1231 1311 1308 1353; x_wconf 84' lang='lat' dir='ltr'><strong>ac</strong></span> <span class='ocrx_word' id='word_1_61' title='bbox 1357 1288 1713 1370; x_wconf 87' lang='lat' dir='ltr'><strong>fidefragi,</strong></span> <span class='ocrx_word' id='word_1_62' title='bbox 1763 1311 1846 1353; x_wconf 90' lang='lat' dir='ltr'><strong>ac</strong></span> <span class='ocrx_word' id='word_1_63' title='bbox 1898 1312 2027 1373; x_wconf 92' lang='lat' dir='ltr'><strong>pro</strong></span> <span class='ocrx_word' id='word_1_64' title='bbox 2090 1293 2351 1354; x_wconf 86' lang='lat' dir='ltr'><strong>talibus</strong></span> <span class='ocrx_word' id='word_1_65' title='bbox 2413 1294 2846 1375; x_wconf 68' lang='lat' dir='ltr'><strong>habeantur,</strong></span> <span class='ocrx_word' id='word_1_66' title='bbox 2918 1307 2986 1355; x_wconf 59' lang='lat' dir='ltr'><strong>et</strong></span> 
     </span>
     <span class='ocr_line' id='line_1_8' title="bbox 423 1397 1713 1478; baseline 0.003 -23"><span class='ocrx_word' id='word_1_67' title='bbox 423 1405 842 1475; x_wconf 85' lang='lat' dir='ltr'><strong>reputentur</strong></span> <span class='ocrx_word' id='word_1_68' title='bbox 889 1397 1174 1478; x_wconf 86' lang='lat' dir='ltr'><strong>impune</strong></span> <span class='ocrx_word' id='word_1_69' title='bbox 1225 1399 1318 1459; x_wconf 87' lang='lat' dir='ltr'><strong>ab</strong></span> <span class='ocrx_word' id='word_1_70' title='bbox 1366 1397 1713 1459; x_wconf 78' lang='lat' dir='ltr'><strong>omnibus,</strong></span> 
     </span>
    </p>

    <p class='ocr_par' dir='ltr' id='par_1_3' title="bbox 425 1503 2986 1905">
     <span class='ocr_line' id='line_1_9' title="bbox 607 1503 2986 1589; baseline 0.003 -25"><span class='ocrx_word' id='word_1_71' title='bbox 607 1503 1032 1565; x_wconf 86' lang='lat' dir='ltr'><strong>Lubrienses</strong></span> <span class='ocrx_word' id='word_1_72' title='bbox 1066 1504 1328 1565; x_wconf 81' lang='lat' dir='ltr'><strong>subditi</strong></span> <span class='ocrx_word' id='word_1_73' title='bbox 1378 1506 1627 1566; x_wconf 91' lang='lat' dir='ltr'><strong>eodem</strong></span> <span class='ocrx_word' id='word_1_74' title='bbox 1664 1504 1859 1567; x_wconf 90' lang='lat' dir='ltr'><strong>Maio</strong></span> <span class='ocrx_word' id='word_1_75' title='bbox 1909 1507 2369 1579; x_wconf 73' lang='lat' dir='ltr'><strong>rebellarunt:</strong></span> <span class='ocrx_word' id='word_1_76' title='bbox 2420 1528 2598 1589; x_wconf 72' lang='lat' dir='ltr'><strong>quos</strong></span> <span class='ocrx_word' id='word_1_77' title='bbox 2646 1511 2986 1571; x_wconf 66' lang='lat' dir='ltr'><strong>instructo</strong></span> 
     </span>
     <span class='ocr_line' id='line_1_10' title="bbox 428 1611 2982 1695; baseline 0.004 -26"><span class='ocrx_word' id='word_1_78' title='bbox 428 1611 747 1673; x_wconf 82' lang='lat' dir='ltr'><strong>exercitu</strong></span> <span class='ocrx_word' id='word_1_79' title='bbox 797 1614 1329 1693; x_wconf 76' lang='lat' dir='ltr'><strong>aggredientes,</strong></span> <span class='ocrx_word' id='word_1_80' title='bbox 1358 1611 1695 1692; x_wconf 81' lang='lat' dir='ltr'><strong>pluribus</strong></span> <span class='ocrx_word' id='word_1_81' title='bbox 1745 1613 1962 1686; x_wconf 85' lang='lat' dir='ltr'><strong>cesis,</strong></span> <span class='ocrx_word' id='word_1_82' title='bbox 2011 1614 2300 1695; x_wconf 86' lang='lat' dir='ltr'><strong>reliquis</strong></span> <span class='ocrx_word' id='word_1_83' title='bbox 2362 1616 2606 1695; x_wconf 68' lang='lat' dir='ltr'><strong>captis,</strong></span> <span class='ocrx_word' id='word_1_84' title='bbox 2674 1619 2982 1695; x_wconf 65' lang='lat' dir='ltr'><strong>praecidi</strong></span> 
     </span>
     <span class='ocr_line' id='line_1_11' title="bbox 425 1717 2982 1807; baseline 0.004 -29"><span class='ocrx_word' id='word_1_85' title='bbox 425 1717 752 1780; x_wconf 86' lang='lat' dir='ltr'><strong>fecerunt</strong></span> <span class='ocrx_word' id='word_1_86' title='bbox 801 1720 1162 1800; x_wconf 75' lang='lat' dir='ltr'><strong>longiores</strong></span> <span class='ocrx_word' id='word_1_87' title='bbox 1213 1720 1390 1780; x_wconf 89' lang='lat' dir='ltr'><strong>duos</strong></span> <span class='ocrx_word' id='word_1_88' title='bbox 1461 1718 1725 1798; x_wconf 84' lang='lat' dir='ltr'><strong>digitos</strong></span> <span class='ocrx_word' id='word_1_89' title='bbox 1793 1719 1971 1781; x_wconf 67' lang='lat'>‘1800</span> <span class='ocrx_word' id='word_1_90' title='bbox 2056 1722 2372 1803; x_wconf 86' lang='lat' dir='ltr'><strong>rusticis,</strong></span> <span class='ocrx_word' id='word_1_91' title='bbox 2442 1723 2511 1784; x_wconf 89' lang='lat' dir='ltr'><strong>in</strong></span> <span class='ocrx_word' id='word_1_92' title='bbox 2582 1727 2982 1807; x_wconf 60' lang='lat' dir='ltr'><strong>exemplum</strong></span> 
     </span>
     <span class='ocr_line' id='line_1_12' title="bbox 425 1819 1630 1905; baseline 0.006 -20"><span class='ocrx_word' id='word_1_93' title='bbox 425 1824 952 1905; x_wconf 87' lang='lat' dir='ltr'><strong>fidefragorum.</strong></span> <span class='ocrx_word' id='word_1_94' title='bbox 1625 1819 1630 1826; x_wconf 44' lang='lat'><strong><em>⁹</em></strong></span> 
     </span>
    </p>

    <p class='ocr_par' dir='ltr' id='par_1_4' title="bbox 421 1914 2986 3511">
     <span class='ocr_line' id='line_1_13' title="bbox 605 1914 2986 2018; baseline 0.003 -26"><span class='ocrx_word' id='word_1_95' title='bbox 605 1931 685 1992; x_wconf 90' lang='lat' dir='ltr'><strong>In</strong></span> <span class='ocrx_word' id='word_1_96' title='bbox 751 1932 1019 2013; x_wconf 91' lang='lat' dir='ltr'><strong>oppido</strong></span> <span class='ocrx_word' id='word_1_97' title='bbox 1066 1914 1421 2013; x_wconf 85' lang='lat' dir='ltr'><strong>imperiali</strong></span> <span class='ocrx_word' id='word_1_98' title='bbox 1478 1932 1959 2013; x_wconf 90' lang='lat' dir='ltr'><strong>Memmingen</strong></span> <span class='ocrx_word' id='word_1_99' title='bbox 2014 1935 2398 1997; x_wconf 90' lang='lat' dir='ltr'><strong>Lutherum</strong></span> <span class='ocrx_word' id='word_1_100' title='bbox 2458 1957 2634 2018; x_wconf 67' lang='lat' dir='ltr'><strong>prae</strong></span> <span class='ocrx_word' id='word_1_101' title='bbox 2686 1939 2986 1999; x_wconf 57' lang='lat' dir='ltr'><strong>mete-ris</strong></span> 
     </span>
     <span class='ocr_line' id='line_1_14' title="bbox 433 2037 2982 2127; baseline 0.004 -30"><span class='ocrx_word' id='word_1_102' title='bbox 433 2037 679 2099; x_wconf 86' lang='lat' dir='ltr'><strong>vicinis</strong></span> <span class='ocrx_word' id='word_1_103' title='bbox 710 2041 1147 2119; x_wconf 82' lang='lat' dir='ltr'><strong>pertinacius</strong></span> <span class='ocrx_word' id='word_1_104' title='bbox 1195 2039 1415 2101; x_wconf 87' lang='lat' dir='ltr'><strong>secuti</strong></span> <span class='ocrx_word' id='word_1_105' title='bbox 1468 2050 1648 2120; x_wconf 87' lang='lat' dir='ltr'><strong>sunt,</strong></span> <span class='ocrx_word' id='word_1_106' title='bbox 1701 2051 1772 2101; x_wconf 94' lang='lat' dir='ltr'><strong>et</strong></span> <span class='ocrx_word' id='word_1_107' title='bbox 1802 2042 2367 2121; x_wconf 80' lang='lat' dir='ltr'><strong>praedicatorem</strong></span> <span class='ocrx_word' id='word_1_108' title='bbox 2418 2045 2758 2104; x_wconf 69' lang='lat' dir='ltr'><strong>adversus</strong></span> <span class='ocrx_word' id='word_1_109' title='bbox 2794 2043 2982 2127; x_wconf 70' lang='lat' dir='ltr'><strong>Epis-</strong></span> 
     </span>
     <span class='ocr_line' id='line_1_15' title="bbox 427 2145 2982 2229; baseline 0.004 -26"><span class='ocrx_word' id='word_1_110' title='bbox 427 2164 680 2225; x_wconf 89' lang='lat' dir='ltr'><strong>copum</strong></span> <span class='ocrx_word' id='word_1_111' title='bbox 728 2146 935 2208; x_wconf 90' lang='lat' dir='ltr'><strong>tutati</strong></span> <span class='ocrx_word' id='word_1_112' title='bbox 984 2158 1177 2225; x_wconf 88' lang='lat' dir='ltr'><strong>sunt,</strong></span> <span class='ocrx_word' id='word_1_113' title='bbox 1243 2145 1633 2208; x_wconf 88' lang='lat' dir='ltr'><strong>catholicos</strong></span> <span class='ocrx_word' id='word_1_114' title='bbox 1681 2150 2095 2210; x_wconf 85' lang='lat' dir='ltr'><strong>sacerdotes</strong></span> <span class='ocrx_word' id='word_1_115' title='bbox 2144 2151 2610 2229; x_wconf 82' lang='lat' dir='ltr'><strong>expellendo:</strong></span> <span class='ocrx_word' id='word_1_116' title='bbox 2678 2155 2982 2227; x_wconf 69' lang='lat' dir='ltr'><strong>tandem,</strong></span> 
     </span>
     <span class='ocr_line' id='line_1_16' title="bbox 429 2252 2986 2338; baseline 0.004 -27"><span class='ocrx_word' id='word_1_117' title='bbox 429 2261 679 2313; x_wconf 87' lang='lat' dir='ltr'><strong>senatu</strong></span> <span class='ocrx_word' id='word_1_118' title='bbox 728 2254 1018 2315; x_wconf 91' lang='lat' dir='ltr'><strong>nolente</strong></span> <span class='ocrx_word' id='word_1_119' title='bbox 1083 2252 1361 2314; x_wconf 83' lang='lat' dir='ltr'><strong>rusticis</strong></span> <span class='ocrx_word' id='word_1_120' title='bbox 1427 2253 1779 2316; x_wconf 88' lang='lat' dir='ltr'><strong>seditiosis</strong></span> <span class='ocrx_word' id='word_1_121' title='bbox 1843 2255 2179 2317; x_wconf 87' lang='lat' dir='ltr'><strong>auxilium</strong></span> <span class='ocrx_word' id='word_1_122' title='bbox 2249 2256 2468 2337; x_wconf 89' lang='lat' dir='ltr'><strong>ferre,</strong></span> <span class='ocrx_word' id='word_1_123' title='bbox 2534 2259 2986 2338; x_wconf 67' lang='lat' dir='ltr'><strong>praedicator</strong></span> 
     </span>
     <span class='ocr_line' id='line_1_17' title="bbox 429 2358 2982 2447; baseline 0.004 -29"><span class='ocrx_word' id='word_1_124' title='bbox 429 2378 823 2422; x_wconf 87' lang='lat' dir='ltr'><strong>sermonem</strong></span> <span class='ocrx_word' id='word_1_125' title='bbox 850 2361 922 2421; x_wconf 89' lang='lat' dir='ltr'><strong>in</strong></span> <span class='ocrx_word' id='word_1_126' title='bbox 945 2358 1287 2422; x_wconf 79' lang='lat' dir='ltr'><strong>Senatum</strong></span> <span class='ocrx_word' id='word_1_127' title='bbox 1313 2361 1549 2440; x_wconf 87' lang='lat' dir='ltr'><strong>vertit,</strong></span> <span class='ocrx_word' id='word_1_128' title='bbox 1582 2371 1653 2422; x_wconf 92' lang='lat' dir='ltr'><strong>et</strong></span> <span class='ocrx_word' id='word_1_129' title='bbox 1681 2361 2094 2424; x_wconf 86' lang='lat' dir='ltr'><strong>seditionem</strong></span> <span class='ocrx_word' id='word_1_130' title='bbox 2133 2363 2370 2426; x_wconf 88' lang='lat' dir='ltr'><strong>movit.</strong></span> <span class='ocrx_word' id='word_1_131' title='bbox 2420 2362 2762 2427; x_wconf 72' lang='lat' dir='ltr'><strong>Celeriter</strong></span> <span class='ocrx_word' id='word_1_132' title='bbox 2798 2364 2982 2447; x_wconf 74' lang='lat' dir='ltr'><strong>ligae</strong></span> 
     </span>
     <span class='ocr_line' id='line_1_18' title="bbox 425 2464 2978 2551; baseline 0.003 -26"><span class='ocrx_word' id='word_1_133' title='bbox 425 2464 805 2546; x_wconf 87' lang='lat' dir='ltr'><strong>implorant</strong></span> <span class='ocrx_word' id='word_1_134' title='bbox 838 2467 1197 2545; x_wconf 86' lang='lat' dir='ltr'><strong>auxilium,</strong></span> <span class='ocrx_word' id='word_1_135' title='bbox 1239 2468 1435 2529; x_wconf 87' lang='lat' dir='ltr'><strong>cuius</strong></span> <span class='ocrx_word' id='word_1_136' title='bbox 1469 2467 1825 2529; x_wconf 77' lang='lat' dir='ltr'><strong>exercitus</strong></span> <span class='ocrx_word' id='word_1_137' title='bbox 1874 2468 2155 2551; x_wconf 88' lang='lat' dir='ltr'><strong>longius</strong></span> <span class='ocrx_word' id='word_1_138' title='bbox 2202 2472 2453 2532; x_wconf 90' lang='lat' dir='ltr'><strong>aberat</strong></span> <span class='ocrx_word' id='word_1_139' title='bbox 2502 2471 2570 2532; x_wconf 89' lang='lat' dir='ltr'><strong>in</strong></span> <span class='ocrx_word' id='word_1_140' title='bbox 2606 2471 2978 2535; x_wconf 49' lang='lat' dir='ltr'><strong>lii-anconi-</strong></span> 
     </span>
     <span class='ocr_line' id='line_1_19' title="bbox 425 2573 2982 2659; baseline 0.003 -27"><span class='ocrx_word' id='word_1_141' title='bbox 425 2574 596 2652; x_wconf 88' lang='lat' dir='ltr'><strong>bus,</strong></span> <span class='ocrx_word' id='word_1_142' title='bbox 655 2573 1106 2636; x_wconf 85' lang='lat' dir='ltr'><strong>tumultuarie</strong></span> <span class='ocrx_word' id='word_1_143' title='bbox 1156 2576 1344 2636; x_wconf 87' lang='lat' dir='ltr'><strong>mille</strong></span> <span class='ocrx_word' id='word_1_144' title='bbox 1393 2575 1671 2656; x_wconf 88' lang='lat' dir='ltr'><strong>pedites</strong></span> <span class='ocrx_word' id='word_1_145' title='bbox 1721 2576 2172 2657; x_wconf 88' lang='lat' dir='ltr'><strong>colliguntur,</strong></span> <span class='ocrx_word' id='word_1_146' title='bbox 2222 2588 2293 2639; x_wconf 91' lang='lat' dir='ltr'><strong>et</strong></span> <span class='ocrx_word' id='word_1_147' title='bbox 2340 2579 2634 2640; x_wconf 82' lang='lat' dir='ltr'><strong>trecenti</strong></span> <span class='ocrx_word' id='word_1_148' title='bbox 2690 2581 2982 2659; x_wconf 63' lang='lat' dir='ltr'><strong>equites,</strong></span> 
     </span>
     <span class='ocr_line' id='line_1_20' title="bbox 424 2679 2974 2767; baseline 0.004 -29"><span class='ocrx_word' id='word_1_149' title='bbox 424 2689 494 2739; x_wconf 84' lang='lat' dir='ltr'><strong>et</strong></span> <span class='ocrx_word' id='word_1_150' title='bbox 544 2679 606 2740; x_wconf 87' lang='lat' dir='ltr'><strong>in</strong></span> <span class='ocrx_word' id='word_1_151' title='bbox 661 2682 1000 2742; x_wconf 84' lang='lat' dir='ltr'><strong>auxilium</strong></span> <span class='ocrx_word' id='word_1_152' title='bbox 1054 2680 1361 2743; x_wconf 75' lang='lat' dir='ltr'><strong>Senatus</strong></span> <span class='ocrx_word' id='word_1_153' title='bbox 1409 2682 1798 2748; x_wconf 88' lang='lat' dir='ltr'><strong>mittuntur.</strong></span> <span class='ocrx_word' id='word_1_154' title='bbox 1914 2684 2347 2746; x_wconf 76' lang='lat' dir='ltr'><strong>Duodecima</strong></span> <span class='ocrx_word' id='word_1_155' title='bbox 2404 2684 2586 2763; x_wconf 86' lang='lat' dir='ltr'><strong>Junii</strong></span> <span class='ocrx_word' id='word_1_156' title='bbox 2642 2691 2974 2767; x_wconf 75' lang='lat' dir='ltr'><strong>oppldum</strong></span> 
     </span>
     <span class='ocr_line' id='line_1_21' title="bbox 421 2785 2982 2872; baseline 0.004 -27"><span class='ocrx_word' id='word_1_157' title='bbox 421 2785 949 2864; x_wconf 80' lang='lat' dir='ltr'><strong>ingrediuntur,</strong></span> <span class='ocrx_word' id='word_1_158' title='bbox 1015 2799 1159 2850; x_wconf 89' lang='lat' dir='ltr'><strong>tres</strong></span> <span class='ocrx_word' id='word_1_159' title='bbox 1225 2788 1606 2850; x_wconf 89' lang='lat' dir='ltr'><strong>Lutherani</strong></span> <span class='ocrx_word' id='word_1_160' title='bbox 1693 2810 1855 2850; x_wconf 86' lang='lat' dir='ltr'><strong>mox</strong></span> <span class='ocrx_word' id='word_1_161' title='bbox 1910 2791 2387 2869; x_wconf 77' lang='lat' dir='ltr'><strong>decollantur,</strong></span> <span class='ocrx_word' id='word_1_162' title='bbox 2451 2813 2742 2872; x_wconf 74' lang='lat' dir='ltr'><strong>quorum</strong></span> <span class='ocrx_word' id='word_1_163' title='bbox 2806 2815 2982 2855; x_wconf 77' lang='lat' dir='ltr'><strong>unus</strong></span> 
     </span>
     <span class='ocr_line' id='line_1_22' title="bbox 424 2891 2978 2978; baseline 0.004 -25"><span class='ocrx_word' id='word_1_164' title='bbox 424 2891 653 2954; x_wconf 83' lang='lat' dir='ltr'><strong>fuerat</strong></span> <span class='ocrx_word' id='word_1_165' title='bbox 706 2894 1256 2976; x_wconf 80' lang='lat' dir='ltr'><strong>Ludimagister,</strong></span> <span class='ocrx_word' id='word_1_166' title='bbox 1323 2896 1439 2977; x_wconf 90' lang='lat' dir='ltr'><strong>qui</strong></span> <span class='ocrx_word' id='word_1_167' title='bbox 1488 2917 1678 2957; x_wconf 88' lang='lat' dir='ltr'><strong>anno</strong></span> <span class='ocrx_word' id='word_1_168' title='bbox 1728 2897 2075 2978; x_wconf 84' lang='lat' dir='ltr'><strong>superiori</strong></span> <span class='ocrx_word' id='word_1_169' title='bbox 2128 2898 2606 2960; x_wconf 83' lang='lat' dir='ltr'><strong>calendarium</strong></span> <span class='ocrx_word' id='word_1_170' title='bbox 2662 2903 2978 2963; x_wconf 51' lang='lat' dir='ltr'><strong>ediderat</strong></span> 
     </span>
     <span class='ocr_line' id='line_1_23' title="bbox 426 3000 2982 3084; baseline 0.004 -24"><span class='ocrx_word' id='word_1_171' title='bbox 426 3000 899 3063; x_wconf 87' lang='lat' dir='ltr'><strong>Lutheranum</strong></span> <span class='ocrx_word' id='word_1_172' title='bbox 952 3001 1261 3063; x_wconf 89' lang='lat' dir='ltr'><strong>omnium</strong></span> <span class='ocrx_word' id='word_1_173' title='bbox 1310 3014 1734 3083; x_wconf 89' lang='lat' dir='ltr'><strong>sanctorum,</strong></span> <span class='ocrx_word' id='word_1_174' title='bbox 1785 3004 1993 3066; x_wconf 87' lang='lat' dir='ltr'><strong>etiam</strong></span> <span class='ocrx_word' id='word_1_175' title='bbox 2042 3005 2334 3084; x_wconf 89' lang='lat' dir='ltr'><strong>Mariae,</strong></span> <span class='ocrx_word' id='word_1_176' title='bbox 2382 3007 2582 3068; x_wconf 71' lang='lat' dir='ltr'><strong>festis</strong></span> <span class='ocrx_word' id='word_1_177' title='bbox 2638 3011 2982 3071; x_wconf 63' lang='lat' dir='ltr'><strong>exclusis:</strong></span> 
     </span>
     <span class='ocr_line' id='line_1_24' title="bbox 429 3107 2978 3192; baseline 0.004 -26"><span class='ocrx_word' id='word_1_178' title='bbox 429 3107 888 3170; x_wconf 78' lang='lat' dir='ltr'><strong>Praedicator</strong></span> <span class='ocrx_word' id='word_1_179' title='bbox 947 3108 1498 3189; x_wconf 87' lang='lat' dir='ltr'><strong>Christophorus</strong></span> <span class='ocrx_word' id='word_1_180' title='bbox 1548 3111 1889 3192; x_wconf 70' lang='lat' dir='ltr'><strong>Sthaplar</strong></span> <span class='ocrx_word' id='word_1_181' title='bbox 1936 3112 2002 3173; x_wconf 88' lang='lat' dir='ltr'><strong>in</strong></span> <span class='ocrx_word' id='word_1_182' title='bbox 2061 3112 2384 3174; x_wconf 85' lang='lat' dir='ltr'><strong>muliebri</strong></span> <span class='ocrx_word' id='word_1_183' title='bbox 2455 3115 2694 3175; x_wconf 78' lang='lat' dir='ltr'><strong>habitu</strong></span> <span class='ocrx_word' id='word_1_184' title='bbox 2758 3115 2978 3175; x_wconf 58' lang='lat' dir='ltr'><strong>evasit</strong></span> 
     </span>
     <span class='ocr_line' id='line_1_25' title="bbox 427 3202 2978 3297; baseline 0.004 -24"><span class='ocrx_word' id='word_1_185' title='bbox 427 3233 577 3274; x_wconf 88' lang='lat' dir='ltr'><strong>cum</strong></span> <span class='ocrx_word' id='word_1_186' title='bbox 627 3215 948 3295; x_wconf 82' lang='lat' dir='ltr'><strong>pluribus</strong></span> <span class='ocrx_word' id='word_1_187' title='bbox 999 3216 1480 3295; x_wconf 87' lang='lat' dir='ltr'><strong>complicibus,</strong></span> <span class='ocrx_word' id='word_1_188' title='bbox 1532 3218 1649 3297; x_wconf 91' lang='lat' dir='ltr'><strong>qui</strong></span> <span class='ocrx_word' id='word_1_189' title='bbox 1681 3219 1769 3279; x_wconf 86' lang='lat' dir='ltr'><strong>ad</strong></span> <span class='ocrx_word' id='word_1_190' title='bbox 1821 3217 2198 3281; x_wconf 89' lang='lat' dir='ltr'><strong>seditiosos</strong></span> <span class='ocrx_word' id='word_1_191' title='bbox 2245 3202 2545 3282; x_wconf 84' lang='lat' dir='ltr'><strong>rusticos</strong></span> <span class='ocrx_word' id='word_1_192' title='bbox 2594 3235 2978 3295; x_wconf 61' lang='lat' dir='ltr'><strong>currentes,</strong></span> 
     </span>
     <span class='ocr_line' id='line_1_26' title="bbox 424 3321 2974 3404; baseline 0.004 -24"><span class='ocrx_word' id='word_1_193' title='bbox 424 3321 613 3402; x_wconf 85' lang='lat' dir='ltr'><strong>ipsos</strong></span> <span class='ocrx_word' id='word_1_194' title='bbox 662 3333 911 3385; x_wconf 90' lang='lat' dir='ltr'><strong>contra</strong></span> <span class='ocrx_word' id='word_1_195' title='bbox 960 3323 1297 3404; x_wconf 89' lang='lat' dir='ltr'><strong>oppidum</strong></span> <span class='ocrx_word' id='word_1_196' title='bbox 1370 3333 1690 3401; x_wconf 89' lang='lat' dir='ltr'><strong>movent,</strong></span> <span class='ocrx_word' id='word_1_197' title='bbox 1758 3327 1948 3404; x_wconf 87' lang='lat' dir='ltr'><strong>quod</strong></span> <span class='ocrx_word' id='word_1_198' title='bbox 1999 3336 2160 3387; x_wconf 91' lang='lat' dir='ltr'><strong>octo</strong></span> <span class='ocrx_word' id='word_1_199' title='bbox 2209 3326 2514 3389; x_wconf 86' lang='lat' dir='ltr'><strong>millibus</strong></span> <span class='ocrx_word' id='word_1_200' title='bbox 2562 3331 2974 3391; x_wconf 58' lang='lat' dir='ltr'><strong>rusticorum</strong></span> 
     </span>
     <span class='ocr_line' id='line_1_27' title="bbox 423 3429 2375 3511; baseline 0.004 -24"><span class='ocrx_word' id='word_1_201' title='bbox 423 3429 792 3492; x_wconf 89' lang='lat' dir='ltr'><strong>obsidione</strong></span> <span class='ocrx_word' id='word_1_202' title='bbox 840 3430 1239 3508; x_wconf 82' lang='lat' dir='ltr'><strong>cinxerunt,</strong></span> <span class='ocrx_word' id='word_1_203' title='bbox 1290 3430 1813 3511; x_wconf 86' lang='lat' dir='ltr'><strong>decimaquinta</strong></span> <span class='ocrx_word' id='word_1_204' title='bbox 1859 3432 2123 3493; x_wconf 84' lang='lat' dir='ltr'><strong>mensis</strong></span> <span class='ocrx_word' id='word_1_205' title='bbox 2168 3432 2375 3511; x_wconf 91' lang='lat' dir='ltr'><strong>Junii.</strong></span> 
     </span>
    </p>
   </div>
   <div class='ocr_carea' id='block_1_3' title="bbox 424 3623 2962 3709">
    <p class='ocr_par' dir='ltr' id='par_1_5' title="bbox 424 3623 2962 3709">
     <span class='ocr_line' id='line_1_28' title="bbox 424 3623 2962 3709; baseline 0.004 -25"><span class='ocrx_word' id='word_1_206' title='bbox 424 3623 990 3688; x_wconf 85' lang='lat' dir='ltr'><strong>Monasteria</strong></span> <span class='ocrx_word' id='word_1_207' title='bbox 1022 3627 1168 3688; x_wconf 91' lang='lat' dir='ltr'><strong>vel</strong></span> <span class='ocrx_word' id='word_1_208' title='bbox 1214 3627 1641 3707; x_wconf 88' lang='lat' dir='ltr'><strong>spoliata,</strong></span> <span class='ocrx_word' id='word_1_209' title='bbox 1693 3630 1825 3689; x_wconf 84' lang='lat' dir='ltr'><strong>vel</strong></span> <span class='ocrx_word' id='word_1_210' title='bbox 1874 3628 2074 3709; x_wconf 90' lang='lat' dir='ltr'><strong>igne</strong></span> <span class='ocrx_word' id='word_1_211' title='bbox 2124 3642 2437 3691; x_wconf 86' lang='lat' dir='ltr'><strong>exusta</strong></span> <span class='ocrx_word' id='word_1_212' title='bbox 2494 3631 2570 3691; x_wconf 81' lang='lat' dir='ltr'><strong>in</strong></span> <span class='ocrx_word' id='word_1_213' title='bbox 2630 3631 2962 3695; x_wconf 50' lang='lat' dir='ltr'><strong>&amp;asi-aris.</strong></span> 
     </span>
    </p>
   </div>
   <div class='ocr_carea' id='block_1_4' title="bbox 2256 4396 2269 4574">
    <p class='ocr_par' dir='ltr' id='par_1_6' title="bbox 2256 4396 2269 4574">
     <span class='ocr_line' id='line_1_29' title="bbox 2256 4396 2269 4574; baseline 0 0"><span class='ocrx_word' id='word_1_214' title='bbox 2256 4396 2269 4574; x_wconf 95' lang='lat' dir='ltr'><strong> </strong></span> 
     </span>
    </p>
   </div>
   <div class='ocr_carea' id='block_1_5' title="bbox 633 3749 2926 5013">
    <p class='ocr_par' dir='ltr' id='par_1_7' title="bbox 637 3749 2023 3815">
     <span class='ocr_line' id='line_1_30' title="bbox 637 3749 2023 3815; baseline 0.002 -3"><span class='ocrx_word' id='word_1_215' title='bbox 637 3749 1193 3813; x_wconf 83' lang='lat' dir='ltr'><strong>Ochsenhausen</strong></span> <span class='ocrx_word' id='word_1_216' title='bbox 1740 3753 2023 3815; x_wconf 85' lang='lat' dir='ltr'><strong>Beuren</strong></span> 
     </span>
    </p>

    <p class='ocr_par' dir='ltr' id='par_1_8' title="bbox 635 3857 2181 3940">
     <span class='ocr_line' id='line_1_31' title="bbox 635 3857 2181 3940; baseline 0.003 -22"><span class='ocrx_word' id='word_1_217' title='bbox 635 3857 985 3922; x_wconf 87' lang='lat' dir='ltr'><strong>Bucherm</strong></span> <span class='ocrx_word' id='word_1_218' title='bbox 1753 3859 2181 3940; x_wconf 85' lang='lat' dir='ltr'><strong>Wingarten</strong></span> 
     </span>
    </p>

    <p class='ocr_par' dir='ltr' id='par_1_9' title="bbox 635 3964 2175 4029">
     <span class='ocr_line' id='line_1_32' title="bbox 635 3964 2175 4029; baseline 0.002 -3"><span class='ocrx_word' id='word_1_219' title='bbox 635 3964 943 4027; x_wconf 89' lang='lat' dir='ltr'><strong>Marhtal</strong></span> <span class='ocrx_word' id='word_1_220' title='bbox 1432 4005 1437 4011; x_wconf 35' lang='grc' dir='ltr'><strong><em>ι</em></strong></span> <span class='ocrx_word' id='word_1_221' title='bbox 1752 3966 2175 4029; x_wconf 88' lang='lat' dir='ltr'><strong>Weisenaro</strong></span> 
     </span>
    </p>

    <p class='ocr_par' dir='ltr' id='par_1_10' title="bbox 640 4071 2179 4136">
     <span class='ocr_line' id='line_1_33' title="bbox 640 4071 2179 4136; baseline 0.002 -3"><span class='ocrx_word' id='word_1_222' title='bbox 640 4071 1007 4134; x_wconf 83' lang='lat' dir='ltr'><strong>Zwifalten</strong></span> <span class='ocrx_word' id='word_1_223' title='bbox 1289 4082 1297 4088; x_wconf 81' lang='grc'><strong>’</strong></span> <span class='ocrx_word' id='word_1_224' title='bbox 1741 4073 2179 4136; x_wconf 88' lang='lat' dir='ltr'><strong>Bickenreut</strong></span> 
     </span>
    </p>

    <p class='ocr_par' dir='ltr' id='par_1_11' title="bbox 639 4178 2154 4260">
     <span class='ocr_line' id='line_1_34' title="bbox 639 4178 2154 4260; baseline 0.004 -20"><span class='ocrx_word' id='word_1_225' title='bbox 639 4178 1131 4260; x_wconf 87' lang='lat' dir='ltr'><strong>Rochenburg</strong></span> <span class='ocrx_word' id='word_1_226' title='bbox 1741 4182 2154 4247; x_wconf 89' lang='lat' dir='ltr'><strong>Richenaro</strong></span> 
     </span>
    </p>

    <p class='ocr_par' dir='ltr' id='par_1_12' title="bbox 638 4284 2285 4354">
     <span class='ocr_line' id='line_1_35' title="bbox 638 4284 2285 4354; baseline 0.004 -8"><span class='ocrx_word' id='word_1_227' title='bbox 638 4284 1228 4348; x_wconf 88' lang='lat' dir='ltr'><strong>Wettenhausem</strong></span> <span class='ocrx_word' id='word_1_228' title='bbox 1748 4290 2285 4354; x_wconf 60' lang='lat' dir='ltr'><strong>I⁴lanckstetten</strong></span> 
     </span>
    </p>

    <p class='ocr_par' dir='ltr' id='par_1_13' title="bbox 633 4390 2163 4479">
     <span class='ocr_line' id='line_1_36' title="bbox 633 4390 2163 4479; baseline 0.004 -24"><span class='ocrx_word' id='word_1_229' title='bbox 633 4390 1142 4473; x_wconf 86' lang='lat' dir='ltr'><strong>Oberstonfalt,</strong></span> <span class='ocrx_word' id='word_1_230' title='bbox 1194 4405 1519 4456; x_wconf 82' lang='lat' dir='ltr'><strong>exustum</strong></span> <span class='ocrx_word' id='word_1_231' title='bbox 1742 4397 1815 4458; x_wconf 70' lang='lat'><strong>5.</strong></span> <span class='ocrx_word' id='word_1_232' title='bbox 1867 4396 2163 4479; x_wconf 85' lang='lat' dir='ltr'><strong>Georgii</strong></span> 
     </span>
    </p>

    <p class='ocr_par' dir='ltr' id='par_1_14' title="bbox 633 4500 2926 4800">
     <span class='ocr_line' id='line_1_37' title="bbox 640 4500 2858 4587; baseline 0.007 -27"><span class='ocrx_word' id='word_1_233' title='bbox 640 4500 1078 4561; x_wconf 86' lang='lat' dir='ltr'><strong>Edelstetten</strong></span> <span class='ocrx_word' id='word_1_234' title='bbox 1743 4501 1815 4565; x_wconf 80' lang='lat' dir='ltr'><strong>S.</strong></span> <span class='ocrx_word' id='word_1_235' title='bbox 1868 4504 2085 4567; x_wconf 88' lang='lat' dir='ltr'><strong>Blasii</strong></span> <span class='ocrx_word' id='word_1_236' title='bbox 2342 4560 2354 4572; x_wconf 92' lang='lat'><strong>.</strong></span> <span class='ocrx_word' id='word_1_237' title='bbox 2510 4560 2524 4574; x_wconf 93' lang='lat'><strong>.</strong></span> <span class='ocrx_word' id='word_1_238' title='bbox 2730 4559 2754 4571; x_wconf 38' lang='grc' dir='ltr'><em>Ἠ</em></span> <span class='ocrx_word' id='word_1_239' title='bbox 2857 4584 2858 4587; x_wconf 10' lang='lat'>¹</span> 
     </span>
     <span class='ocr_line' id='line_1_38' title="bbox 633 4563 2926 4793; baseline 0.003 -125"><span class='ocrx_word' id='word_1_240' title='bbox 633 4607 1022 4670; x_wconf 90' lang='lat' dir='ltr'><strong>Minchrott</strong></span> <span class='ocrx_word' id='word_1_241' title='bbox 1746 4609 1818 4673; x_wconf 71' lang='lat' dir='ltr'><strong>S.</strong></span> <span class='ocrx_word' id='word_1_242' title='bbox 1872 4611 2065 4673; x_wconf 89' lang='lat' dir='ltr'><strong>Petri</strong></span> <span class='ocrx_word' id='word_1_243' title='bbox 2249 4599 2270 4793; x_wconf 72' lang='grc' dir='ltr'>Ι</span> <span class='ocrx_word' id='word_1_244' title='bbox 2337 4580 2406 4621; x_wconf 70' lang='lat' dir='ltr'>m</span> <span class='ocrx_word' id='word_1_245' title='bbox 2459 4581 2662 4643; x_wconf 47' lang='lat' dir='ltr'><strong>mgni</strong></span> <span class='ocrx_word' id='word_1_246' title='bbox 2714 4563 2926 4639; x_wconf 54' lang='lat' dir='ltr'><strong>sylva</strong></span> 
     </span>
     <span class='ocr_line' id='line_1_39' title="bbox 634 4712 2193 4800; baseline 0.002 -24"><span class='ocrx_word' id='word_1_247' title='bbox 634 4712 1123 4777; x_wconf 87' lang='lat' dir='ltr'><strong>Ottenbeuren</strong></span> <span class='ocrx_word' id='word_1_248' title='bbox 1739 4716 1812 4782; x_wconf 80' lang='lat' dir='ltr'><strong>S.</strong></span> <span class='ocrx_word' id='word_1_249' title='bbox 1864 4718 2193 4800; x_wconf 83' lang='lat' dir='ltr'><strong>Truperti</strong></span> 
     </span>
    </p>

    <p class='ocr_par' dir='ltr' id='par_1_15' title="bbox 633 4816 2189 5009">
     <span class='ocr_line' id='line_1_40' title="bbox 633 4816 2189 5009; baseline 0.004 -126"><span class='ocrx_word' id='word_1_250' title='bbox 633 4821 799 4899; x_wconf 88' lang='lat' dir='ltr'><strong>Irsa,</strong></span> <span class='ocrx_word' id='word_1_251' title='bbox 849 4822 920 4884; x_wconf 93' lang='lat' dir='ltr'><strong>in</strong></span> <span class='ocrx_word' id='word_1_252' title='bbox 970 4822 1252 4902; x_wconf 88' lang='lat' dir='ltr'><strong>Algoiis</strong></span> <span class='ocrx_word' id='word_1_253' title='bbox 1742 4824 1975 4888; x_wconf 89' lang='lat' dir='ltr'><strong>Lorch</strong></span> <span class='ocrx_word' id='word_1_254' title='bbox 2164 4816 2189 5009; x_wconf 43' lang='grc' dir='ltr'><strong>ἒ</strong></span> 
     </span>
    </p>

    <p class='ocr_par' dir='ltr' id='par_1_16' title="bbox 635 4891 2486 5013">
     <span class='ocr_line' id='line_1_41' title="bbox 635 4891 2486 5013; baseline 0.003 -23"><span class='ocrx_word' id='word_1_255' title='bbox 635 4927 1075 5010; x_wconf 89' lang='lat' dir='ltr'><strong>Steingaden</strong></span> <span class='ocrx_word' id='word_1_256' title='bbox 1749 4932 2121 5013; x_wconf 86' lang='lat' dir='ltr'><strong>Adelberg</strong></span> <span class='ocrx_word' id='word_1_257' title='bbox 2234 4891 2486 4942; x_wconf 67' lang='lat' dir='ltr'>eXUSta</span> 
     </span>
    </p>
   </div>
   <div class='ocr_carea' id='block_1_6' title="bbox 471 5053 2654 5115">
    <p class='ocr_par' dir='ltr' id='par_1_17' title="bbox 471 5053 2654 5115">
     <span class='ocr_line' id='line_1_42' title="bbox 471 5053 2654 5115; baseline -0 -21"><span class='ocrx_word' id='word_1_258' title='bbox 471 5053 632 5105; x_wconf 70' lang='lat' dir='ltr'><strong>balan,</strong></span> <span class='ocrx_word' id='word_1_259' title='bbox 657 5054 945 5093; x_wconf 72' lang='lat' dir='ltr'><strong>Documenta</strong></span> <span class='ocrx_word' id='word_1_260' title='bbox 965 5055 1240 5097; x_wconf 69' lang='lat' dir='ltr'><strong>Lumen-ana.</strong></span> <span class='ocrx_word' id='word_1_261' title='bbox 2586 5059 2654 5115; x_wconf 65' lang='lat'><strong>33</strong></span> 
     </span>
    </p>
   </div>
  </div>
 </body>
</html>
