3559 5734
720 537 967 592 esim&

204 684 280 755 suoi
291 682 541 767 temporeggia
553 704 619 767 per
626 684 781 766 qualche
794 683 921 765 giorno
934 704 999 766 per
1011 685 1105 749 buon
1125 690 1285 762 roepetto
1305 680 1341 745 di
1358 686 1483 760 queste

204 812 287 857 cose
304 792 342 859 di
355 790 504 872 Guerra,
525 801 561 853 et
574 791 612 853 io
628 792 747 870 credo,
762 793 828 854 che
845 812 883 854 se
900 792 1163 855 lorohavesero
1177 787 1238 871 pit
1258 786 1445 869 risgltardo
1461 805 1485 857 a

207 898 276 967 Dio
297 901 367 969 che
391 902 426 965 al
447 898 610 965 discorso
635 898 684 961 dil
708 899 850 979 mund0,
875 906 912 965 et
934 899 1129 963 lassassero
1158 894 1215 959 far
1246 892 1402 963 eCosar
1429 910 1483 954 se·

204 1006 320 1076 cundo
345 1009 379 1069 el
401 1008 475 1073 bon
499 1026 563 1073 suo
586 1004 773 1087 proposito
798 1006 864 1069 che
886 1024 1029 1086 sempre
1045 1005 1093 1067 ha
1111 1003 1257 1081 navum,
1280 1000 1390 1069 molto
1412 1018 1481 1067 me·

204 1114 278 1197 glio
303 1135 341 1177 se
365 1115 631 1195 portarebbeno
656 1115 689 1176 le
714 1133 796 1176 cose
830 1113 926 1176 della
949 1111 1048 1177 Fede
1078 1110 1115 1173 in
1145 1129 1253 1173 causa
1285 1107 1484 1184 lutherena,

205 1232 240 1283 et
263 1240 374 1289 ancor
394 1220 458 1303 piu
480 1222 814 1302 prosperarebbeno
839 1222 872 1285 le
898 1218 1049 1285 seconde
1061 1218 1110 1283 de
1126 1214 1200 1281 Sua
1214 1213 1363 1283 Maesti..
1402 1212 1483 1283 Non

205 1337 359 1391 restamo
381 1327 472 1409 pero
496 1326 552 1393 far
574 1326 635 1395 noi
659 1327 739 1393 altri
762 1327 849 1410 ogni
871 1326 1057 1405 instantia,
1090 1334 1127 1389 et
1150 1323 1187 1389 di
1209 1325 1319 1387 breve
1342 1320 1373 1386 si
1397 1318 1485 1387 dari

206 1438 326 1499 buona
349 1435 597 1517 expeditione,
629 1444 666 1498 et
696 1434 842 1501 insieme
867 1437 938 1499 alle
961 1453 1045 1498 cose
1069 1432 1104 1495 di
1128 1429 1322 1495 Hollandia
1343 1430 1379 1493 le
1401 1429 1484 1509 qual

208 1544 341 1606 certoe
367 1544 476 1609 molto
496 1541 633 1622 inferta,
658 1550 694 1604 et
716 1561 788 1607 non
812 1543 959 1606 attendo
974 1541 1021 1607 ad
1044 1542 1146 1621 altro,
1171 1559 1209 1601 se
1226 1557 1297 1605 nou
1311 1536 1360 1605 ed
1374 1536 1485 1601 havet

205 1649 274 1715 mia
299 1648 541 1731 expeditione,
564 1668 631 1730 per
651 1650 871 1718 ,andarmene
894 1651 939 1728 le,
964 1647 1049 1715 dato
1073 1648 1139 1709 che
1162 1645 1197 1709 io
1213 1643 1337 1709 habbii
1360 1641 1485 1711 ordine

206 1754 265 1837 qui
289 1755 323 1821 in
350 1755 533 1836 Bruxella,
558 1765 592 1821 et
616 1756 675 1821 nel
698 1775 807 1836 paese
830 1755 869 1821 di
893 1753 1102 1832 Hannonis,
1126 1755 1159 1817 le
1183 1751 1278 1834 quali
1301 1748 1390 1831 pero
1414 1767 1485 1810 non

205 1864 324 1927 hanno
348 1864 458 1927 molto
482 1863 527 1925 de
548 1862 702 1944 bisogno
725 1882 790 1943 per
814 1882 885 1926 non
909 1881 1007 1925 esser
1029 1858 1156 1924 infetti.
1203 1857 1246 1921 El
1260 1855 1395 1939 peggio
1419 1855 1486 1917 che

205 1968 240 2034 io
262 1970 357 2033 vedo
380 1969 417 2035 in
439 1968 556 2050 questi
579 1966 680 2050 paesi
704 1969 722 2031 ὲ
747 1967 783 2032 di
807 1970 927 2050 quello
950 1966 1064 2035 antico
1088 1967 1155 2031 che
1169 1964 1302 2029 Vostra
1318 1959 1487 2044 signoria

206 2076 524 2143 Reverendissima
552 2076 599 2140 mi
630 2076 763 2156 scrive,
793 2077 860 2139 che
891 2076 926 2143 io
957 2074 1052 2139 debii
1083 2094 1151 2137 con
1179 2071 1267 2153 ogni
1297 2071 1487 2136 dextrezza

207 2184 293 2247 tirar
316 2186 387 2247 alla
411 2185 542 2248 diretta
565 2183 634 2248 via.
673 2183 785 2247 Ilche
810 2193 909 2246 certo
928 2201 1067 2263 sempre
1091 2179 1139 2244 mi
1162 2199 1226 2244 son
1243 2178 1380 2247 sorzato
1397 2176 1484 2242 fare.

294 2291 334 2355 L'
360 2292 451 2355 altro
486 2292 504 2354 ὲ
537 2290 560 2357 il
592 2289 695 2357 Prior
732 2289 769 2351 di
798 2287 993 2370 Augustini
1024 2288 1060 2351 in
1093 2288 1301 2367 Antwersa,
1332 2286 1368 2347 el
1400 2284 1487 2366 quoi

207 2418 279 2462 non
302 2397 364 2481 gis
387 2397 422 2461 in
447 2397 599 2479 publicis
622 2396 846 2463 sermonibus
870 2397 921 2479 (ut
944 2391 1056 2477 prius)
1080 2394 1143 2458 sed
1169 2394 1260 2459 clam
1284 2394 1412 2457 multos
1436 2391 1483 2457 in·

204 2504 295 2586 ficit,
328 2525 386 2571 ma
409 2514 536 2586 questo
560 2507 717 2575 secundo
749 2512 806 2571 est
829 2523 876 2565 ex
901 2523 943 2567 eo
966 2521 1102 2583 genere
1125 2501 1325 2565 Demonum
1347 2500 1416 2565 che
1439 2501 1486 2568 ha

206 2613 251 2681 de
274 2611 429 2694 bisogno
452 2611 489 2675 di
512 2613 653 2675 baston.
700 2610 793 2675 Pero
825 2609 873 2673 mi
902 2608 1025 2675 dubito
1050 2612 1106 2675 m'e
1130 2606 1210 2677 sari
1233 2609 1396 2688 besogno
1419 2605 1486 2677 che

207 2719 243 2783 io
287 2718 435 2800 procedi
480 2717 762 2801 rigorosamente
774 2765 784 2798 ,
832 2725 868 2780 et
910 2716 1010 2780 forza
1047 2714 1128 2779 sari
1170 2713 1294 2783 naschi
1335 2713 1487 2794 qualche

205 2826 356 2889 tumulto
397 2824 528 2906 perche
564 2826 611 2887 ho
646 2832 781 2891 tentato
828 2824 864 2885 la
904 2822 965 2889 vie
997 2821 1148 2904 pacifica
1188 2841 1254 2903 per
1287 2819 1409 2902 megio
1452 2818 1487 2883 di

205 2935 325 3001 bunne
348 2952 500 3013 persone
525 2942 561 2995 et
584 2930 717 2997 frustra
740 2933 961 3010 laboramus,
998 2940 1033 2992 et
1063 2930 1108 2993 de
1136 2931 1284 2995 lasserlo
1308 2948 1330 2991 a
1358 2936 1485 3009 questo

205 3039 313 3103 modo
335 3058 400 3120 per
415 3037 535 3102 niente
552 3039 749 3107 consultum
763 3037 915 3119 videtur,
938 3037 1070 3120 perche
1088 3037 1133 3099 de
1147 3038 1259 3101 breve
1272 3033 1486 3099 harressimo

205 3147 431 3217 renovellata
454 3155 581 3228 questa
604 3154 697 3211 setta
705 3193 715 3226 ,
738 3148 773 3212 la
797 3146 879 3227 qual
903 3143 939 3207 in
964 3144 1079 3226 questi
1103 3142 1228 3225 luoghi
1250 3143 1339 3209 hore
1362 3162 1428 3224 per
1452 3143 1487 3209 la

205 3252 325 3335 gratia
348 3252 385 3319 ,di
409 3252 479 3317 Dio
509 3253 529 3315 ὲ
561 3251 663 3334 quasi
695 3252 753 3316 del
784 3261 876 3315 tutto
900 3251 1055 3332 extinta,
1090 3258 1125 3313 et
1158 3251 1310 3313 sarebbe
1343 3247 1486 3315 omnino

206 3359 400 3423 anichilata
423 3379 462 3422 se
487 3358 517 3421 si
539 3368 683 3441 potesse
708 3360 772 3423 der
796 3359 922 3423 ordine
946 3358 1016 3421 elle
1049 3358 1118 3423 due
1146 3356 1377 3438 soprascritte
1408 3376 1486 3437 per·

205 3487 313 3546 sone,
345 3468 381 3529 al
405 3467 471 3529 che
495 3475 593 3533 certo
617 3466 722 3533 usero
747 3464 832 3547 ogni
856 3462 1043 3546 diligentia
1058 3465 1184 3527 conlo
1208 3462 1330 3526 ediuto
1354 3463 1391 3526 di
1405 3462 1486 3543 Dio,

208 3573 270 3655 qui
294 3571 647 3641 Reverendissimam
671 3580 707 3635 et
729 3571 1004 3639 illustrissimam
1019 3570 1305 3637 Dominationem
1320 3570 1487 3641 Vestram

207 3679 269 3745 diu
292 3678 432 3745 felicem
455 3688 586 3761 servet,
608 3680 710 3744 cuius
734 3700 857 3742 manus
880 3678 1074 3743 humillime
1096 3678 1295 3745 deosculor.

745 3893 951 3904 mmm

810 4124 883 4189 123.

543 4241 752 4321 Aloandor
779 4239 1152 4321 Viooonnoellurio.

635 4380 776 4444 (notus.
794 4379 921 4439 sermm
945 4378 976 4436 Ιι.
994 4378 1061 4452 iti)

675 4486 729 4558 (15.
748 4490 911 4555 Septembris
933 4487 1021 4555 1521.)

298 4610 334 4672 A
350 4609 375 4673 li
391 4606 428 4671 di
443 4606 578 4690 passati
592 4604 724 4691 partite
740 4607 785 4670 de
802 4606 957 4669 Fiandra
974 4626 1040 4691 per
1056 4605 1159 4668 Italia
1174 4605 1293 4686 quello
1309 4603 1402 4667 frate
1414 4604 1487 4683 Jos.
1521 4584 1524 4592 Δ

211 4716 408 4781 Borchardi
424 4715 469 4778 de
485 4713 712 4796 predicatori,
737 4714 771 4777 el
786 4715 879 4795 qual,
905 4734 1005 4776 como
1030 4713 1120 4775 altre
1143 4715 1240 4775 volte
1264 4710 1399 4793 scripsi,
1424 4730 1489 4792 per

210 4827 322 4891 hever
353 4822 537 4905 predicato
569 4831 694 4885 contra
721 4820 747 4892 li
776 4820 971 4890 Lutherani
1003 4840 1048 4883 ne
1081 4820 1115 4882 lo
1146 4818 1310 4883 incendio
1342 4816 1378 4879 di
1409 4818 1488 4883 loro

237 4935 318 5002 Bdnu,
329 4949 474 4989 Documento
482 4948 621 4988 lantherus.
1296 4925 1329 4976 19
