3559 5734
827 563 886 619 043
925 560 1075 619 3268><>

309 707 531 789 praeclarum
555 707 695 772 facinus
717 718 874 772 vestrum
910 708 946 772 in
971 711 1071 774 coelo
1095 709 1210 794 ipsum
1233 710 1303 774 iam
1327 710 1454 775 emicat
1484 720 1590 794 atque

312 833 333 875 a
356 813 435 877 Deo
461 823 496 877 et
520 816 672 898 Angelis
695 818 892 898 laudatum,
917 828 1036 881 tamen
1059 829 1182 882 nostra
1205 838 1345 901 quoque
1369 820 1589 882 commenda-

310 920 407 985 tione
430 920 583 986 libenter
606 924 855 1005 prosequimur
879 934 915 988 et
939 925 1085 1007 dignum
1109 925 1204 988 omni
1237 926 1342 988 laude
1373 946 1413 988 ac
1438 928 1590 989 benevo·
1648 918 1651 923 ’

311 1029 420 1091 lentia
443 1029 566 1094 intima
589 1039 711 1093 nostra
722 1030 927 1113 iudicamus,
943 1033 1128 1095 hortantes
1142 1052 1208 1094 vos
1223 1052 1289 1113 per
1306 1033 1456 1096 eundem
1472 1033 1591 1113 Jesum

312 1136 371 1218 qui
396 1148 549 1201 mentem
573 1148 731 1202 sanctam
756 1138 859 1203 vobis
874 1140 993 1203 intulit
1007 1140 1053 1203 ad
1069 1139 1241 1221 reliquam
1256 1140 1406 1222 gloriam
1431 1143 1591 1203 salutem-

306 1263 381 1333 que
405 1246 691 1327 comparandam,
717 1257 755 1308 ut
767 1247 954 1328 Templum
978 1247 1046 1310 Dei
1071 1249 1166 1328 quod
1189 1246 1224 1310 in
1250 1247 1353 1310 vobis
1377 1257 1441 1329 est,
1464 1247 1501 1309 in
1525 1247 1591 1310 sin·
1672 1248 1676 1256 ’

312 1350 459 1415 ceritate
501 1352 576 1414 eius
613 1351 696 1415 fidei
739 1373 844 1435 quam
879 1374 901 1416 a
935 1353 1097 1436 patribus
1134 1353 1338 1436 accepistis,
1375 1354 1592 1418 custodiatis.

311 1457 402 1520 Nam
426 1479 497 1521 non
522 1461 630 1542 longe
655 1458 811 1523 futurum
835 1459 1043 1524 confidimus
1067 1460 1135 1524 Dei
1166 1459 1408 1523 misericordia
1440 1460 1591 1523 interve·

312 1564 452 1646 niente,
477 1576 550 1629 tum
575 1576 697 1630 nostra
725 1587 866 1650 quoque
892 1576 927 1631 et
951 1567 1128 1631 Caesarae
1150 1566 1349 1631 Maiestatis
1373 1567 1592 1650 aliorumque

312 1673 592 1737 orthodoxorum
615 1673 816 1758 principum
841 1695 953 1758 opera
975 1676 1188 1756 accedente,
1211 1672 1295 1756 quin
1320 1676 1415 1738 laeta
1438 1673 1515 1737 istis
1546 1677 1592 1738 ab

312 1780 453 1843 haeresi
477 1778 643 1845 fluctibus
666 1782 882 1864 restituatur,
908 1802 1058 1864 eumque
1073 1780 1179 1845 finem
1191 1782 1316 1844 horum
1331 1782 1591 1845 haereticorum

312 1888 497 1951 videamus
521 1909 622 1970 quem
648 1889 800 1953 maiores
824 1889 935 1952 nostri
959 1888 1107 1951 aliorum
1131 1888 1307 1951 viderunt.
1355 1888 1395 1951 In
1427 1908 1497 1970 quo
1529 1909 1593 1952 nos

313 2015 391 2057 cum
420 1995 516 2057 omni
547 2016 632 2059 cura
668 1996 903 2059 incumbimus
935 2004 969 2059 et
1002 1996 1121 2059 divina
1154 2016 1223 2077 ope
1253 1995 1367 2058 iuvari
1397 2015 1591 2078 speramus

314 2102 443 2165 Datum
468 2102 609 2166 Romae
634 2113 700 2167 etc.
726 2103 783 2167 die
807 2103 905 2166 VIII.
931 2102 1067 2185 Aprilis
1096 2124 1188 2183 15²4·
1236 2103 1343 2166 Anno
1367 2102 1492 2186 primo.

852 2300 1058 2313 mmm

922 2477 995 2543 148.

704 2583 863 2665 clemens
889 2584 969 2665 VII.
997 2583 1195 2686 campagis.

442 2712 535 2782 (01111.
554 2712 615 2771 vn
633 2712 736 2773 Brevia
754 2713 792 2772 ad
810 2713 951 2788 Priuelpar
969 2730 1021 2788 por
1039 2713 1202 2772 8111111111
1219 2715 1327 2788 scripta
1343 2713 1390 2773 Iol.
1408 2714 1460 2786 16.)

811 2823 867 2892 (14
885 2825 989 2890 Aprilis
1011 2821 1097 2893 1524)

405 2947 509 3028 Quod
524 2948 648 3012 scribit
663 2949 709 3011 ad
728 2969 793 3012 nos
810 2948 884 3012 cir¹⁰
910 2959 971 3012 tua
995 2969 1074 3013 esse
1098 2969 1143 3011 ex
1167 2969 1313 3012 numero
1337 2948 1475 3012 illorum
1501 2949 1604 3031 prin--

315 3053 430 3135 cipum
456 3074 604 3135 quorum
621 3064 656 3119 et
671 3056 837 3119 nobilitas
862 3066 898 3119 et
920 3057 1033 3119 virtus
1047 3056 1168 3138 magni
1191 3076 1213 3118 a
1229 3055 1331 3119 nobis
1347 3054 1514 3120 facienda
1528 3067 1591 3138 est,

316 3160 374 3242 qui
393 3171 517 3243 optent
534 3161 620 3225 cleri
633 3162 846 3226 Germaniae
861 3162 1159 3244 reformationem,
1183 3163 1329 3225 multum
1346 3181 1411 3244 per
1426 3182 1504 3225 eam
1518 3183 1591 3225 rem

316 3268 361 3330 ad
382 3269 559 3331 tollendas
583 3268 776 3333 seditiones
799 3279 835 3333 et
858 3273 1027 3334 tumultus
1048 3268 1349 3333 schismaticorum
1371 3268 1590 3351 profuturam

317 3374 543 3453 arbitrentur,
568 3374 605 3438 id
621 3376 724 3440 nobis
740 3376 941 3459 intelligere
956 3377 1023 3439 fuit
1038 3376 1335 3439 iucundissimum.
1382 3374 1476 3457 Quid
1500 3375 1591 3439 enim

315 3481 412 3546 aliud
435 3504 511 3563 1105,
535 3493 768 3565 posteaquam
801 3485 847 3547 ad
878 3486 946 3547 hoc
970 3485 1151 3567 pastorale
1175 3482 1329 3546 officium
1354 3482 1474 3544 dlvina
1497 3480 1591 3546 boni·

315 3598 389 3654 tate
419 3590 537 3653 vocati
560 3590 703 3671 fuimus,
737 3600 798 3653 aut
828 3591 1063 3673 cogitavimus
1095 3599 1156 3654 aut
1187 3588 1387 3672 optavimus
1422 3610 1525 3672 quam
1556 3589 1588 3652 in

316 3697 476 3760 Ecclesia
499 3696 568 3759 Dei
592 3697 773 3779 corrigere
797 3718 888 3779 quae
913 3699 1110 3780 depravata
1137 3706 1219 3761 sunt
1249 3706 1284 3759 et
1315 3696 1410 3759 illam
1442 3696 1476 3759 ln
1506 3696 1590 3759 anti·

317 3824 422 3886 quum
453 3805 680 3887 splendorem
714 3825 824 3886 purae
858 3813 894 3868 et
927 3825 1034 3869 verae
1063 3803 1246 3886 religionis
1275 3824 1461 3885 revocare,
1494 3802 1591 3867 cuius

316 3911 428 3974 nostri
453 3911 621 3974 desiderii
644 3912 759 3976 Deum
784 3921 911 3975 testem
935 3913 1107 3975 habemus
1136 3922 1171 3975 et
1203 3911 1308 3974 cirum
1337 3910 1442 3974 etiam
1474 3912 1590 3973 tuam?

316 4017 389 4081 Sed
414 4019 601 4101 quominus
625 4019 742 4083 statim
767 4022 813 4082 ab
836 4019 938 4083 initio
962 4020 997 4083 in
1022 4022 1113 4082 hanc
1137 4040 1212 4083 rem
1235 4027 1271 4082 et
1295 4038 1384 4100 opus
1414 4018 1588 4081 incumbe-

317 4145 434 4188 remus
470 4125 562 4189 aliae
597 4126 781 4208 graviores
814 4136 850 4189 et
878 4127 1106 4190 instantiores
1142 4146 1248 4189 curae
1275 4125 1418 4188 fuerunt
1448 4123 1589 4207 impedi-

315 4241 454 4313 ment0,
487 4254 565 4296 cum
597 4233 690 4297 enim
720 4235 766 4297 ad
798 4236 958 4299 sedanda
981 4234 1210 4299 acerbissima
1233 4235 1329 4297 bella
1352 4232 1480 4313 quibus
1504 4230 1589 4294 chri·

315 4339 450 4403 stianus
474 4340 571 4403 orbis
593 4339 723 4422 flagrat
746 4341 942 4423 universus,
966 4362 1044 4406 cum
1069 4342 1114 4404 ad
1138 4340 1350 4404 imminentis
1374 4348 1410 4402 et
1433 4337 1591 4421 urgentis

315 4447 523 4510 ferocissimi
536 4448 674 4511 Turcae
690 4448 841 4530 impetus
857 4449 1055 4531 evitandos,
1072 4469 1150 4512 cum
1165 4449 1211 4510 ad
1226 4467 1315 4528 eam,
1330 4466 1420 4527 quae
1437 4445 1540 4508 nobis
1557 4453 1591 4507 et

316 4553 352 4616 in
367 4575 487 4617 amore
507 4563 543 4617 et
558 4554 594 4617 in
611 4554 779 4637 opinione
794 4554 934 4619 virtutis
950 4555 1143 4639 potissima,
1166 4555 1202 4618 in
1215 4552 1440 4618 Germaniam
1456 4554 1590 4616 domes·

316 4659 394 4723 tieis
432 4659 532 4723 malis
562 4660 783 4725 liberandam
815 4662 934 4726 omnia
967 4662 1084 4725 studia
1120 4671 1156 4726 et
1191 4660 1338 4725 consilia
1376 4667 1498 4722 nostra
1529 4658 1590 4722 vix

315 4766 507 4831 suffectura
531 4788 771 4849 cerneremus,
806 4789 877 4832 non
902 4770 1066 4833 duximus
1090 4770 1136 4832 ad
1160 4777 1336 4831 tantarum
1360 4786 1476 4829 rerum
1501 4786 1590 4829 onus

314 4875 405 4938 hunc
430 4875 535 4939 etiam
558 4878 717 4940 laborem
740 4874 1002 4940 reformationis
1025 4875 1142 4940 subito
1158 4876 1359 4939 addendum
1374 4893 1464 4955 esse,
1488 4892 1587 4954 prae·
