3559 5734
674 506 732 561 043
771 502 804 561 81
846 502 904 559 ΕΜ

39 680 41 743 j
152 653 231 716 delli
255 652 323 716 mei
348 652 505 735 pericoli,
530 651 662 715 fatiche
687 661 722 715 et
746 652 949 715 necessitati
975 671 1040 732 per
1063 651 1097 713 le
1122 649 1216 731 quali
1240 671 1296 712 me
1310 651 1429 712 hanno

152 780 281 822 summa
313 759 578 841 compassione,
612 762 677 822 che
712 758 820 840 dopoi
845 778 933 821 sono
962 768 1046 820 nato
1071 758 1140 820 mai
1164 777 1252 820 sono
1277 765 1370 819 stato
1395 756 1431 818 in

39 946 40 951 ἵ
152 876 246 930 tanta
269 867 412 931 miseria
438 876 472 930 et
497 865 695 947 afflittione,
730 886 845 949 neque
870 865 1000 928 obiicio
1025 864 1187 948 profecto
1216 865 1280 927 sed
1306 864 1433 926 iterum

39 1006 40 1057 i
151 987 289 1057 repete,
314 978 380 1039 che
404 995 470 1038 con
495 974 612 1038 falsita
638 996 708 1038 non
732 976 941 1038 detrahatur
964 972 1091 1037 honori
1115 993 1204 1053 me0,
1236 975 1301 1035 che
1326 973 1433 1034 credo

153 1083 224 1147 chel
251 1084 406 1147 Diabolo
436 1082 568 1166 instiga
599 1092 767 1164 questoro
802 1091 1096 1163 expressamente
1130 1079 1227 1143 accio
1258 1081 1324 1142 che
1352 1079 1387 1141 io
1412 1099 1433 1140 o

153 1190 271 1273 creppi
303 1190 339 1253 di
368 1192 492 1253 dolore
517 1210 538 1252 o
563 1210 618 1253 me
650 1190 755 1253 amali
784 1189 845 1271 piu
878 1190 922 1251 de
951 1191 985 1251 lo
1011 1190 1076 1251 che
1101 1208 1207 1269 sone,
1242 1208 1263 1250 o
1288 1188 1353 1249 che
1378 1206 1434 1248 me

39 1306 40 1367 ζ
153 1297 237 1359 ritiri
262 1307 298 1360 et
321 1294 405 1359 lassi
430 1297 489 1359 del
513 1305 604 1359 tutto
629 1306 757 1378 questa
780 1289 946 1378 impresa,
973 1316 1043 1378 quo
1068 1296 1156 1359 nihil
1181 1306 1275 1358 esset
1299 1292 1435 1376 gratius

155 1403 363 1466 lutheranis
388 1404 560 1466 omnibus.
597 1404 626 1465 Il
651 1404 716 1466 che
741 1403 810 1466 mai
834 1402 913 1465 fard
938 1401 1009 1465 fino
1035 1404 1100 1465 che
1124 1402 1207 1465 vedi
1224 1403 1289 1464 che
1304 1401 1435 1464 Nostro
1472 1392 1474 1397 ’

154 1508 304 1592 Signore
336 1531 357 1573 o
383 1508 707 1593 VostraSignoria
732 1510 807 1573 R¹¹¹⁸
839 1510 924 1573 doni
948 1510 1030 1573 fede
1055 1511 1124 1573 alle
1149 1510 1322 1572 calumnie
1345 1509 1436 1571 false

154 1617 185 1678 di
209 1618 328 1700 questi
352 1617 527 1698 maledici,
551 1618 611 1680 alli
635 1618 731 1699 quali
755 1616 825 1681 Dio
849 1616 1010 1699 perdoni.

240 1724 351 1789 Cesar
382 1727 428 1788 ha
462 1725 522 1808 gia
548 1726 670 1789 scritto
703 1727 773 1789 alla
807 1724 1000 1788 universit‘a
1034 1723 1069 1786 di
1101 1722 1242 1787 Vienna
1273 1733 1437 1806 resposta

153 1836 214 1896 che
238 1833 428 1896 brusciano
453 1833 571 1896 statim
602 1833 719 1915 questi
749 1832 879 1911 libri¹);
911 1832 996 1894 item
1027 1832 1074 1894 ha
1097 1833 1264 1894 concluso
1288 1832 1437 1894 mandar

153 1961 220 2002 uno
245 1960 309 2002 suo
334 1939 527 2003 secretario
551 1939 587 2001 in
604 1939 761 2002 Fiandra
783 1962 805 2002 a
829 1939 959 2022 pigliar
983 1938 1063 2001 libri
1085 1938 1279 2003 Lutherani
1303 1948 1339 2002 et
1361 1938 1436 2001 iau-

154 2048 220 2110 tori
253 2058 289 2109 et
322 2046 490 2129 piacemi,
524 2048 654 2129 perche
680 2049 698 2109 ὲ
723 2067 793 2110 uno
825 2047 894 2110 mio
924 2047 1061 2127 grande
1087 2046 1212 2109 Amico
1236 2047 1366 2109 huomo
1393 2046 1439 2108 da

155 2156 253 2234 bene,
282 2155 317 2215 al
343 2156 446 2236 quale
470 2154 517 2215 ho
542 2155 624 2216 date
649 2162 740 2216 tutte
765 2157 799 2216 le
823 2129 1052 2231 instruttioni,
1087 2168 1122 2215 et
1146 2152 1241 2215 modi
1266 2152 1378 2216 debiti
1403 2165 1438 2215 et

156 2282 191 2323 se
221 2260 300 2323 lara
332 2260 354 2322 l'
371 2260 489 2324 officio
523 2260 604 2323 sara
638 2281 721 2323 cosa
755 2259 993 2340 sanctissima,
1030 2260 1160 2341 perche
1194 2269 1286 2322 tutto
1320 2261 1438 2342 quello

155 2388 261 2449 paese
286 2369 304 2431 ὲ
329 2367 456 2430 infetto
480 2388 546 2449 per
569 2368 759 2431 seddution
784 2368 820 2429 di
845 2367 993 2430 Erasmo
1026 2379 1061 2429 et
1091 2366 1255 2449 complici
1286 2367 1346 2448 piu
1373 2369 1438 2429 che

39 2492 40 2499 ¹
156 2475 234 2537 tutti
265 2475 289 2538 li
321 2476 439 2537 luochi
472 2475 507 2537 di
532 2474 743 2552 Germania,
777 2475 872 2556 quod
904 2473 1067 2555 profecto
1092 2494 1163 2536 non
1188 2485 1282 2538 esset
1306 2495 1344 2537 se
1368 2495 1438 2536 non

157 2582 250 2645 fusse
268 2583 303 2644 la
327 2601 435 2644 causa
459 2582 524 2644 che
548 2581 583 2643 io
600 2582 698 2655 dico;
724 2582 809 2664 quid
827 2581 920 2643 enim
937 2578 1140 2644 Saxonibus
1157 2602 1235 2644 cum
1251 2581 1439 2645 Flandris?

157 2689 200 2751 Et
230 2700 358 2770 questo
384 2690 402 2750 ὲ
427 2688 628 2768 verissimo,
661 2699 697 2752 et
726 2688 787 2770 piu
812 2688 941 2770 grandi
965 2687 1214 2767 Justilicationi
1239 2710 1284 2752 ne
1307 2690 1372 2768 he,
1406 2691 1440 2751 le

158 2796 248 2876 quali
274 2816 347 2858 non
370 2815 478 2877 posso
504 2794 637 2859 scriver
662 2797 695 2857 al
720 2805 905 2876 presente,
940 2796 983 2858 ne
1009 2796 1078 2859 mai
1103 2797 1148 2859 ho
1172 2798 1305 2859 havuto
1330 2796 1439 2859 inimi-

158 2903 235 2966 citie
269 2925 348 2966 cum
373 2902 530 2966 Erasmo.
579 2902 671 2965 Anci
703 2924 768 2984 per
799 2906 834 2966 la
864 2924 929 2965 sua
960 2903 1116 2965 dottrina
1142 2904 1162 2965 l'
1180 2924 1258 2966 amo
1284 2904 1320 2965 di
1343 2907 1440 2966 buon

159 3030 277 3083 cuore;
303 3008 375 3072 cosi
389 3009 458 3071 Dio
483 3008 530 3071 mi
554 3009 676 3072 adiuti.
713 3007 787 3071 Sed
811 3011 925 3092 magis
950 3031 1029 3073 amo
1053 3010 1250 3091 veritatem,
1274 3010 1380 3074 fidem
1406 3020 1441 3072 et

162 3117 283 3179 Deum.
320 3116 362 3178 El
379 3114 572 3179 Confessor
596 3116 642 3177 mi
665 3117 713 3179 ha
737 3118 836 3179 detto
861 3118 926 3180 che
951 3117 979 3180 si
1004 3120 1106 3180 trovd
1131 3117 1244 3199 hoggi
1268 3120 1361 3180 dove
1377 3117 1439 3180 Ce-

160 3242 217 3285 sar
239 3224 403 3285 concluse
426 3222 462 3285 in
487 3224 521 3285 el
545 3222 700 3285 conselio
725 3235 863 3287 secreto
889 3236 925 3287 et
950 3224 1176 3306 commandb‚
1201 3227 1267 3288 che
1293 3226 1322 3288 si
1345 3246 1439 3287 man-

161 3331 261 3393 dasse
293 3331 410 3393 subito
438 3350 509 3392 uno
534 3331 569 3393 in
594 3331 805 3414 Antwerpia
830 3341 865 3394 et
889 3332 934 3394 ad
960 3332 1039 3394 altri
1064 3331 1188 3415 luoghi
1213 3333 1248 3394 di
1272 3333 1441 3412 Fiandra,

161 3457 224 3518 per
246 3437 300 3500 far
325 3439 382 3499 del
407 3447 498 3500 tutto
523 3438 682 3520 extirpar
706 3439 731 3500 li
755 3439 835 3501 libri
860 3441 905 3501 de
922 3439 1065 3520 Luther,
1090 3450 1126 3502 et
1150 3440 1253 3522 piliar
1268 3440 1292 3502 li
1308 3439 1442 3502 fautori

163 3553 196 3605 et
226 3544 280 3606 far
313 3545 399 3626 ogni
423 3546 587 3607 absoluta
610 3545 832 3626 provisione,
856 3545 880 3608 il
905 3548 971 3609 che
1000 3546 1079 3609 sara
1104 3568 1188 3611 cosa
1212 3548 1442 3628 sanctissima,

163 3651 291 3730 purch&
316 3652 344 3713 si
370 3651 460 3714 faeci
484 3651 508 3714 il
533 3652 655 3715 debito
679 3673 744 3734 per
768 3652 793 3715 li
817 3654 1019 3732 executori,
1045 3655 1176 3735 perche
1205 3665 1297 3718 tutto
1324 3656 1443 3736 quello

104 3842 108 3853 1
163 3777 268 3837 paese
292 3780 357 3841 per
372 3759 519 3822 Erasmo
544 3769 579 3822 et
603 3766 679 3823 suoi
704 3759 834 3823 fautori
859 3761 877 3823 ἐ
903 3761 1044 3823 sedotto
1069 3773 1103 3823 et
1128 3782 1234 3843 perso
1259 3762 1294 3823 in
1319 3772 1445 3844 questa

164 3867 309 3930 heresia.
357 3868 390 3929 Α
416 3867 548 3930 Vostra
571 3867 890 3931 Reverendissima
914 3868 950 3931 S.
976 3869 1128 3950 genibus
1159 3868 1261 3932 flexis
1279 3871 1379 3931 -baso
1412 3871 1444 3930 le

166 3993 268 4037 mam.

253 4098 457 4162 Vormatiae
485 4098 607 4162 ultima
631 4099 816 4163 Februarii
841 4100 1025 4166 MDXXI.

168 4249 373 4259 ,Μῃ-

189 4332 209 4387 Ι)
239 4331 304 4379 Vide
324 4334 436 4381 Docum.
459 4343 483 4394 7.

200 4959 430 5037 Baluuhllocumonta
441 4964 577 5007 Lrnbemuu.
