3559 5734
709 527 938 583 ο’(Σί47ἓῖθο

183 674 286 737 Dieta
309 677 508 758 provedino
534 685 569 738 ot
593 676 767 739 smorzino
790 675 813 739 l'
830 674 995 738 incendio
1020 673 1139 736 avanti
1164 673 1231 736 che
1248 675 1386 754 prenda
1402 674 1461 756 piu

181 783 270 845 oltre
294 784 361 845 che
385 783 447 865 poi
470 802 540 845 non
566 781 647 845 sara
670 782 731 864 piu
754 782 791 845 in
815 780 949 845 saculta
973 782 1067 861 loro,
1097 791 1133 844 et
1156 782 1275 862 quella
1299 779 1462 860 >latione

181 891 284 971 quale
316 889 365 952 fin
396 889 456 972 qui
480 890 500 952 ὲ
524 899 618 953 stata
644 893 680 953 la
703 891 764 973 piu
789 889 967 953 catholica
990 899 1026 951 et
1049 887 1110 969 piu
1135 897 1344 951 osservante
1369 889 1463 951 della

180 995 276 1060 Sede
301 997 511 1079 Apostolica
545 1000 611 1061 che
644 1007 734 1061 tutte
764 997 786 1060 l'
802 999 910 1067 altre;
944 994 1025 1059 sara
1058 996 1093 1057 la
1116 993 1177 1076 piu
1201 994 1403 1086 vituperata
1428 1009 1463 1058 et

180 1104 311 1167 infame
342 1107 408 1167 che
438 1106 474 1167 la
496 1106 657 1168 Bohema
691 1114 727 1168 et
757 1114 847 1167 tutte
879 1103 901 1165 1²
917 1105 1023 1175 altre;
1058 1111 1094 1165 et
1124 1103 1190 1164 che
1215 1100 1244 1163 si
1269 1101 1344 1164 dira
1370 1104 1462 1166 nelle

179 1211 288 1276 storie
313 1222 348 1274 et
372 1213 505 1276 Annali
529 1213 557 1275 si
582 1222 677 1276 sotto
701 1218 729 1276 sl
753 1213 893 1295 grande
908 1211 1129 1293 Imperatore
1153 1209 1219 1271 che
1244 1210 1290 1271 da
1306 1209 1462 1273 Romani

178 1318 213 1380 in
235 1319 307 1400 qua
322 1340 392 1382 non
417 1319 454 1382 fu
478 1318 501 1382 il
527 1319 723 1402 maggiore‚
748 1322 782 1382 la
799 1317 993 1382 Germania
1016 1317 1045 1380 si
1069 1316 1197 1378 ribella
1218 1326 1253 1379 et
1268 1317 1365 1379 dalla
1379 1316 1463 1380 fede

179 1436 213 1487 et
238 1427 299 1488 dal
322 1446 386 1488 suo
403 1425 578 1506 Imperio?
604 1447 660 1488 ma
684 1425 743 1489 voi
767 1437 910 1507 saprete
935 1426 1044 1488 molto
1069 1423 1200 1505 meglio
1225 1422 1301 1486 fare
1321 1435 1357 1486 et
1375 1424 1462 1503 dire,

178 1535 245 1595 che
266 1533 326 1596 noi
341 1533 533 1611 ricordare,
558 1533 646 1615 pero
670 1553 715 1595 ne
739 1531 951 1595 rimettiamo
976 1533 1047 1594 alla
1070 1530 1261 1613 prudentia
1284 1542 1405 1594 vostra
1427 1542 1463 1594 et

177 1641 237 1702 del
256 1639 502 1721 protonotario
519 1639 676 1719 insieme,
701 1660 746 1702 ne
770 1639 865 1719 quali
883 1638 1014 1701 Nostro
1032 1636 1185 1720 Signore
1201 1636 1343 1700 confida
1359 1648 1461 1703 tutto.

269 1747 314 1809 Vi
347 1747 376 1809 si
407 1748 535 1809 manda
566 1767 612 1809 un
636 1749 728 1809 altro
752 1747 844 1809 libro
869 1748 927 1809 del
952 1745 1060 1808 Frate
1085 1743 1276 1808 Ambrosio
1306 1746 1463 1808 secondo

176 1855 213 1916 la
243 1854 411 1916 dimanda
443 1864 584 1932 vostra,
618 1864 654 1916 et
681 1874 703 1916 a
726 1853 775 1915 lui
806 1853 834 1915 si
859 1854 877 1915 ὲ
903 1854 987 1915 data
1020 1872 1105 1915 cura
1137 1854 1203 1915 che
1237 1853 1418 1933 responde
1442 1874 1463 1914 a

178 1960 294 2041 questi
317 1961 446 2024 veneni
473 1960 508 2022 di
530 1962 612 2041 quel
637 1959 791 2041 pessimo
814 1960 910 2041 quali
928 1961 1017 2022 hora
1035 1960 1188 2024 scrivete
1206 1959 1364 2021 mandati
1382 1961 1461 2040 qui.

267 2070 303 2130 A
326 2067 386 2130 noi
408 2069 518 2130 molto
544 2067 702 2149 dispiace
726 2067 749 2130 il
774 2069 844 2130 mal
869 2077 991 2129 vostro
1009 2078 1044 2129 et
1063 2066 1099 2127 vi
1116 2066 1337 2129 exhortiamo
1355 2087 1462 2148 sopra

182 2186 270 2238 tutto
296 2197 317 2237 a
341 2195 465 2238 curare
489 2177 522 2237 la
547 2174 662 2237 sanita
686 2185 807 2237 vostra
832 2184 867 2236 et
892 2184 987 2236 stare
1008 2173 1043 2236 di
1059 2176 1155 2235 bono
1175 2173 1302 2252 anime,
1320 2195 1460 2255 persua·

179 2284 334 2346 dendovi
358 2283 424 2345 che
448 2285 485 2344 la
508 2281 647 2344 Santiti
673 2282 708 2343 di
732 2281 864 2344 Nostro
889 2280 1043 2363 Signore
1068 2280 1087 2343 ὲ
1113 2281 1148 2342 di
1172 2281 1230 2342 voi
1255 2292 1354 2344 tanto
1383 2302 1461 2344 con·

177 2400 276 2453 tenta
306 2399 439 2472 quanto
470 2388 627 2471 possiate
652 2388 889 2468 desiderarvi‚
923 2408 1024 2451 come
1048 2388 1108 2470 poi
1132 2408 1198 2469 per
1221 2388 1244 2451 li
1270 2388 1381 2451 effetti
1406 2409 1460 2452 co·

178 2507 376 2576 noscerem,
400 2496 424 2558 li
458 2496 553 2577 quali
578 2495 636 2558 noi
661 2495 772 2557 siamo
797 2516 937 2576 sempre
962 2515 1027 2575 per
1051 2514 1252 2575 procurare.
1301 2497 1460 2565 Beneva-

177 2606 260 2683 lete,
285 2602 541 2666 Consortamini
566 2613 602 2665 et
624 2601 736 2665 nolite
761 2602 896 2681 timere,
921 2622 1002 2664 nam
1028 2604 1125 2664 Deus
1149 2622 1214 2682 pro
1240 2603 1352 2664 nobis.

266 2711 470 2773 Florentiae
495 2710 528 2769 V
532 2710 556 2771 l.
581 2706 686 2772 Febr.
711 2708 894 2772 MDXXI.

1128 2823 1229 2886 vertor
1246 2823 1353 2894 tntu,

1059 2914 1425 2967 vice-Cancellarius,

791 3326 842 3389 19.

512 3442 722 3522 Aleauder
750 3442 1121 3522 vicecancellario.

604 3572 745 3637 (Nuuolut.
765 3572 892 3632 deman
904 3559 941 3629 ⁴Ia.
959 3573 1025 3643 tet)

568 3671 620 3741 (Ex
644 3675 795 3723 Wormatia
820 3674 845 3722 6.
871 3675 949 3722 Febr.
982 3674 1068 3741 1521.)

267 3781 337 3843 Per
367 3782 492 3843 obviar
519 3781 581 3863 piir
605 3783 671 3844 che
696 3781 725 3843 si
749 3791 834 3863 pote
858 3802 879 3844 a
904 3780 1019 3862 questi
1042 3781 1182 3843 tumulti
1207 3780 1243 3843 di
1267 3781 1458 3844 Germania

179 3899 213 3948 et
228 3887 390 3968 prohibir
404 3888 505 3950 stridi
522 3889 588 3951 che
609 3888 719 3950 fanno
743 3888 779 3951 in
804 3898 931 3969 questa
956 3887 1085 3968 diaeta,
1109 3909 1196 3970 pare
1221 3909 1319 3951 esser
1339 3909 1459 3951 neces·

179 3994 272 4057 sario
287 3995 459 4077 imprimis
483 3995 782 4060 universalmente
807 4015 957 4058 revocar
981 3996 1066 4075 ogni
1090 4015 1246 4075 reserva,
1270 3997 1459 4076 presertim

180 4100 267 4164 latta
298 4122 377 4164 cum
409 4103 644 4184 derogatione
668 4103 982 4183 concordatorum,
1017 4103 1110 4165 etin
1135 4102 1291 4166 futurum
1316 4102 1460 4167 schiffar

180 4210 248 4271 tale
273 4210 508 4290 derogatione
532 4212 675 4292 quando
700 4209 794 4272 mille
818 4213 916 4272 volte
942 4208 1051 4272 Cesar
1074 4210 1109 4271 la
1133 4211 1378 4272 demandasse.

267 4317 438 4379 Preterea
461 4330 497 4379 et
520 4316 556 4378 in
579 4316 738 4399 presenti
762 4318 873 4379 veder
898 4316 933 4378 di
958 4315 1013 4377 far
1037 4337 1075 4378 se
1097 4318 1248 4397 qualche
1264 4315 1325 4379 lite
1341 4318 1459 4398 pende

180 4442 284 4484 ancor
310 4422 469 4485 indecisa
492 4444 559 4505 per
582 4423 687 4505 vigor
711 4424 746 4486 di
771 4425 820 4485 tal
845 4422 1079 4505 derogatione
1104 4444 1125 4485 0
1150 4425 1231 4486 altri
1255 4425 1376 4506 moggi
1393 4427 1472 4487 che*

180 4528 285 4592 fanno
310 4532 501 4593 tumultuat
525 4540 704 4612 questor0‚
729 4533 795 4593 che
812 4529 853 4593 N.
871 4528 908 4592 S.
931 4532 966 4593 la
983 4531 1146 4612 extingui
1164 4540 1199 4593 et
1215 4531 1239 4593 li
1254 4531 1457 4612 impetranti

181 4636 346 4700 habbiino
367 4637 540 4721 patientia
556 4658 621 4719 per
645 4647 770 4719 questa
787 4640 894 4717 volta,
910 4637 1042 4719 perche
1058 4638 1204 4718 expedit
1220 4658 1355 4719 paucos
1370 4639 1458 4700 mori

182 4762 242 4822 pro
267 4747 412 4827 popule,
438 4755 536 4807 tanto
562 4744 622 4825 piu
647 4747 712 4807 che
737 4745 794 4807 chi
817 4746 937 4807 hanno
961 4744 1151 4826 impetrato
1167 4764 1255 4807 sono
1272 4744 1396 4817 ricchi;
1423 4755 1458 4806 et

184 4850 209 4911 si
231 4855 392 4933 proveda
415 4875 436 4914 a
461 4852 555 4914 mille
571 4852 924 4934 stangheggiamenti
941 4853 1006 4913 che
1024 4861 1191 4933 questore
1207 4852 1236 4914 si
1254 4855 1457 4915 lamentano
