3559 5734
808 538 1054 594 welfi-88*

292 683 337 744 de
367 683 426 765 piu
452 683 616 767 privilegi
648 696 683 748 et
707 686 964 748 consuetudini.
1012 687 1118 748 Della
1148 687 1332 767 prebenda
1363 707 1470 767 super
1501 706 1571 767 qua

292 788 360 852 iam
377 791 585 873 composuit,
606 794 671 855 dar
686 795 804 855 buone
821 795 945 873 parole
960 793 1031 855 fino
1056 795 1127 855 alla
1143 775 1336 856 resolution
1354 794 1448 856 della
1464 794 1570 856 dieta.

380 899 573 962 Praeterea
597 901 714 980 quelle
741 901 858 982 gratie
882 901 948 963 che
971 900 1006 962 io
1031 900 1235 979 demandai,
1267 922 1333 983 per
1357 904 1389 964 el
1413 909 1569 964 maestro

292 1005 350 1065 del
382 1006 538 1068 oratorio
573 1006 609 1067 di
641 1007 750 1070 Cesar
781 1028 852 1069 uno
886 1008 1170 1089 protonotariato
1204 1008 1239 1070 in
1274 1007 1387 1089 bulla,
1421 1029 1490 1070 una
1522 1009 1570 1069 di·

291 1132 421 1192 spensa
452 1133 517 1194 per
547 1134 593 1176 un
617 1113 690 1176 filio
721 1114 756 1177 di
788 1135 834 1176 un
858 1115 994 1196 portier
1023 1114 1058 1176 di
1084 1114 1193 1178 Cesar
1223 1124 1259 1177 et
1282 1125 1380 1178 certa
1404 1114 1571 1196 dispensa

291 1239 357 1299 per
380 1221 413 1282 el
438 1222 557 1283 dottor
573 1222 747 1284 Brucardi
768 1223 902 1285 ordinis
926 1222 1210 1304 praedicatorum
1235 1224 1300 1285 che
1324 1221 1361 1285 fa
1377 1223 1436 1303 qui
1451 1225 1571 1285 buono

292 1326 411 1389 ufficio
436 1336 561 1390 contra
578 1328 722 1409 Luther,
747 1330 909 1410 supplico
933 1329 994 1411 piu
1018 1339 1139 1411 presto
1164 1330 1193 1391 si
1216 1332 1277 1410 pol
1302 1330 1330 1391 si
1354 1329 1532 1393 mendino,

382 1435 551 1516 Besogna
575 1435 993 1499 necessariissimamente
1018 1437 1083 1499 che
1105 1458 1143 1499 se
1166 1436 1258 1499 faeci
1273 1457 1342 1498 una
1357 1438 1461 1500 Bulla
1478 1438 1572 1500 della

293 1543 588 1605 condemnatione
614 1543 648 1606 di
670 1544 825 1606 Martino
850 1553 933 1625 post
955 1546 1092 1625 lapsum
1117 1544 1255 1606 termini
1280 1544 1314 1606 in
1337 1543 1450 1626 prima
1473 1545 1573 1605 bulla

293 1649 468 1730 contenti,
502 1660 537 1712 et
561 1649 595 1711 in
620 1650 781 1713 omnibus
805 1651 897 1713 l'arla
921 1671 1020 1713 come
1053 1661 1107 1713 sta
1132 1653 1250 1733 quella
1283 1653 1318 1713 la
1341 1653 1447 1732 quale
1478 1650 1509 1713 ci
1533 1651 1571 1712 fu

292 1759 460 1819 mandata
490 1758 549 1821 alli
581 1759 614 1818 dl
640 1758 792 1839 passati,
828 1781 884 1821 ma
909 1780 978 1820 non
1011 1761 1174 1839 besogna
1204 1757 1363 1821 nominat
1394 1759 1474 1821 altri
1505 1759 1572 1819 che

293 1863 447 1926 Martino
473 1865 607 1928 lauther
631 1886 700 1927 non
724 1866 876 1952 lacendo
901 1866 1057 1929 mention
1083 1868 1128 1928 de
1153 1867 1299 1945 Hutten‚
1325 1867 1368 1928 ne
1393 1866 1427 1927 di
1453 1865 1543 1928 altri.

384 1972 521 2035 Perche
549 1973 614 2054 ‘qui
639 1985 807 2054 questoro
832 1993 1057 2036 mormorano
1089 1975 1154 2035 che
1178 1994 1249 2036 non
1274 1973 1303 2035 si
1328 1974 1457 2035 sache
1480 1972 1571 2034 Mar·

292 2079 365 2140 tino
391 2079 431 2141 sii
462 2089 517 2141 sta
542 2081 747 2143 dechiarato
771 2090 853 2162 post
876 2080 1016 2143 termini
1044 2082 1200 2162 lapsum,
1235 2089 1270 2142 et
1293 2091 1442 2142 trovano
1468 2100 1571 2141 excu-

293 2185 429 2248 satione
454 2208 519 2269 per
542 2198 646 2268 poter
669 2188 948 2270 favoreggiarlo,
974 2198 1010 2251 et
1035 2209 1105 2251 non
1130 2190 1148 2251 e
1173 2209 1238 2268 per
1258 2188 1377 2250 niente
1393 2197 1512 2269 tempo
1534 2187 1571 2248 di

293 2292 455 2374 publicar
487 2304 613 2376 questa
636 2295 696 2377 gia
721 2299 887 2359 mandata
918 2297 1048 2378 perche
1079 2296 1123 2358 ne
1147 2297 1361 2359 venirebber
1392 2297 1436 2358 ad
1463 2316 1572 2358 amaz-

294 2421 391 2462 zarse
423 2402 528 2464 etiam
552 2403 586 2464 in
611 2403 748 2484 gremio
776 2404 956 2483 Caesaris,
994 2425 1063 2466 non
1088 2404 1201 2466 solum
1226 2404 1379 2483 liutten,
1410 2424 1468 2465 ma
1491 2402 1572 2465 tutti

294 2508 408 2588 questi
433 2510 560 2590 nobili,
592 2512 723 2592 perche
748 2512 925 2574 ancorche
949 2511 996 2573 lui
1021 2533 1092 2574 non
1121 2510 1213 2574 faeci
1237 2512 1340 2573 stima
1364 2510 1409 2572 de
1434 2530 1572 2572 excom-

293 2615 521 2679 municationi
553 2629 721 2699 quantum
753 2621 800 2681 ad
830 2619 1000 2697 animam,
1036 2629 1153 2681 tamen
1187 2639 1250 2699 per
1282 2620 1316 2681 la
1340 2617 1484 2680 infamia
1514 2618 1573 2679 del

293 2723 424 2784 mundo
457 2724 604 2787 larebbe
636 2747 718 2788 cose
752 2727 797 2787 da
821 2726 940 2807 pacci;
977 2728 1063 2808 perd
1096 2726 1258 2807 supplico
1292 2727 1358 2787 che
1382 2735 1503 2806 presto
1537 2735 1574 2786 et

294 2829 435 2892 omnino
460 2831 488 2893 si
514 2832 630 2894 mandi
656 2836 704 2896 tal
729 2836 827 2896 bulla
851 2855 951 2896 come
977 2834 1153 2896 demando
1178 2832 1344 2895 acciochi·
1376 2835 1411 2895 la
1434 2832 1463 2894 si
1487 2834 1572 2913 pub·

293 2936 401 2998 blichi
424 2937 459 2999 in
485 2939 590 3001 Dieta
622 2951 658 3003 et
681 2941 705 3001 il
729 2944 862 3022 populo
887 2940 984 3003 habii
1008 2940 1068 3023 piu
1093 2951 1240 3002 terrore.
1287 2941 1326 3002 Io
1350 2941 1396 3001 ho
1420 2942 1490 3001 ben
1515 2939 1571 3000 de·

293 3042 482 3106 terminato
516 3048 572 3107 nel
606 3047 718 3126 partir
752 3048 786 3108 di
812 3047 1003 3110 Germania
1036 3048 1091 3110 far
1123 3047 1285 3128 publicar
1318 3056 1444 3127 questa
1476 3046 1574 3108 bulla

294 3149 400 3212 etiam
425 3163 549 3215 contra
566 3154 701 3217 Hutten
726 3164 761 3216 et
786 3176 840 3217 me
862 3154 989 3218 retirar
1013 3156 1047 3217 al
1064 3175 1190 3217 securo
1215 3167 1251 3216 et
1274 3154 1366 3216 farla
1383 3152 1575 3235 imprimer,

294 3278 350 3318 ma
376 3258 419 3319 de
443 3258 535 3321 farla
559 3270 695 3323 mentre
720 3263 786 3323 che
815 3261 874 3343 qui
899 3262 1024 3325 stiamo
1050 3284 1120 3324 non
1144 3261 1228 3324 volii
1254 3262 1321 3323 Dio
1346 3262 1477 3344 perche
1503 3281 1572 3322 non

293 3365 513 3446 giovarebbe
537 3369 607 3429 alla
632 3389 739 3430 causa
766 3378 800 3431 et
823 3371 1040 3450 privarebbe
1065 3368 1146 3431 tutti
1171 3368 1229 3431 noi
1254 3369 1349 3430 della
1371 3367 1454 3430 vita.

383 3472 429 3533 Di
461 3485 586 3553 questa
609 3475 842 3538 diffidatione
875 3477 965 3539 satta
989 3477 1068 3539 tutti
1104 3485 1139 3539 et
1163 3476 1289 3556 grandi
1321 3486 1356 3538 et
1380 3475 1509 3558 piccoli
1542 3474 1574 3535 ci

293 3589 449 3644 metteno
474 3584 611 3662 grande
635 3603 763 3664 paura;
789 3586 979 3646 tuttavolta
1003 3584 1114 3646 siamo
1139 3582 1372 3661 determinati,
1397 3583 1427 3644 el
1451 3581 1575 3643 Caraz-

294 3689 371 3749 zolo
397 3697 432 3749 et
455 3689 490 3750 io
514 3692 625 3752 veder
648 3691 682 3752 la
705 3690 786 3770 fine,
811 3702 847 3754 et
871 3713 909 3754 se
925 3691 1080 3754 Martino
1096 3690 1210 3770 viene,
1235 3689 1289 3752 far
1309 3690 1344 3751 lo
1362 3691 1427 3751 che
1442 3688 1575 3768 meglio
1600 3712 1602 3716 ·

295 3793 386 3872 sara,
411 3805 446 3856 et
470 3817 508 3857 se
532 3816 602 3858 non
627 3797 729 3860 viene
754 3799 971 3860 demandare
995 3801 1029 3860 la
1053 3797 1242 3860 diffinitiva
1262 3796 1473 3859 executione
1490 3797 1575 3857 delli

296 3901 373 3965 suoi
406 3902 487 3964 libri
522 3914 556 3966 et
590 3905 635 3966 de
669 3905 797 3968 libellis
822 3906 967 3968 famosis
1001 3907 1143 3986 quando
1176 3904 1283 3967 etiam
1317 3903 1411 3965 mille
1444 3911 1577 3964 mortes

296 4008 398 4071 nobis
422 4009 661 4091 imminerent,
693 4023 728 4074 et
752 4012 786 4074 in
811 4024 937 4093 questo
961 4012 1152 4074 habbiamo
1184 4011 1256 4072 fixo
1282 4011 1305 4073 il
1329 4010 1452 4091 piede,
1481 4009 1574 4071 incu-

296 4114 384 4180 tiant
414 4118 672 4198 quantumlibet
696 4119 857 4182 timorem
891 4119 995 4181 nobis
1018 4119 1087 4181 alii.
1136 4120 1169 4181 A
1195 4119 1238 4181 V.
1264 4118 1300 4180 S.
1326 4118 1422 4179 Rma
1451 4116 1574 4178 humil-

296 4235 413 4287 mente
439 4227 525 4287 baso
550 4228 583 4288 le
602 4226 712 4289 mani.
759 4227 981 4290 Wormatiae
1006 4226 1063 4289 die
1089 4248 1106 4305 5
1134 4225 1268 4307 Aprilis
1292 4224 1475 4287 MDXXI.
