3559 5734
824 541 1071 614 a<3240t>0

307 684 605 767 terrogationem,
644 698 762 749 tamen
802 689 854 750 sel
894 689 990 751 fusse
1015 699 1108 751 stato
1133 689 1292 769 maligno
1327 688 1360 751 ci
1392 701 1499 771 potea
1523 691 1587 753 dar

306 792 445 874 grande
469 791 722 874 impedimento
746 804 782 857 et
806 796 968 858 disturbo
993 797 1062 859 alle
1086 816 1170 859 cose
1195 806 1324 859 nostre.

396 900 451 961 De
476 899 499 961 li
524 911 629 962 cento
652 900 768 964 fiorini
792 901 958 964 habiamo
983 902 1057 964 dati
1076 904 1152 965 solo
1169 902 1361 983 cinquanta
1375 923 1397 965 a
1414 900 1586 985 Spieghel

307 1013 342 1068 et
365 1006 573 1082 bastaranli;
599 1028 623 1069 x
648 1009 682 1070 al
706 1009 843 1071 decano
868 1010 913 1071 de
930 1009 1127 1073 Francford
1151 1011 1217 1072 che
1241 1010 1259 1072 ὲ
1283 1028 1420 1092 povero
1437 1030 1502 1093 per
1523 1030 1586 1072 sue

307 1133 429 1195 spese,
463 1116 530 1177 che
563 1114 585 1177 'l
613 1135 730 1178 venne
754 1115 814 1197 qui
838 1114 945 1179 etiam
969 1137 1040 1179 non
1066 1126 1222 1199 rogatus.
1269 1116 1312 1179 El
1336 1115 1458 1198 signor
1482 1116 1586 1180 Cara·

306 1222 383 1283 zolo
408 1220 431 1282 li
454 1222 501 1283 ha
526 1222 610 1284 dato
635 1243 705 1285 una
728 1223 898 1304 dispensa
922 1225 969 1287 od
994 1227 1064 1288 duo
1088 1224 1211 1306 gratis.
1258 1224 1365 1288 Certo
1383 1227 1449 1288 che
1472 1224 1494 1288 ’l
1518 1246 1587 1288 me·

305 1328 374 1391 rita
397 1328 482 1411 ogni
506 1331 610 1393 bene.
657 1330 699 1392 El
723 1343 819 1394 resto
844 1333 911 1394 che
935 1352 1024 1396 sono
1048 1341 1222 1413 quaranta
1244 1330 1361 1395 fiorini
1384 1352 1423 1394 se
1447 1331 1585 1413 dispen-

306 1455 459 1499 seranno
484 1437 517 1498 al
542 1438 704 1519 besogno
729 1447 765 1500 et
789 1439 807 1501 ὲ
829 1438 893 1500 util
911 1459 995 1501 cosa
1010 1438 1142 1521 pigliar
1156 1450 1324 1520 questoro
1341 1457 1420 1501 cum
1435 1441 1587 1520 qualche

307 1542 413 1605 dono.

395 1649 541 1732 Repeto
566 1660 746 1731 postremo
771 1654 838 1715 che
859 1673 898 1714 se
915 1651 1033 1715 mandi
1051 1661 1176 1733 questa
1192 1652 1297 1715 Bolla
1311 1665 1436 1716 contra
1452 1653 1588 1716 Luther

307 1767 343 1818 et
367 1759 519 1820 sarebbe
544 1760 639 1820 bono
664 1757 754 1821 faria
779 1759 896 1822 subito
921 1759 1103 1842 imprimet
1126 1767 1162 1822 et
1176 1761 1364 1841 spargerla
1386 1780 1452 1841 per
1476 1768 1584 1832 tutto;

306 1884 345 1925 se
369 1862 458 1926 faeci
483 1864 527 1926 de
552 1866 637 1927 data
660 1865 705 1927 de
722 1864 743 1927 l’
761 1867 852 1929 altra
869 1866 975 1929 tertio
993 1886 1105 1929 nonas
1119 1865 1288 1945 Januarii‚
1314 1875 1349 1929 et
1373 1886 1438 1946 per
1452 1866 1473 1929 1’
1487 1886 1587 1929 amor

305 1970 350 2033 de
375 1970 444 2032 Dio
468 1973 533 2034 che
558 1972 592 2034 la
616 1993 655 2035 se
679 1973 798 2054 spacci
822 1995 888 2056 per
912 1976 945 2037 el
969 1974 1028 2056 pib
1054 1984 1196 2056 presto,
1230 1972 1445 2036 nominando
1470 1975 1585 2037 solum

306 2077 440 2140 Luther
464 2087 499 2140 et
522 2078 574 2140 soi
599 2079 785 2143 adherenti
809 2081 844 2143 in
869 2102 1023 2164 genere:
1057 2080 1170 2163 quest'
1207 2083 1299 2143 altra
1336 2080 1396 2162 poi
1428 2083 1486 2144 nel
1516 2080 1587 2144 mio

306 2183 418 2265 partir
442 2186 486 2247 de
511 2184 703 2251 Germania
726 2188 761 2251 la
785 2187 983 2272 publicato.

887 2387 967 2400 ὟΙΛῚὛ·
973 2386 1047 2400 *Wv'w

919 2618 973 2684 95.

589 2734 828 2815 Aleander
862 2733 1296 2815 vicecancellario.

731 2883 873 2954 (Nuntiat.
896 2883 1023 2942 German
1044 2882 1075 2941 11.
1093 2881 1159 2953 174.)

825 3005 876 3068 (²4·
898 3003 963 3052 Maii
986 3005 1071 3066 1521.)

395 3146 467 3207 Per
491 3147 523 3208 ei
548 3144 712 3227 proximo
736 3144 856 3209 scrissi
880 3166 980 3208 come
1005 3165 1071 3228 per
1093 3143 1388 3208 comandamento
1413 3163 1586 3224 expresso

306 3249 342 3312 di
368 3249 478 3313 Cesar
501 3252 536 3313 io
560 3254 676 3315 havea
700 3261 884 3335 composto
910 3262 1036 3334 questo
1061 3253 1255 3315 benedetto
1279 3251 1448 3314 mandato
1469 3260 1505 3312 et
1521 3270 1587 3331 per

306 3355 455 3420 deffetto
479 3360 524 3421 de
549 3359 779 3423 abbreviator
803 3359 859 3423 chi
893 3380 1039 3443 sapesse
1068 3380 1089 3421 o
1118 3361 1259 3422 volesse
1289 3357 1323 3421 in
1358 3367 1484 3440 questo
1514 3360 1585 3420 ben

306 3463 436 3542 servir,
462 3465 507 3526 mi
532 3486 594 3528 era
617 3466 770 3530 sforzato
795 3466 850 3529 far
874 3468 907 3529 al
932 3488 1012 3530 men
1046 3468 1115 3529 mal
1139 3468 1204 3529 che
1227 3465 1262 3529 io
1287 3484 1407 3547 sapea‚
1431 3463 1467 3526 di
1491 3473 1587 3528 sorte

306 3571 372 3634 che
396 3571 432 3634 in
455 3572 579 3653 primis
602 3574 624 3636 l'
642 3575 757 3636 honor
787 3576 845 3637 del
874 3573 940 3636 8⁰³⁰
973 3572 1069 3637 fusse
1104 3581 1316 3636 conservato
1349 3581 1385 3634 et
1417 3580 1586 3653 questore

306 3677 445 3741 iussero
470 3679 640 3743 contenti.
686 3681 805 3762 Dopoi
830 3681 868 3743 fu
884 3682 1033 3745 traslato
1057 3679 1174 3743 subito
1190 3680 1225 3742 in
1244 3680 1420 3741 Alemano
1444 3687 1481 3741 et
1504 3697 1584 3741 con·

306 3786 404 3847 cluso
428 3805 495 3848 con
520 3787 553 3849 el
585 3787 807 3867 cancellieri‚
844 3791 910 3850 che
934 3808 973 3851 se
997 3788 1213 3851 scrivessero
1242 3784 1408 3849 ambedoi
1431 3784 1467 3847 in
1491 3787 1587 3848 bona

306 3891 408 3955 litera
436 3893 516 3956 anci
551 3895 617 3956 che
650 3894 712 3977 gia
741 3905 883 3977 potemo
918 3896 1011 3959 farlo
1043 3893 1244 3976 imprimere
1278 3890 1411 3974 perche
1444 3911 1515 3954 non
1546 3911 1586 3955 se

305 4000 464 4062 harebbe
487 4021 509 4062 a
532 4010 647 4064 mutar
671 4004 799 4065 alcuna
815 4023 918 4074 cosa;
944 4023 990 4066 ex
1014 4002 1142 4083 quibus
1165 3998 1285 4063 verbis
1306 4000 1584 4062 conducesserno

306 4109 341 4169 lo
374 4105 588 4188 impressore
617 4119 652 4172 et
681 4110 791 4173 datali
821 4130 972 4192 caparra
1002 4108 1118 4173 fiorini
1142 4108 1181 4170 X
1212 4107 1322 4170 d’oro.
1380 4106 1587 4169 Tuttavolta

307 4213 493 4277 domenica
530 4226 675 4297 passata
709 4220 756 4298 pb
793 4238 926 4300 pranso
965 4238 1032 4280 con
1070 4218 1103 4279 el
1133 4214 1324 4278 cancellier
1353 4215 1506 4277 andamo
1538 4213 1585 4276 ad

307 4318 417 4383 Cesar
440 4340 505 4402 per
528 4321 609 4385 farli
632 4334 760 4388 metter
782 4327 817 4388 la
832 4345 937 4388 mano
961 4344 1061 4388 come
1076 4325 1175 4386 detto
1192 4320 1393 4385 cancellieri
1416 4321 1462 4384 de
1485 4328 1585 4383 certo

306 4427 339 4490 ci
363 4428 480 4492 havea
503 4449 686 4511 promesso
710 4441 746 4494 et
769 4440 960 4514 apportato
985 4430 1045 4514 gia
1072 4433 1108 4493 la
1131 4449 1250 4512 penna
1266 4427 1584 4510 persottoscriver,

307 4554 377 4597 non
402 4555 442 4598 so
466 4536 584 4599 donde
608 4540 823 4619 procedesse
847 4540 913 4601 che
938 4537 1048 4602 Cesar
1066 4537 1161 4600 disse
1176 4537 1278 4599 volet
1293 4536 1372 4598 chel
1388 4534 1418 4598 si
1432 4533 1584 4597 vedesse

306 4641 420 4723 primo
451 4641 597 4706 insieme
625 4665 692 4708 con
723 4646 748 4708 li
779 4643 872 4709 Stati
903 4647 949 4707 de
979 4644 1002 4707 l'
1024 4642 1178 4726 Imperio
1212 4644 1278 4706 che
1309 4641 1329 4705 e
1358 4662 1442 4706 cosa
1474 4643 1583 4704 molto

307 4748 526 4832 periculosa,
558 4754 623 4815 che
657 4753 734 4816 loro
766 4774 787 4816 o
816 4773 880 4816 ver
912 4773 983 4816 non
1013 4751 1145 4816 lassino
1179 4770 1306 4833 passar
1336 4751 1395 4813 del
1423 4758 1515 4812 tutto
1550 4751 1584 4813 el

307 4858 484 4944 mandate,
509 4860 589 4926 olo
614 4860 747 4925 mutino
771 4861 806 4925 in
835 4863 869 4924 le
893 4881 986 4947 pene
1021 4860 1080 4926 del
1112 4861 1231 4927 banno
1263 4855 1457 4945 imperiale.
1513 4855 1583 4924 Dio
