3559 5734
698 534 944 592 &diod-0

181 679 359 760 publicae,
384 679 440 743 cui
464 681 658 763 studemus,
689 684 886 745 consultum
917 681 980 763 iri,
1013 701 1123 763 quum
1151 683 1288 745 habeas
1323 681 1359 746 in
1392 683 1460 745 hoc

181 785 298 849 laudis
329 806 463 869 genere
494 808 565 851 non
598 790 710 853 solum
738 790 891 854 maiores
918 798 998 853 tuos
1029 790 1093 852 sed
1120 799 1157 853 te
1189 790 1325 872 ipsum,
1356 809 1460 872 quem

181 888 339 959 imiteris.
392 893 467 958 Nos
490 915 576 958 vero
609 905 681 959 tam
714 917 779 979 pro
811 897 942 960 Nostra
973 916 1061 979 erga
1091 897 1323 960 Nobilitatem
1354 906 1461 976 tuam,

182 1006 364 1084 totamque
388 1001 635 1066 Germanicam
662 1003 853 1068 Nationem
877 1013 1026 1086 paterna
1049 1014 1085 1067 et
1108 1003 1279 1087 peculiari
1307 1006 1459 1067 benevo-

183 1108 304 1189 lentia,
328 1129 433 1192 quam
456 1130 522 1192 pro
546 1130 590 1173 eo
614 1111 748 1191 studio,
784 1132 854 1193 quo
881 1112 918 1174 in
943 1110 1144 1174 universale
1178 1114 1307 1174 bonum
1331 1112 1459 1173 incum-

182 1216 315 1300 bimus,
348 1218 410 1281 tali
434 1238 476 1281 ac
506 1227 607 1282 tanto
637 1218 829 1281 conventui
862 1220 1006 1298 deesse,
1039 1228 1100 1280 aut
1131 1218 1257 1280 abesse
1288 1219 1460 1282 nolumus

184 1325 309 1407 Itaque
332 1324 423 1389 istuc
446 1325 620 1388 Nuncium
644 1325 891 1407 Apostolicum
917 1327 961 1388 de
977 1324 1187 1388 Venerabili
1210 1323 1358 1388 fratrum
1385 1344 1460 1386 nos·

182 1443 319 1496 trorum
343 1430 498 1496 Sanctae
521 1432 711 1496 Romanae
735 1431 918 1495 Ecclesiae
942 1431 1181 1496 Cardinalium
1201 1432 1359 1511 consili0,
1384 1452 1462 1513 pro-

183 1539 326 1621 pediem
357 1540 513 1611 missuri:
547 1539 686 1603 interim
720 1538 887 1602 dilectum
919 1538 1027 1603 filium
1056 1539 1312 1621 Hieronymum
1347 1539 1462 1601 Rora-

184 1645 272 1710 rium
298 1645 519 1728 familiarem,
545 1656 580 1709 et
597 1645 836 1711 Camerarium
861 1656 1030 1726 nostrum,
1054 1647 1114 1727 qui
1138 1648 1203 1709 has
1227 1647 1364 1727 reddet,
1388 1646 1461 1710 mit-

184 1753 307 1834 timuS,
344 1754 445 1836 quasi
480 1753 573 1816 illius
597 1753 741 1816 alterius
773 1773 1053 1835 praecursorem.
1107 1752 1220 1834 Quem
1251 1754 1393 1835 quidem
1417 1755 1464 1816 ad

184 1859 416 1924 Nobilitatem
441 1870 551 1941 tuam,
581 1870 617 1923 et
646 1861 795 1944 egregia
817 1861 852 1923 in
878 1861 993 1923 Deum
1017 1859 1170 1941 pietate,
1202 1870 1236 1922 et
1261 1879 1348 1941 erga
1372 1862 1463 1922 hanc

185 1965 354 2030 Sanctam
378 1963 508 2031 Sedem
533 1968 762 2030 observantia
786 1988 927 2050 semper
951 1975 1148 2048 spectatam
1179 1966 1214 2029 in
1239 1966 1360 2047 primis
1384 1966 1462 2028 diri-

183 2074 315 2155 gimus,
350 2085 385 2137 et
409 2073 506 2137 illum
534 2076 682 2138 altorum
706 2094 790 2139 mox
815 2073 1024 2157 dirigemus,
1058 2084 1096 2135 ut
1126 2076 1231 2136 ambo
1260 2073 1464 2136 Nobilitatis

184 2191 265 2244 tuae
290 2180 446 2244 consiliis
470 2180 680 2264 dirigantur,
704 2189 740 2244 et
763 2181 906 2244 auxiliis
929 2180 1105 2244 iuventur.
1155 2180 1229 2243 Nos
1253 2180 1320 2244 etsi
1344 2200 1462 2261 super·

184 2307 359 2368 vacane0,
392 2298 509 2351 tamen
549 2288 652 2351 nobis
692 2287 908 2351 incumbenti
940 2286 1073 2369 offici0,
1108 2286 1463 2364 Nobilitatem'tuam

183 2396 383 2474 hortamur,
407 2404 446 2457 ut
472 2393 694 2457 Christianae
716 2393 820 2476 fidei,
843 2404 880 2458 et
903 2394 1135 2477 Apostolicae
1160 2393 1325 2475 dignitati
1349 2393 1463 2475 pristi-

185 2521 265 2563 num
290 2521 456 2579 amorem,
481 2522 522 2564 ac
547 2501 775 2565 devotionem
801 2511 999 2564 conservet.
1048 2498 1107 2564 Sic
1138 2522 1160 2564 a
1182 2501 1261 2563 Deo
1286 2521 1357 2564 non
1383 2521 1463 2563 con·

184 2607 384 2672 servabitur
407 2610 521 2671 solum
546 2607 701 2690 dignitas
726 2617 804 2688 tua,
829 2608 892 2671 sed
917 2606 1123 2690 augebitur,
1152 2607 1243 2670 sicut
1275 2607 1353 2669 fore
1386 2627 1463 2690 spe·

185 2735 312 2796 ramus,
336 2725 372 2778 et
387 2725 426 2779 ut
443 2713 518 2795 fiat,
532 2715 647 2778 Deum
663 2734 820 2778 oramus·
862 2715 1166 2796 Quemadmodum
1191 2715 1280 2777 haec
1305 2714 1464 2796 pluribus

184 2822 304 2887 verbis
328 2821 423 2885 dicet
446 2822 540 2885 idem
564 2821 824 2904 Hieronymus,
849 2822 905 2885 cui
931 2842 952 2885 a
976 2821 1171 2884 Nobilitate
1196 2832 1255 2884 tua
1279 2841 1386 2902 super
1410 2821 1464 2884 his

186 2930 345 3011 cupimus
368 2927 476 2992 fidem
499 2928 672 2994 adhiberi.

272 3054 345 3117 Dat
368 3054 510 3117 Romae
535 3063 601 3118 etc.
627 3052 770 3118 XXIV.
797 3053 1006 3118 Decembris
1035 3075 1115 3134 ¹523
1142 3074 1234 3116 anno
1259 3054 1382 3134 primo.

788 3502 862 3566 140.

303 3611 462 3697 Clemens
489 3615 567 3699 VII.
595 3616 758 3718 Arrhiep.
786 3616 996 3699 Trevereusi
1024 3618 1167 3699 electori
1193 3618 1350 3721 Imperii.

504 3764 596 3833 lolem.
615 3763 675 3823 vn
693 3764 781 3839 spot
800 3764 831 3824 L.
850 3765 872 3825 1„
892 3781 934 3840 ep.
952 3766 992 3825 11.
1010 3764 1056 3824 fol.
1075 3764 1140 3828 1³4.)

655 3872 709 3942 (24.
730 3877 886 3926 Decembris
909 3875 996 3944 1523.)

274 3998 503 4085 Venerabilis
526 3998 637 4062 frater
665 4010 732 4062 etc.
791 4000 907 4081 Quum
938 3994 1051 4084 nuper
1079 4001 1281 4065 audiremus
1311 4020 1461 4066 conven-

184 4117 257 4169 tum
282 4105 487 4188 Principum
518 4106 777 4188 Norimbergae
810 4108 1014 4171 habendum
1045 4129 1146 4188 esse,
1180 4129 1250 4190 quo
1280 4117 1315 4171 et
1338 4109 1462 4172 frater-

184 4213 277 4276 nitas
300 4224 361 4275 tua
383 4211 648 4295 proficiscatur,
672 4212 747 4276 Nos
761 4215 1058 4295 quemadmodum
1082 4217 1126 4278 de
1146 4225 1208 4279 tua
1231 4215 1318 4279 inibi
1342 4216 1462 4281 futura

184 4321 390 4403 praesentia
414 4319 583 4402 gratulati
607 4318 710 4383 nobis
733 4320 880 4403 fuimus,
914 4322 964 4385 ita
987 4323 1051 4386 has
1074 4322 1224 4386 Nostras
1246 4322 1461 4386 fraternitati

185 4436 266 4490 tuae
290 4426 484 4510 praecipue
507 4426 717 4491 scribendas
742 4428 915 4493 duximus.
970 4430 1106 4510 Quibus
1139 4450 1224 4494 sane
1248 4430 1362 4511 primo
1386 4450 1462 4492 nos·

185 4542 275 4597 tram
297 4534 517 4597 voluntatem
541 4533 576 4596 in
610 4533 835 4598 fraternitate
866 4545 927 4598 tua
957 4545 1030 4598 tam
1064 4537 1110 4601 de
1140 4536 1242 4599 nobis
1273 4547 1309 4599 et
1339 4548 1463 4599 sancta

184 4639 254 4705 fide
277 4643 508 4723 benemerita,
525 4661 666 4723 semper
680 4644 841 4705 ornanda
863 4662 1013 4724 pronam
1038 4656 1074 4704 et
1097 4642 1237 4706 facilem
1261 4642 1324 4705 tibi
1348 4641 1461 4706 offeri-

186 4768 271 4812 mus.
308 4744 451 4813 Deinde
468 4749 534 4813 etsi
549 4768 620 4812 non
635 4769 701 4830 pro
718 4748 941 4829 necessitate,
964 4758 1083 4812 tamen
1107 4770 1173 4832 pro
1197 4748 1316 4813 officio
1341 4760 1462 4814 nostro

186 4864 221 4920 te
242 4856 436 4939 hortamur,
460 4865 499 4919 ut
521 4865 557 4919 te
580 4855 696 4938 ipsum
710 4855 880 4940 deinceps
903 4856 1062 4939 imiteris,
1086 4877 1156 4939 quo
1171 4857 1323 4943 amplius
1337 4867 1463 4944 optare
