3559 5734
839 518 1086 574 111348ϋῆ

323 680 465 742 semper
501 662 626 725 solitus
657 684 696 725 es
731 664 920 728 exhibebis
954 674 1127 746 paratum.
1182 665 1256 729 Nos
1291 667 1385 729 enim
1416 667 1602 731 Nobilitati

322 775 405 829 tuae
427 767 563 849 gratias
587 789 674 849 quas
698 790 839 852 semper
862 773 1035 836 debemus
1058 793 1123 855 pro
1147 772 1258 855 ipsius
1282 773 1416 837 meritis
1450 775 1603 838 libenter

322 873 460 955 agimus
484 885 520 937 et
543 885 602 938 tue
626 877 909 958 prestantissime
932 879 1050 942 menti·
1065 899 1107 942 ac
1138 879 1263 962 pietati
1291 902 1370 944 eam
1403 891 1603 962 prestamus

322 982 609 1045 benevolentiam
649 992 687 1045 ut
718 983 805 1047 nihil
835 985 1018 1050 ardentius
1051 996 1173 1051 nostro
1207 1007 1295 1069 erga
1325 997 1361 1050 te
1391 1009 1513 1052 amore
1551 1009 1600 1052 re-

321 1088 430 1168 periri
449 1070 555 1152 facile
576 1109 684 1171 posse
700 1091 874 1175 videatur,
899 1095 981 1161 Dat.
1004 1105 1071 1158 etc.
1096 1093 1165 1159 Die
1185 1093 1244 1157 XI
1256 1093 1330 1157 Mai
1340 1093 1600 1174 MDXXXIV.

323 1194 428 1258 Anno
453 1196 582 1260 Primo.

1282 1323 1443 1387 moletia

930 1755 1003 1821 156.

642 1870 802 1951 Clemens
828 1871 907 1952 VII.
937 1872 1080 1953 electori
1108 1873 1325 1955 bavarensi.

739 2018 826 2090 (11111
844 2019 893 2077 11.
912 2019 987 2094 Ospa.
1006 2020 1069 2078 ΣΠ.
1087 2019 1121 2079 li.
1139 2021 1193 2092 te.)

838 2138 977 2206 (11111111
1000 2138 1087 2209 1524.)

410 2261 635 2326 Venerabilis
667 2265 794 2328 Frater
828 2275 895 2329 etc.
954 2266 1010 2329 De
1041 2264 1182 2347 optimis
1219 2264 1345 2329 officiis
1370 2264 1603 2330 fraternitatis

321 2374 403 2429 tuae
428 2387 515 2449 erga
539 2367 643 2433 fidem
669 2371 808 2454 Christi,
834 2382 869 2435 et
893 2370 1026 2436 Sedem
1049 2373 1141 2436 hanc
1166 2370 1352 2452 Sanctam,
1376 2392 1442 2453 per
1465 2372 1603 2437 litteras

321 2473 452 2536 Dilecti
485 2474 548 2538 filii
586 2478 697 2541 nostri
729 2479 911 2542 Laurentii
945 2477 1100 2543 Sanctae
1140 2479 1353 2543 Anastasiae
1384 2479 1602 2543 Praesbiteri

320 2579 519 2645 Cardinalis
543 2583 752 2667 Campegii,
786 2586 916 2667 nostri,
949 2595 985 2648 et
1008 2584 1115 2648 Sedis
1140 2585 1372 2667 Apostolicae
1406 2588 1452 2649 de
1490 2588 1603 2651 latere

320 2689 431 2770 legati
463 2690 634 2755 certiores
665 2692 767 2773 facti,
804 2702 858 2756 est
890 2694 985 2776 quod
1017 2713 1167 2775 agamus
1198 2691 1332 2773 gratias
1356 2692 1452 2772 Deo,
1481 2692 1601 2774 quiin

320 2797 480 2878 quamvis
505 2818 635 2880 magna
658 2800 762 2883 copia
785 2800 1007 2881 zizaniorum,
1031 2800 1165 2883 aliquid
1188 2808 1306 2863 tamen
1328 2799 1413 2863 boni
1436 2787 1473 2862 et
1496 2800 1604 2865 electi

320 2903 462 2966 seminis
497 2926 638 2988 semper
667 2908 840 2990 reliquum
871 2929 952 2971 esse
976 2909 1068 2988 vult,
1099 2910 1195 2990 quod
1217 2906 1371 2969 fructum
1394 2909 1602 2989 centuplum

319 3012 432 3092 possit
455 3010 602 3087 afferre;
633 3015 731 3077 Tuae
762 3035 849 3078 vero
880 3014 1097 3079 fraternitati
1125 3013 1313 3096 plurimum
1342 3033 1421 3077 cum
1446 3014 1601 3078 Domino

319 3120 555 3201 gratulemur,
589 3141 680 3203 quae
704 3123 781 3185 sola
808 3121 913 3185 nobis
936 3120 1012 3184 visa
1041 3130 1116 3201 est,
1149 3129 1210 3183 aut
1241 3131 1339 3184 certe
1363 3141 1441 3184 cum
1465 3122 1601 3202 paucis,

320 3247 389 3290 non
415 3230 530 3291 solum
553 3229 814 3292 obtrectatione
839 3228 950 3291 divini
975 3226 1143 3307 nominis,
1168 3229 1263 3310 quod
1288 3228 1382 3292 omni
1406 3228 1601 3292 christiano

320 3334 388 3397 ritu
413 3335 680 3417 confundendo,
706 3336 742 3399 in
766 3337 997 3419 opprobrium
1029 3345 1194 3416 vocatur,
1222 3344 1372 3419 propter
1400 3356 1497 3415 eam,
1530 3356 1602 3417 qua

319 3442 483 3523 praedita
498 3453 552 3506 est
575 3443 783 3525 religionem
808 3443 971 3507 molestia
995 3442 1103 3518 affici;
1128 3445 1191 3506 sed
1215 3452 1363 3528 propter
1387 3441 1600 3523 sapientiam

320 3550 437 3630 etiam,
462 3570 629 3632 quorsum
652 3550 720 3614 ista
744 3551 903 3630 tendant,
928 3560 965 3612 et
988 3570 1092 3630 quem
1116 3552 1162 3613 ad
1178 3549 1285 3614 finem
1299 3558 1472 3632 spectent,
1496 3569 1600 3631 prae·

319 3657 453 3720 videre.
513 3657 656 3721 Utinam
699 3667 771 3721 tam
805 3667 970 3739 prompte
1005 3657 1163 3721 remedia
1197 3658 1286 3720 tanti
1320 3656 1403 3721 mali
1437 3656 1600 3721 invenire

319 3786 519 3849 possemus,
545 3785 649 3848 quam
679 3774 882 3846 promptum
907 3773 961 3827 est
983 3764 1147 3827 omnibus
1171 3763 1273 3827 istius
1294 3762 1449 3827 nationis
1472 3763 1601 3845 princi·

319 3871 424 3956 pibus
447 3893 489 3935 ac
513 3871 723 3955 praesertim
747 3870 996 3934 ecelesiasticis
1027 3870 1106 3952 (nisi
1131 3872 1230 3934 Deus
1255 3870 1437 3952 averterit)
1460 3871 1599 3952 pericu·

319 3979 408 4041 lumi
457 3979 511 4041 Ac
537 3998 601 4042 nos
624 3978 777 4061 quidem,
802 3978 831 4039 si
855 3977 1065 4059 temporalia
1089 3978 1274 4041 commoda
1297 3987 1513 4059 spectemus,
1536 3998 1598 4060 pa·

318 4106 395 4149 rum
419 4096 480 4148 aut
504 4085 591 4148 nihil
614 4105 734 4148 sumus
758 4085 937 4164 amissuri,
969 4087 1069 4148 salva
1099 4084 1193 4148 enim
1227 4105 1368 4166 semper
1399 4083 1467 4148 erit
1494 4084 1601 4148 nobis

319 4193 493 4275 dignitas;
519 4193 582 4255 sed
607 4200 729 4255 noster
751 4191 865 4255 omnis
888 4192 992 4254 dolor
1011 4213 1057 4255 ex
1076 4192 1155 4254 Deo
1179 4200 1243 4272 est,
1268 4211 1384 4274 neque
1407 4190 1599 4255 incommo-

319 4302 364 4363 do
389 4310 526 4378 nostre,
559 4299 623 4363 sed
647 4297 870 4380 pereuntium
901 4298 1095 4361 animarum
1126 4297 1385 4372 misericordia;
1414 4306 1452 4361 et
1483 4296 1599 4360 divini

318 4409 433 4470 cultus
457 4405 656 4487 dispendio,
680 4426 952 4470 commovemur.
999 4404 1087 4468 Cum
1110 4426 1198 4488 ergo
1218 4406 1403 4470 videamus
1425 4405 1511 4488 quid
1536 4425 1599 4470 no·

317 4514 458 4578 vissime
481 4513 517 4576 in
542 4512 705 4595 proximo
729 4523 908 4577 conventu
932 4512 1191 4596 Norimbergae
1214 4512 1323 4576 fuerit
1345 4520 1533 4576 statutum:
1559 4513 1596 4577 in

317 4642 386 4703 quo
422 4641 502 4684 cum
545 4620 754 4703 premissum
788 4619 914 4683 fuisset
950 4619 1104 4683 omnium
1138 4639 1335 4697 consensu,
1374 4639 1413 4682 se
1449 4618 1599 4683 decreto

317 4727 590 4807 Wormatiensi,
632 4747 699 4808 per
737 4737 951 4790 conventum
973 4726 1070 4790 illum
1094 4734 1178 4789 tunc
1214 4734 1403 4809 praesente
1439 4724 1598 4790 Caesare

317 4837 424 4921 facto,
457 4855 536 4901 esse
559 4835 651 4901 sicut
674 4836 806 4898 decens
829 4843 922 4915 erat,
956 4836 1282 4914 obtemperaturos,
1313 4833 1359 4896 ad
1396 4840 1597 4897 extremum
