3559 5734
661 969 746 1042 (Atta
763 858 900 1029 Wifnst.
919 970 972 1042 66.)

413 1088 538 1153 Oratio
563 1089 737 1152 Aleandri
762 1091 806 1151 ad
831 1089 968 1152 Ducem
994 1089 1217 1171 Saxoniae¹).

265 1217 336 1279 Pro
365 1225 549 1296 comperto
581 1234 723 1296 semper
750 1213 874 1276 habuit
899 1212 976 1276 8¹⁰¹¹⁸
999 1214 1043 1278 D.
1068 1213 1111 1277 N.
1136 1215 1217 1278 Ill¹¹¹⁰
1239 1215 1408 1297 princeps
1431 1216 1460 1279 si

175 1346 246 1406 qua
269 1323 304 1386 in
321 1345 360 1386 re
379 1331 607 1385 sacrosancta
623 1322 791 1384 Romana
807 1321 969 1385 Ecclesia
993 1321 1140 1403 alicujus
1158 1322 1347 1386 Christiani
1367 1322 1459 1404 prin-

175 1432 264 1514 cipis
288 1451 393 1513 opem
416 1428 625 1511 requireret,
650 1450 728 1491 eam
754 1448 832 1492 esse
852 1431 899 1491 ab
917 1427 1132 1492 excellentia
1147 1428 1225 1492 Tua
1241 1429 1460 1511 potissimum

175 1539 427 1622 expetendam.
474 1537 600 1617 Neque
630 1538 666 1598 id
700 1536 864 1618 profecto
896 1535 1084 1607 immerito;
1117 1534 1195 1616 quis
1220 1536 1312 1599 enim
1337 1536 1462 1600 melius

174 1658 236 1709 aut
260 1644 429 1707 libentius
444 1642 549 1707 Sedis
565 1642 798 1725 Apostolicae
822 1663 965 1705 causam
989 1641 1159 1724 suscipiat
1176 1663 1282 1724 quam
1299 1643 1352 1706 Tu
1370 1644 1461 1727 prin·

175 1773 262 1833 ceps
286 1751 419 1833 optime
443 1750 503 1832 qui
526 1748 615 1829 fide,
652 1749 858 1831 prudentia,
883 1750 1143 1832 generositate,
1177 1748 1352 1831 religione
1376 1751 1462 1813 nihil

174 1880 331 1941 unquam
365 1879 386 1920 a
417 1856 607 1939 majoribus
631 1857 700 1920 tuis
725 1858 886 1939 degener
910 1856 1124 1938 apparuisti;
1157 1876 1306 1939 quorum
1331 1859 1462 1922 sudore

175 1978 212 2029 et
235 1964 409 2047 sanguine
433 1966 480 2027 ob
505 1963 750 2027 defensionem
773 1964 963 2027 Romanae
985 1963 1169 2027 Ecclesiae
1193 1964 1313 2046 sepius
1338 1965 1461 2046 effuso,

175 2073 347 2156 precipue
377 2071 542 2135 effectum
571 2082 625 2135 est
654 2080 692 2133 ut
716 2070 872 2134 Romani
897 2070 1039 2152 Imperii
1069 2070 1224 2152 dignitas
1248 2082 1284 2135 et
1307 2072 1459 2155 Impera-

175 2194 271 2245 tores
296 2178 453 2262 eligendi
477 2177 629 2241 facultas
654 2178 739 2241 solis
755 2177 943 2242 Germanis
967 2198 989 2240 a
1005 2177 1172 2240 Romano
1191 2178 1364 2243 Pontifice
1381 2200 1460 2243 con·

175 2289 374 2353 cederetur.

264 2396 324 2458 Ab
339 2394 408 2457 illis
422 2392 565 2474 inquam
580 2393 770 2474 majoribus
783 2392 843 2475 qui
858 2392 953 2454 circa
966 2412 1028 2456 eos
1043 2392 1146 2474 ignes
1169 2393 1297 2475 quibus
1310 2394 1458 2458 Boemo-

176 2524 252 2567 rum
276 2500 552 2564 haeresiarchae
577 2500 632 2579 J0.
658 2498 873 2562 Hussitanus
898 2510 933 2561 et
952 2498 1192 2582 Hieronymus
1217 2500 1401 2582 Pragaeus
1426 2503 1460 2564 in

176 2608 371 2673 Germania
394 2607 621 2671 condemnati
638 2606 763 2669 merito
780 2605 1031 2688 puniebantur,
1056 2607 1185 2670 erectis
1199 2617 1294 2670 stare
1309 2609 1462 2673 vessillis

175 2718 277 2800 quasi
301 2715 412 2779 oculis
437 2715 541 2778 etiam
567 2733 661 2777 nunc
686 2721 886 2778 cernuntur.

264 2824 477 2906 Eapropter,
509 2841 616 2903 quum
639 2823 812 2883 adversus
837 2840 977 2883 errores
1001 2819 1121 2882 fratris
1145 2820 1290 2885 Martini
1305 2823 1461 2906 Lutheri,

175 2931 327 2995 hominis
351 2929 397 2992 de
421 2949 491 3011 quo
515 2929 648 2991 utinam
665 2927 749 2991 mihi
766 2928 852 2991 nihil
867 2927 1056 2990 dicendum
1072 2938 1177 3009 esset,
1202 2939 1299 2993 certe
1315 2929 1357 2993 iis
1372 2952 1462 3013 quos

175 3058 284 3121 supra
319 3035 513 3100 memoravi
537 3036 592 3116 Jo.
617 3035 811 3098 Hussitano
844 3045 880 3098 et
903 3035 1125 3117 Hieronymo
1150 3036 1333 3118 Pragan,
1367 3038 1461 3101 addo

176 3129 280 3192 etiam
299 3126 414 3190 Arriis
443 3136 479 3188 et
495 3123 655 3188 Photinis
679 3126 787 3206 longe
812 3124 847 3187 in
872 3124 940 3187 Dei
964 3124 1160 3188 Ecclesiam
1184 3127 1461 3208 perniciosioris,

176 3256 231 3298 me
254 3236 301 3298 ad
325 3233 465 3296 inclitos
483 3232 695 3296 Germaniae
719 3231 901 3313 principes
917 3232 1085 3295 missurus
1100 3244 1195 3295 esset
1211 3231 1462 3296 Sanctissimus

177 3343 302 3421 Pater,
334 3340 420 3403 nihil
446 3338 530 3403 mihi
553 3339 757 3402 habendum
782 3338 960 3420 antiquius
980 3339 1084 3420 jussit
1107 3360 1212 3420 quam
1236 3350 1274 3402 ut
1298 3360 1368 3403 non
1389 3342 1461 3423 jam

177 3449 364 3511 Romanae
388 3448 501 3509 solum
526 3447 589 3508 sed
614 3457 648 3508 et
672 3445 882 3509 universalis
898 3446 1081 3509 Ecclesiae
1106 3456 1141 3508 et
1158 3447 1355 3510 catholicae
1377 3446 1460 3511 fidei

177 3575 318 3617 causam
344 3551 579 3616 excellentiae
605 3561 686 3617 tuae
710 3552 746 3614 in
770 3552 893 3634 primis
917 3554 1213 3616 commendarem.

265 3661 429 3742 Longum
454 3669 558 3741 esset,
583 3680 648 3721 nec
672 3658 829 3742 alioquin
853 3680 919 3741 per
938 3659 1142 3722 oborientes
1164 3661 1352 3725 lachrimas
1369 3683 1460 3726 com-

178 3789 373 3831 memorare
405 3767 548 3848 liceret,
576 3766 745 3849 princeps
776 3766 926 3849 optime,
959 3776 1128 3848 quantum
1160 3769 1257 3850 mali,
1291 3780 1460 3851 quantum

179 3876 308 3938 erroris
334 3885 369 3937 et
393 3873 530 3936 dissidii
560 3894 630 3936 non
663 3873 906 3936 ecclesiastico
940 3884 1075 3937 tantum
1108 3875 1238 3956 ordini,
1269 3897 1392 3940 verum
1426 3889 1461 3942 et

178 3982 388 4064 vobisipsis
418 3981 640 4064 principibus
672 3991 706 4044 et
741 3982 948 4045 Christianis
979 3982 1152 4059 omnibuS,
1185 3982 1340 4047 nefanda
1369 3988 1459 4049 haec

179 4089 319 4153 Martini
344 4089 479 4152 semina
501 4089 709 4170 parturiant,
735 4089 826 4151 adeo
850 4100 888 4151 ut
912 4089 1065 4152 maxime
1089 4089 1284 4153 verendum
1309 4092 1367 4172 sit,
1394 4093 1460 4157 nisi

178 4195 245 4258 ista
267 4216 373 4279 seges
389 4196 570 4259 radicibus
585 4196 759 4260 evellatur
774 4216 819 4258 ne
832 4195 926 4258 idem
939 4196 1041 4258 brevi
1058 4197 1188 4260 nostris
1204 4200 1299 4279 quod
1319 4201 1459 4280 graecis

179 4313 214 4365 et
236 4303 390 4367 asiaticis
414 4303 564 4385 accidat,
589 4302 648 4385 qui
674 4302 863 4384 superbiae
888 4302 983 4365 fastu
1007 4301 1129 4385 inflati,
1155 4304 1237 4367 dum
1256 4326 1278 4366 a
1294 4306 1459 4372 Romano

200 4497 222 4568 ¹)
250 4501 288 4548 Ex
313 4501 365 4549 hoc
391 4501 551 4549 documento
576 4509 603 4548 et
627 4515 658 4547 ex
683 4499 736 4548 alio
763 4500 834 4563 quod
856 4500 1043 4548 instmctiones
1062 4502 1211 4550 oratoribus
1231 4502 1301 4564 apud
1321 4504 1459 4553 Caesarem

248 4582 321 4630 datas
340 4582 471 4639 continet,
497 4579 677 4629 Pallaviciuus
696 4595 775 4628 unam
794 4580 941 4629 orationem
960 4581 1085 4639 coniecit,
1109 4598 1187 4646 quam
1208 4582 1304 4646 Leplat
1323 4583 1394 4633 velut
1412 4601 1459 4647 ge·

248 4662 352 4711 nuinam
371 4662 503 4710 Aleandri
528 4661 673 4709 orationem
699 4661 781 4713 dedit.
819 4661 974 4711 Consultum
1001 4661 1122 4710 duximus
1146 4662 1211 4712 haec
1235 4663 1393 4713 documenta
1412 4681 1459 4713 suo

248 4741 306 4790 loco
325 4743 454 4799 inserere,
481 4741 589 4791 omnino
609 4741 740 4789 Alcandri
766 4741 902 4806 supposita
927 4742 1061 4799 oratione,
1085 4758 1174 4791 verum
1201 4742 1359 4793 Pallavicini
1384 4762 1459 4809 opus,

247 4823 434 4885 praetermissa
466 4822 551 4871 Huius
569 4822 697 4870 orationis
716 4828 819 4885 tempus
837 4821 975 4873 incertum.
1004 4823 1057 4871 Hic
1077 4822 1199 4886 ponimus
1224 4824 1343 4887 quamvis
1369 4826 1459 4889 primis

249 4904 418 4952 nunciaturae
436 4903 568 4953 Alcandri
589 4902 684 4952 diebus
704 4902 839 4953 reseratur.
