3559 5734
695 538 942 607 0436de

178 692 391 783 Apostolioe
414 698 608 765 auctoritas
631 698 666 762 in
691 707 866 781 perpetua
889 694 1006 778 gloria
1028 696 1318 773 conservaretur,
1354 703 1459 775 quem

178 807 286 871 etiam
310 827 382 871 non
405 827 509 873 secus
532 826 576 870 ac
599 825 789 889 personam
815 814 970 867 nostram
995 799 1187 869 sanctitati
1219 809 1337 865 vestre
1368 819 1457 862 corn·

179 915 398 979 mandamus.
446 913 524 995 Que
548 913 609 976 diu
633 922 669 977 et
692 910 895 975 felicissime
919 917 1072 973 maneat.
1117 908 1249 971 Datum
1263 907 1298 970 in
1315 906 1460 970 civitate

179 1029 303 1085 nostra
326 1020 448 1102 Regia
471 1018 715 1085 Stocholmen.
769 1020 876 1083 Anno
910 1016 1042 1085 demini
1074 1012 1300 1094 MDXXHI,
1331 1012 1370 1075 X
1403 1011 1462 1075 die

178 1129 312 1193 mensis
335 1126 568 1211 Septembris,
592 1137 714 1191 nostro
739 1128 805 1190 sub
829 1124 947 1206 sigillo

740 1249 883 1312 Μίνω
903 1252 954 1305 Dei
974 1252 1059 1315 gratia
1077 1250 1221 1300 Succorum

345 1417 351 1430 1
847 1354 873 1396 et
891 1346 1033 1410 gothorum
1052 1348 1123 1395 R01·

288 1418 379 1466 Fons:
399 1418 450 1465 8⁰¹⁰
465 1419 527 1467 Duo
546 1419 603 1467 Nro
624 1419 705 1483 Pape·
939 1490 981 1537 De
999 1488 1124 1537 mandato
1143 1484 1225 1535 seren*
1245 1485 1272 1534 d·
1293 1500 1319 1539 ¹¹·
1340 1483 1426 1547 Regis

1007 1575 1134 1645 mm,
1152 1579 1316 1633 secretarius.

719 1714 925 1726 *tammam

787 1874 852 1940 132
918 1867 921 1871 ’

414 1999 588 2080 Erasmus
615 1999 872 2081 heterodmus
899 1998 997 2081 card
1025 1998 1223 2102 Gampegio.

600 2147 702 2217 (Arta
723 2145 888 2206 Wrruaa
916 2146 973 2207 lul.
991 2147 1058 2219 lvi)

281 2291 319 2357 S.
343 2293 384 2357 P.
407 2293 483 2359 R¹¹¹⁰
505 2293 669 2357 Domine.
715 2294 775 2356 Ad
800 2293 942 2357 lieteras
964 2292 1013 2356 R.
1037 2293 1081 2358 D.
1105 2292 1145 2357 E.
1177 2313 1265 2376 quas
1288 2314 1359 2357 una
1382 2313 1465 2358 cum

187 2401 320 2465 Pacaei
351 2401 463 2482 nostri
493 2400 626 2464 licteris
650 2400 791 2483 accepi,
827 2421 891 2484 per
920 2402 1081 2465 morbum
1105 2420 1177 2463 non
1200 2401 1298 2467 licuit
1320 2421 1465 2484 respon·

187 2510 283 2589 dere,
308 2507 375 2573 nisi
400 2506 495 2590 quod
518 2517 591 2571 tum
614 2528 732 2591 pauca
756 2507 886 2570 dictavi
912 2506 1043 2571 famulo
1065 2510 1114 2571 ad
1139 2507 1349 2590 Pacaeeum,
1373 2528 1466 2591 quae

187 2616 305 2680 tibisi
337 2617 558 2681 commodum
591 2626 686 2679 esset
719 2613 1004 2678 communicaret.
1059 2613 1228 2677 Animum
1259 2614 1363 2679 istum
1393 2625 1466 2679 tam

186 2723 348 2804 amicum,
372 2732 410 2786 et
433 2722 621 2787 candidum
647 2741 727 2805 ego,
743 2733 782 2784 ut
798 2722 925 2803 debeo,
950 2722 1139 2785 exosculor
1163 2721 1277 2804 unice,
1300 2724 1467 2805 daboque

189 2851 346 2917 operam,
369 2840 408 2893 ut
430 2810 481 2893 illi
505 2850 571 2913 pro
595 2829 731 2893 viribus
754 2829 1006 2910 respondeant.
1053 2828 1171 2891 Unam
1188 2829 1361 2911 epistolae
1385 2840 1467 2895 tuae

189 2937 400 3021 particulam
432 2940 504 2999 non
536 2936 622 2999 satis
653 2935 916 3020 intelligebam,
950 2934 986 2998 in
1021 2956 1091 3017 qua
1121 2935 1246 3000 scribis
1275 2957 1332 3001 me
1366 2938 1466 3021 scire,

191 3044 276 3126 quid
300 3043 403 3107 isthic
427 3053 611 3126 ageretur,
635 3043 747 3107 Paulo
771 3050 855 3125 post
878 3064 924 3105 ex
948 3042 1196 3125 Noremberga
1224 3042 1353 3108 missae
1388 3055 1470 3109 sunt

188 3154 317 3219 adme
341 3169 457 3215 novae
479 3149 633 3214 stunicaa
659 3149 925 3214 conclusiones:
960 3159 996 3213 et
1028 3158 1172 3231 praeter
1200 3151 1266 3214 has
1295 3152 1469 3233 promittit

190 3270 263 3324 tres
286 3259 443 3336 libellos,
476 3276 565 3339 quos
598 3257 729 3320 vetitus
753 3258 884 3320 aedere
908 3267 1028 3321 vestra
1052 3266 1087 3319 et
1111 3255 1295 3320 Pontificis
1319 3259 1469 3325 Adriani

190 3365 412 3431 auctoritate.
458 3365 514 3428 De
531 3366 598 3428 ho'c
615 3364 777 3447 suspicor
800 3364 954 3427 sensisse
978 3374 1074 3426 tuam
1092 3363 1291 3446 epistolam,
1316 3366 1470 3433 demirer

190 3472 343 3539 hominis
369 3472 568 3537 audaciam.
624 3472 782 3535 Exorsus
815 3482 893 3535 erat
924 3472 1017 3534 hanc
1045 3469 1202 3533 fabulam
1235 3474 1301 3535 sub
1336 3473 1468 3557 Leone,

190 3602 258 3648 nec
287 3579 450 3663 profecit.
497 3579 638 3645 Rursus
669 3598 712 3642 eo
745 3587 902 3660 mortue,
934 3598 1040 3660 quum
1070 3579 1205 3642 rediret
1235 3580 1281 3642 ad
1312 3590 1470 3646 veterem

190 3688 349 3753 fabulam
357 3735 366 3766 ,
399 3685 530 3771 vetitus
558 3685 686 3750 iterum
713 3693 822 3768 atque
853 3685 982 3750 iterum
1013 3685 1153 3750 aedicto
1186 3697 1318 3768 vestro,
1349 3687 1470 3753 furtim

192 3794 309 3860 emisit
323 3814 429 3857 unum
446 3804 554 3876 atque
571 3795 719 3857 alterum
733 3794 911 3857 libellum:
935 3792 1076 3856 Rursus
1093 3794 1188 3876 apud
1205 3794 1404 3859 Adrianum
1419 3797 1471 3860 VI

192 3902 282 3985 egit,
307 3910 346 3964 ut
368 3901 492 3965 liceret
517 3901 648 3964 aedere
672 3899 757 3963 treis
780 3899 860 3964 illos
884 3899 1041 3981 libellos,
1065 3899 1101 3963 in
1125 3901 1252 3982 quibus
1276 3903 1472 3968 declaravit

161 4088 167 4106 ι
192 4019 362 4093 quantum
386 4007 500 4090 possit
522 4006 655 4071 insanis
669 4006 853 4079 conviciis;
878 4008 938 4070 ille
958 4008 1182 4089 pernegavit,
1206 4009 1350 4073 nuncin
1367 4010 1471 4074 inter-

192 4138 316 4201 regno,
342 4115 444 4179 vobis
468 4117 512 4178 de
537 4136 631 4179 novo
656 4114 829 4178 Pontifice
854 4114 1118 4197 satagentibus,
1147 4115 1262 4183 emisit
1284 4137 1366 4183 suas
1391 4138 1471 4182 oon-

192 4224 368 4291 clusiones
400 4223 508 4305 plane
543 4222 829 4306 sycophanticas.
884 4222 940 4285 De
972 4221 1104 4304 quibus'
1129 4224 1239 4305 ,plane
1274 4225 1397 4291 dubito
1427 4246 1472 4293 an

192 4330 264 4394 sint
287 4326 468 4393 Stunicae.
514 4325 685 4411 Suspicor
702 4349 780 4392 esse
796 4328 944 4393 alicuius
960 4329 1147 4410 lutherani,
1171 4329 1231 4412 qui
1247 4333 1305 4395 vel
1321 4333 1473 4398 voluerit

192 4457 248 4503 me
273 4437 309 4500 in
333 4446 455 4519 partes
479 4456 561 4500 suas
576 4439 795 4518 pertrahere,
821 4438 878 4500 vel
893 4436 1027 4518 ulcisci,
1050 4436 1086 4500 in
1110 4437 1245 4503 nullum
1269 4438 1335 4503 nisi
1358 4441 1474 4523 magis

193 4544 359 4624 fremunt,
384 4562 489 4625 quam
513 4543 546 4606 in
573 4564 640 4624 me,
664 4543 721 4607 cui
737 4543 797 4607 uni
813 4543 998 4626 imputant,
1023 4545 1119 4625 quod
1132 4564 1205 4609 non
1228 4548 1335 4628 plane
1357 4547 1473 4615 trium·

193 4653 305 4734 phent
317 4650 527 4733 quamquam
542 4652 697 4721 nendum
710 4650 918 4715 abiecerunt
928 4670 1030 4732 spem
1042 4650 1223 4717 victoriae.
1238 4652 1342 4733 Quod
1355 4654 1385 4717 si
1396 4652 1474 4725 Stu-

195 4759 295 4829 nicae
310 4767 403 4839 sunt,
424 4779 494 4822 non
511 4759 629 4838 miror,
646 4778 752 4841 quum
768 4758 829 4821 illo
845 4756 880 4823 in
897 4755 970 4821 Sua
987 4757 1161 4841 Hispania
1177 4779 1317 4843 semper
1331 4761 1474 4826 habitus

195 4867 239 4930 sit
259 4886 328 4950 pro
351 4864 473 4947 fatuo,
505 4878 541 4929 et
571 4865 652 4936 libri
686 4864 838 4939 hominis
873 4864 959 4931 satis
990 4868 1172 4933 declarent
1196 4887 1276 4930 eum
1300 4888 1370 4935 non
1394 4889 1474 4933 esse

221 4990 607 5045 &numerumnunerum
1279 4972 1316 5026 20
