3559 5734
673 565 920 631 mame-³

159 717 280 781 cidere
318 728 490 801 nequeat,
529 718 684 783 offerens
716 739 772 783 me
803 740 844 783 ac
878 739 1001 783 omnes
1035 717 1130 783 vires
1169 728 1204 782 et
1234 716 1371 801 ingenii
1401 726 1437 783 et

155 824 299 888 fortune
335 825 594 908 impensurum,
634 826 669 889 in
708 826 776 890 hiis
813 846 881 909 que
919 827 966 889 ad
1005 828 1288 890 conservandam
1327 826 1436 890 cristi-

156 953 278 1013 anam,
315 942 351 996 et
382 932 489 995 fidem
525 941 561 995 et
591 933 800 1015 religionem
832 933 1050 1005 conducunt;
1083 942 1238 996 attamen
1269 932 1437 997 Vestram

157 1039 389 1102 Sanctitatem
421 1042 532 1103 latere
570 1042 653 1103 nolo
686 1062 707 1103 a
743 1040 924 1122 plerisque
962 1039 1176 1103 adversariis
1206 1039 1294 1103 meis
1329 1060 1437 1123 super

156 1168 225 1226 me,
254 1146 359 1210 etiam
383 1156 693 1229 quantumcunque
716 1146 817 1210 iustis
841 1146 957 1210 causis
980 1146 1159 1228 fulcitum,
1183 1149 1294 1212 multa
1318 1148 1435 1210 coniu-

156 1253 238 1336 rari,
264 1274 335 1337 quo
360 1253 397 1318 in
412 1254 652 1318 vetustissimo
675 1254 892 1318 hereditario
916 1253 992 1316 iure
1016 1274 1106 1335 mee,
1132 1254 1284 1336 quadam
1315 1254 1435 1318 nescio

156 1363 275 1425 velata
311 1362 506 1425 adhesione
529 1364 759 1425 vehementer
782 1364 945 1442 turbare,
983 1371 1019 1424 et
1052 1371 1246 1443 propterea
1269 1361 1436 1426 Vestram

157 1466 406 1550 Sanctitatem,
444 1488 550 1551 quam
574 1467 904 1535 sibiturbationem
929 1477 964 1532 et
988 1467 1150 1530 iniuriam
1174 1488 1302 1551 meam,
1339 1469 1435 1533 haud

157 1597 269 1658 secus,
296 1597 401 1660 quam
425 1597 524 1640 suam
547 1577 730 1659 propriam
754 1576 961 1640 existimare
984 1595 1056 1639 non
1081 1574 1220 1656 diffido,
1243 1576 1436 1640 humillime

155 1700 266 1768 rogo,
301 1703 367 1766 pro
398 1683 530 1747 Vestre
566 1681 774 1747 Sanctitatis
808 1684 845 1747 in
880 1704 936 1747 me
971 1685 1204 1764 comprobata
1247 1681 1436 1746 affectione

156 1790 352 1855 comodiori
387 1811 457 1873 qua
488 1790 743 1855 studiosissime
773 1789 922 1873 poterit,
955 1790 1014 1854 via
1046 1789 1084 1851 in
1114 1788 1236 1871 primis
1269 1789 1436 1871 precibus

155 1899 227 1962 suis
251 1901 347 1981 apud
372 1898 562 1962 Cesaream
584 1897 820 1978 Maiestatem,
845 1896 950 1961 michi
980 1897 1030 1960 ita
1061 1897 1234 1979 prodesse
1259 1896 1435 1979 dignetur,

154 2016 192 2070 et
213 2008 360 2070 tandem
383 2004 527 2069 efficere
534 2053 545 2087 ,
575 2015 615 2068 ut
642 2004 759 2087 gratia
783 2014 819 2067 et
841 2003 999 2087 presidio
1023 2002 1259 2067 sacratissime
1285 2002 1436 2067 Cesarea

152 2111 353 2177 Maiestatis
377 2111 522 2175 Domini
544 2111 613 2176 mei
638 2111 901 2193 gratiosissimi,
924 2112 1021 2193 apud
1044 2130 1150 2193 quam
1174 2109 1305 2172 Vestra
1328 2108 1435 2176 Sanc-

153 2221 236 2283 titas
272 2219 482 2283 auctoritate
522 2218 676 2282 maxima
710 2220 841 2299 pollet,
876 2220 941 2280 sub
972 2217 1110 2281 iusticie
1140 2216 1279 2299 clipeo,
1314 2218 1365 2281 uti
1400 2227 1437 2282 et

154 2325 228 2390 Sua
260 2326 431 2390 Maiestas
464 2336 663 2406 spontanea
693 2324 917 2407 benignitate
946 2344 1003 2388 me
1036 2344 1177 2412 semper
1200 2325 1435 2408 amplectitur,

154 2436 188 2496 in
222 2433 307 2496 iuris
339 2443 375 2496 et
405 2431 622 2515 possesionis
656 2451 732 2494 mee
762 2430 1035 2495 conservatione
1059 2441 1160 2493 tuear
1183 2439 1290 2513 atque
1316 2431 1435 2495 defen·

155 2544 234 2615 dar;
261 2540 356 2621 quod
380 2539 409 2602 si
428 2539 559 2602 Vestra
572 2537 781 2603 Sanctitatis
798 2560 945 2621 operam
959 2539 1065 2603 michi
1081 2539 1262 2624 profuisse
1286 2540 1436 2604 sentiam

153 2668 209 2711 me
233 2646 303 2709 sibi
327 2656 362 2709 et
388 2646 597 2728 Apostolice
631 2643 716 2710 Sedi
751 2645 895 2710 arctiori
923 2644 1263 2727 recompensationis
1295 2645 1436 2710 vinculo

155 2753 336 2818 divinciet.
362 2750 400 2816 Si
417 2752 502 2835 quid
518 2752 624 2816 etiam
640 2754 800 2835 prefatus
810 2751 915 2816 Sedis
930 2752 1140 2834 Apostolice
1155 2752 1437 2836 legatusVestre

155 2860 364 2925 Sanctitatis
387 2859 544 2940 nomine,
569 2862 686 2923 denuo
718 2860 825 2923 michi
857 2880 924 2943 per
952 2880 991 2922 se
1015 2861 1073 2922 vel
1101 2879 1202 2922 suum
1226 2878 1436 2942 quemquam

153 2968 296 3032 fidelem
320 2967 494 3048 retulerit,
518 2967 676 3048 benigna
705 2967 885 3030 audientia
914 2966 1062 3030 consilio
1098 2975 1133 3029 et
1162 2987 1286 3050 opera,
1320 2966 1437 3031 eidem

153 3097 223 3140 non
260 3076 378 3139 deero.
442 3073 607 3137 Ceterum
641 3074 807 3137 Vestram
850 3070 1085 3137 Sanctitatem
1128 3073 1315 3155 plurimum
1351 3083 1436 3155 peto

153 3204 224 3265 quo
241 3182 482 3245 Reverendus
505 3180 540 3244 in
559 3181 697 3243 Christo
724 3181 897 3244 Dominus
920 3181 1103 3262 Johannes
1127 3180 1326 3263 Episcopus
1351 3180 1436 3264 Hyl-

154 3288 458 3371 demsheymensis
491 3287 609 3350 affinis
639 3308 738 3351 meus
762 3287 988 3351 charissimus
1012 3296 1086 3349 tum
1118 3288 1164 3349 ab
1187 3286 1350 3350 Ecclesia
1372 3307 1438 3350 sua

154 3397 266 3461 veluti
301 3397 383 3459 exul
420 3416 462 3458 ac
493 3393 704 3477 profligatus
741 3395 777 3457 in
817 3394 1007 3457 iustissima
1052 3414 1117 3457 sua
1160 3413 1268 3456 causa
1307 3393 1436 3457 Vestre

155 3502 326 3566 Sanctitis
350 3502 467 3583 gratia
491 3510 526 3565 et
542 3501 744 3564 assistentia
759 3500 941 3576 foveatur;
967 3502 1041 3582 agit
1064 3501 1099 3564 in
1121 3522 1165 3565 eo
1180 3521 1332 3582 namque
1348 3499 1435 3564 Ves-

153 3619 210 3673 tra
233 3607 413 3672 Sanctitas
436 3628 510 3670 rem
533 3628 596 3670 sue
612 3607 756 3689 pietatis
781 3607 936 3691 dignam,
961 3619 998 3672 et
1020 3607 1126 3672 michi
1149 3609 1257 3690 longe
1280 3607 1435 3691 gratissi·

153 3737 247 3780 mam
266 3735 353 3797 erga
369 3713 535 3778 Vestram
552 3712 784 3777 Sanctitatem
799 3734 905 3796 quam
919 3715 1034 3778 Deum
1050 3715 1220 3797 optimum
1243 3714 1435 3778 maximum

155 3806 361 3887 felicissime
385 3821 420 3884 in
445 3841 549 3884 evum
573 3829 762 3884 conservet
783 3841 850 3903 pro
874 3821 1009 3884 viribus
1032 3803 1286 3885 remerendam.

243 3949 338 4011 Date
363 3967 410 4010 ex
440 3955 556 4009 castro
588 3966 667 4009 meo
693 3945 896 4009 Coloniensi
921 3945 1101 4009 Vicesima
1125 3946 1183 4009 die
1206 3946 1338 4010 mensis
1350 3946 1436 4010 Maii

155 4057 265 4119 Anno
288 4053 434 4117 Domini
458 4053 637 4115 Vicesimo
662 4062 799 4133 quarto.

245 4180 414 4242 Eiusdem
438 4178 568 4242 Vestre
593 4177 809 4243 Sanctitatis

243 4304 437 4385 Joaehinus
461 4304 622 4367 Marchio
651 4304 1021 4387 Brandemburgensis
1051 4302 1152 4368 Sacri
1183 4304 1338 4367 Romani
1370 4303 1432 4366 Im-

151 4412 244 4495 perii
279 4410 607 4475 Archicamerarius
642 4411 885 4495 Princepsque
910 4412 1054 4475 Elector
1082 4409 1309 4475 Stettinensis
1338 4431 1433 4493 pom·

151 4520 312 4583 meranie
335 4529 402 4583 etc.
426 4522 500 4582 dux
525 4527 591 4584 etc.

314 4644 423 4707 Manu
448 4654 513 4707 etc.
