<?xml version="1.0" encoding="UTF-8"?>
<!DOCTYPE html PUBLIC "-//W3C//DTD XHTML 1.0 Transitional//EN"
    "http://www.w3.org/TR/xhtml1/DTD/xhtml1-transitional.dtd">
<html xmlns="http://www.w3.org/1999/xhtml" xml:lang="en" lang="en">
 <head>
  <title>
</title>
<meta http-equiv="Content-Type" content="text/html;charset=utf-8" />
  <meta name='ocr-system' content='tesseract 3.04.00' />
  <meta name='ocr-capabilities' content='ocr_page ocr_carea ocr_par ocr_line ocrx_word'/>
</head>
<body>
  <div class='ocr_page' id='page_1' title='image "./monumentareform01vatigoog_0278.png"; bbox 0 0 3559 5734; ppageno 0'>
   <div class='ocr_carea' id='block_1_1' title="bbox 743 505 991 562">
    <p class='ocr_par' dir='ltr' id='par_1_1' title="bbox 743 505 991 562">
     <span class='ocr_line' id='line_1_1' title="bbox 743 505 991 562; baseline -0.008 0"><span class='ocrx_word' id='word_1_1' title='bbox 743 505 991 562; x_wconf 56' lang='grc' dir='ltr'>ῡ-ΜόΟΕΗ</span> 
     </span>
    </p>
   </div>
   <div class='ocr_carea' id='block_1_2' title="bbox 227 649 1514 4916">
    <p class='ocr_par' dir='ltr' id='par_1_2' title="bbox 227 649 1514 4916">
     <span class='ocr_line' id='line_1_2' title="bbox 227 649 1509 719; baseline -0.002 0"><span class='ocrx_word' id='word_1_2' title='bbox 227 649 262 719; x_wconf 91' lang='lat' dir='ltr'>lo</span> <span class='ocrx_word' id='word_1_3' title='bbox 302 666 506 719; x_wconf 87' lang='lat' dir='ltr'>accettorno</span> <span class='ocrx_word' id='word_1_4' title='bbox 544 654 773 716; x_wconf 90' lang='lat' dir='ltr'>monstrando</span> <span class='ocrx_word' id='word_1_5' title='bbox 808 663 906 716; x_wconf 90' lang='lat' dir='ltr'>certo</span> <span class='ocrx_word' id='word_1_6' title='bbox 942 655 1038 714; x_wconf 91' lang='lat' dir='ltr'>bona</span> <span class='ocrx_word' id='word_1_7' title='bbox 1075 652 1280 716; x_wconf 85' lang='lat' dir='ltr'>obedientia</span> <span class='ocrx_word' id='word_1_8' title='bbox 1312 666 1346 717; x_wconf 87' lang='lat' dir='ltr'>et</span> <span class='ocrx_word' id='word_1_9' title='bbox 1373 655 1449 717; x_wconf 89' lang='lat' dir='ltr'>zelo</span> <span class='ocrx_word' id='word_1_10' title='bbox 1474 655 1509 717; x_wconf 90' lang='lat' dir='ltr'>al</span> 
     </span>
     <span class='ocr_line' id='line_1_3' title="bbox 229 759 1509 843; baseline -0.004 -16"><span class='ocrx_word' id='word_1_11' title='bbox 229 762 477 834; x_wconf 87' lang='lat' dir='ltr'>Sanctissimo;</span> <span class='ocrx_word' id='word_1_12' title='bbox 510 763 571 823; x_wconf 88' lang='lat' dir='ltr'>alli</span> <span class='ocrx_word' id='word_1_13' title='bbox 603 759 684 824; x_wconf 89' lang='lat' dir='ltr'>altri</span> <span class='ocrx_word' id='word_1_14' title='bbox 709 759 866 840; x_wconf 85' lang='lat' dir='ltr'>Principi</span> <span class='ocrx_word' id='word_1_15' title='bbox 898 759 1079 840; x_wconf 87' lang='lat' dir='ltr'>presentai</span> <span class='ocrx_word' id='word_1_16' title='bbox 1111 760 1171 839; x_wconf 92' lang='lat' dir='ltr'>poi</span> <span class='ocrx_word' id='word_1_17' title='bbox 1203 760 1226 822; x_wconf 94' lang='lat' dir='ltr'>li</span> <span class='ocrx_word' id='word_1_18' title='bbox 1261 760 1337 824; x_wconf 91' lang='lat' dir='ltr'>suoi</span> <span class='ocrx_word' id='word_1_19' title='bbox 1361 782 1382 824; x_wconf 87' lang='lat' dir='ltr'>a</span> <span class='ocrx_word' id='word_1_20' title='bbox 1405 770 1509 843; x_wconf 88' lang='lat' dir='ltr'>parte</span> 
     </span>
     <span class='ocr_line' id='line_1_4' title="bbox 228 865 1509 952; baseline -0.002 -19"><span class='ocrx_word' id='word_1_21' title='bbox 228 871 359 952; x_wconf 73' lang='lat' dir='ltr'>perche</span> <span class='ocrx_word' id='word_1_22' title='bbox 385 869 477 933; x_wconf 87' lang='lat' dir='ltr'>cossi</span> <span class='ocrx_word' id='word_1_23' title='bbox 510 888 616 950; x_wconf 89' lang='lat' dir='ltr'>parse</span> <span class='ocrx_word' id='word_1_24' title='bbox 649 868 681 928; x_wconf 92' lang='lat' dir='ltr'>el</span> <span class='ocrx_word' id='word_1_25' title='bbox 713 866 818 929; x_wconf 90' lang='lat' dir='ltr'>melio</span> <span class='ocrx_word' id='word_1_26' title='bbox 850 886 916 948; x_wconf 88' lang='lat' dir='ltr'>per</span> <span class='ocrx_word' id='word_1_27' title='bbox 949 865 1057 928; x_wconf 90' lang='lat' dir='ltr'>molte</span> <span class='ocrx_word' id='word_1_28' title='bbox 1082 886 1198 930; x_wconf 87' lang='lat' dir='ltr'>cause.</span> <span class='ocrx_word' id='word_1_29' title='bbox 1248 866 1383 948; x_wconf 83' lang='lat' dir='ltr'>Questo</span> <span class='ocrx_word' id='word_1_30' title='bbox 1407 866 1509 947; x_wconf 83' lang='lat' dir='ltr'>fatto,</span> 
     </span>
     <span class='ocr_line' id='line_1_5' title="bbox 229 971 1510 1052; baseline -0.005 -11"><span class='ocrx_word' id='word_1_31' title='bbox 229 978 338 1041; x_wconf 81' lang='lat' dir='ltr'>Cesar</span> <span class='ocrx_word' id='word_1_32' title='bbox 373 979 469 1039; x_wconf 80' lang='lat' dir='ltr'>resto</span> <span class='ocrx_word' id='word_1_33' title='bbox 501 976 578 1038; x_wconf 91' lang='lat' dir='ltr'>solo</span> <span class='ocrx_word' id='word_1_34' title='bbox 610 995 687 1036; x_wconf 88' lang='lat' dir='ltr'>cum</span> <span class='ocrx_word' id='word_1_35' title='bbox 720 973 744 1036; x_wconf 90' lang='lat' dir='ltr'>li</span> <span class='ocrx_word' id='word_1_36' title='bbox 778 971 935 1052; x_wconf 89' lang='lat' dir='ltr'>Principi</span> <span class='ocrx_word' id='word_1_37' title='bbox 967 971 1114 1034; x_wconf 86' lang='lat' dir='ltr'>electori</span> <span class='ocrx_word' id='word_1_38' title='bbox 1149 981 1185 1034; x_wconf 92' lang='lat' dir='ltr'>et</span> <span class='ocrx_word' id='word_1_39' title='bbox 1215 973 1332 1036; x_wconf 87' lang='lat' dir='ltr'>alcuni</span> <span class='ocrx_word' id='word_1_40' title='bbox 1363 974 1443 1036; x_wconf 90' lang='lat' dir='ltr'>altri</span> <span class='ocrx_word' id='word_1_41' title='bbox 1474 984 1510 1037; x_wconf 88' lang='lat' dir='ltr'>et</span> 
     </span>
     <span class='ocr_line' id='line_1_6' title="bbox 229 1079 1509 1165; baseline -0.002 -19"><span class='ocrx_word' id='word_1_42' title='bbox 229 1084 350 1147; x_wconf 86' lang='lat' dir='ltr'>fattosi</span> <span class='ocrx_word' id='word_1_43' title='bbox 375 1093 547 1165; x_wconf 80' lang='lat' dir='ltr'>apportat</span> <span class='ocrx_word' id='word_1_44' title='bbox 571 1081 736 1160; x_wconf 83' lang='lat' dir='ltr'>l&#39;editto,</span> <span class='ocrx_word' id='word_1_45' title='bbox 767 1079 862 1141; x_wconf 88' lang='lat' dir='ltr'>disse</span> <span class='ocrx_word' id='word_1_46' title='bbox 893 1082 969 1141; x_wconf 93' lang='lat' dir='ltr'>loro</span> <span class='ocrx_word' id='word_1_47' title='bbox 998 1099 1076 1141; x_wconf 90' lang='lat' dir='ltr'>cum</span> <span class='ocrx_word' id='word_1_48' title='bbox 1101 1079 1279 1162; x_wconf 78' lang='lat' dir='ltr'>authorita</span> <span class='ocrx_word' id='word_1_49' title='bbox 1302 1090 1509 1145; x_wconf 88' lang='lat' dir='ltr'>veramente</span> 
     </span>
     <span class='ocr_line' id='line_1_7' title="bbox 229 1179 1511 1272; baseline -0.003 -18"><span class='ocrx_word' id='word_1_50' title='bbox 229 1192 393 1269; x_wconf 83' lang='lat' dir='ltr'>Cesarea,</span> <span class='ocrx_word' id='word_1_51' title='bbox 419 1199 543 1272; x_wconf 89' lang='lat' dir='ltr'>questo</span> <span class='ocrx_word' id='word_1_52' title='bbox 569 1190 586 1252; x_wconf 76' lang='grc' dir='ltr'>ὲ</span> <span class='ocrx_word' id='word_1_53' title='bbox 611 1189 647 1250; x_wconf 84' lang='grc'>10</span> <span class='ocrx_word' id='word_1_54' title='bbox 672 1186 783 1250; x_wconf 88' lang='lat' dir='ltr'>editto</span> <span class='ocrx_word' id='word_1_55' title='bbox 808 1188 873 1249; x_wconf 90' lang='lat' dir='ltr'>che</span> <span class='ocrx_word' id='word_1_56' title='bbox 898 1186 932 1248; x_wconf 92' lang='lat' dir='ltr'>io</span> <span class='ocrx_word' id='word_1_57' title='bbox 957 1186 1103 1250; x_wconf 84' lang='lat' dir='ltr'>intendo</span> <span class='ocrx_word' id='word_1_58' title='bbox 1122 1188 1221 1249; x_wconf 90' lang='lat' dir='ltr'>voler</span> <span class='ocrx_word' id='word_1_59' title='bbox 1245 1189 1392 1269; x_wconf 86' lang='lat' dir='ltr'>exequir</span> <span class='ocrx_word' id='word_1_60' title='bbox 1415 1179 1511 1251; x_wconf 61' lang='lat' dir='ltr'>in&#39;la</span> 
     </span>
     <span class='ocr_line' id='line_1_8' title="bbox 229 1292 1509 1376; baseline -0.004 -16"><span class='ocrx_word' id='word_1_61' title='bbox 229 1298 564 1373; x_wconf 84' lang='lat' dir='ltr'>causaLutherana,</span> <span class='ocrx_word' id='word_1_62' title='bbox 589 1294 648 1358; x_wconf 91' lang='lat' dir='ltr'>voi</span> <span class='ocrx_word' id='word_1_63' title='bbox 672 1296 706 1356; x_wconf 92' lang='lat' dir='ltr'>lo</span> <span class='ocrx_word' id='word_1_64' title='bbox 731 1294 912 1371; x_wconf 84' lang='lat' dir='ltr'>vederete,</span> <span class='ocrx_word' id='word_1_65' title='bbox 939 1303 974 1354; x_wconf 89' lang='lat' dir='ltr'>et</span> <span class='ocrx_word' id='word_1_66' title='bbox 998 1293 1090 1356; x_wconf 87' lang='lat' dir='ltr'>cossi</span> <span class='ocrx_word' id='word_1_67' title='bbox 1114 1292 1151 1356; x_wconf 82' lang='lat' dir='ltr'>fu</span> <span class='ocrx_word' id='word_1_68' title='bbox 1175 1295 1263 1358; x_wconf 89' lang='lat' dir='ltr'>letto</span> <span class='ocrx_word' id='word_1_69' title='bbox 1288 1315 1353 1376; x_wconf 87' lang='lat' dir='ltr'>per</span> <span class='ocrx_word' id='word_1_70' title='bbox 1377 1296 1410 1357; x_wconf 91' lang='lat' dir='ltr'>el</span> <span class='ocrx_word' id='word_1_71' title='bbox 1435 1296 1509 1357; x_wconf 91' lang='lat' dir='ltr'>dot·</span> 
     </span>
     <span class='ocr_line' id='line_1_9' title="bbox 229 1400 1512 1487; baseline -0.005 -19"><span class='ocrx_word' id='word_1_72' title='bbox 229 1417 284 1469; x_wconf 89' lang='lat' dir='ltr'>tor</span> <span class='ocrx_word' id='word_1_73' title='bbox 299 1406 473 1487; x_wconf 76' lang='lat' dir='ltr'>Spieghel</span> <span class='ocrx_word' id='word_1_74' title='bbox 498 1425 566 1468; x_wconf 90' lang='lat' dir='ltr'>con</span> <span class='ocrx_word' id='word_1_75' title='bbox 590 1403 727 1485; x_wconf 82' lang='lat' dir='ltr'>grande</span> <span class='ocrx_word' id='word_1_76' title='bbox 752 1401 926 1464; x_wconf 89' lang='lat' dir='ltr'>attention</span> <span class='ocrx_word' id='word_1_77' title='bbox 952 1402 997 1463; x_wconf 91' lang='lat' dir='ltr'>de</span> <span class='ocrx_word' id='word_1_78' title='bbox 1022 1401 1113 1481; x_wconf 88' lang='lat' dir='ltr'>tutti,</span> <span class='ocrx_word' id='word_1_79' title='bbox 1138 1411 1173 1464; x_wconf 91' lang='lat' dir='ltr'>et</span> <span class='ocrx_word' id='word_1_80' title='bbox 1189 1401 1225 1464; x_wconf 93' lang='lat' dir='ltr'>in</span> <span class='ocrx_word' id='word_1_81' title='bbox 1243 1400 1313 1465; x_wconf 91' lang='lat' dir='ltr'>fine</span> <span class='ocrx_word' id='word_1_82' title='bbox 1329 1403 1364 1464; x_wconf 96' lang='lat' dir='ltr'>lo</span> <span class='ocrx_word' id='word_1_83' title='bbox 1381 1404 1512 1465; x_wconf 89' lang='lat' dir='ltr'>elettor</span> 
     </span>
     <span class='ocr_line' id='line_1_10' title="bbox 229 1508 1511 1593; baseline -0.005 -17"><span class='ocrx_word' id='word_1_84' title='bbox 229 1513 379 1593; x_wconf 89' lang='lat' dir='ltr'>Joachin</span> <span class='ocrx_word' id='word_1_85' title='bbox 405 1531 580 1574; x_wconf 89' lang='lat' dir='ltr'>consensu</span> <span class='ocrx_word' id='word_1_86' title='bbox 606 1520 641 1572; x_wconf 91' lang='lat' dir='ltr'>et</span> <span class='ocrx_word' id='word_1_87' title='bbox 666 1509 807 1573; x_wconf 89' lang='lat' dir='ltr'>nomine</span> <span class='ocrx_word' id='word_1_88' title='bbox 831 1508 987 1570; x_wconf 89' lang='lat' dir='ltr'>omnium</span> <span class='ocrx_word' id='word_1_89' title='bbox 1012 1508 1124 1589; x_wconf 87' lang='lat' dir='ltr'>disse,</span> <span class='ocrx_word' id='word_1_90' title='bbox 1156 1509 1221 1570; x_wconf 86' lang='lat' dir='ltr'>che</span> <span class='ocrx_word' id='word_1_91' title='bbox 1246 1509 1359 1571; x_wconf 90' lang='lat' dir='ltr'>alloro</span> <span class='ocrx_word' id='word_1_92' title='bbox 1384 1508 1511 1590; x_wconf 89' lang='lat' dir='ltr'>piacea</span> 
     </span>
     <span class='ocr_line' id='line_1_11' title="bbox 230 1614 1510 1701; baseline -0.006 -17"><span class='ocrx_word' id='word_1_93' title='bbox 230 1620 373 1701; x_wconf 89' lang='lat' dir='ltr'>leditt0‚</span> <span class='ocrx_word' id='word_1_94' title='bbox 407 1628 443 1682; x_wconf 91' lang='lat' dir='ltr'>et</span> <span class='ocrx_word' id='word_1_95' title='bbox 473 1622 539 1683; x_wconf 86' lang='lat' dir='ltr'>che</span> <span class='ocrx_word' id='word_1_96' title='bbox 564 1639 602 1681; x_wconf 86' lang='lat' dir='ltr'>se</span> <span class='ocrx_word' id='word_1_97' title='bbox 633 1617 819 1680; x_wconf 83' lang='lat' dir='ltr'>mandasse</span> <span class='ocrx_word' id='word_1_98' title='bbox 848 1616 894 1678; x_wconf 90' lang='lat' dir='ltr'>ad</span> <span class='ocrx_word' id='word_1_99' title='bbox 925 1616 1139 1679; x_wconf 84' lang='lat' dir='ltr'>executione</span> <span class='ocrx_word' id='word_1_100' title='bbox 1170 1636 1276 1678; x_wconf 82' lang='lat' dir='ltr'>senza</span> <span class='ocrx_word' id='word_1_101' title='bbox 1299 1614 1439 1679; x_wconf 88' lang='lat' dir='ltr'>mutarli</span> <span class='ocrx_word' id='word_1_102' title='bbox 1463 1634 1510 1676; x_wconf 91' lang='lat' dir='ltr'>un</span> 
     </span>
     <span class='ocr_line' id='line_1_12' title="bbox 230 1721 1512 1815; baseline -0.006 -24"><span class='ocrx_word' id='word_1_103' title='bbox 230 1729 313 1808; x_wconf 86' lang='lat' dir='ltr'>iota,</span> <span class='ocrx_word' id='word_1_104' title='bbox 337 1736 373 1791; x_wconf 91' lang='lat' dir='ltr'>et</span> <span class='ocrx_word' id='word_1_105' title='bbox 397 1727 461 1789; x_wconf 87' lang='lat' dir='ltr'>che</span> <span class='ocrx_word' id='word_1_106' title='bbox 487 1725 579 1787; x_wconf 85' lang='lat' dir='ltr'>cossi</span> <span class='ocrx_word' id='word_1_107' title='bbox 604 1744 665 1786; x_wconf 87' lang='lat' dir='ltr'>era</span> <span class='ocrx_word' id='word_1_108' title='bbox 689 1732 782 1786; x_wconf 88' lang='lat' dir='ltr'>stata</span> <span class='ocrx_word' id='word_1_109' title='bbox 805 1725 839 1785; x_wconf 94' lang='lat' dir='ltr'>la</span> <span class='ocrx_word' id='word_1_110' title='bbox 864 1731 982 1815; x_wconf 82' lang='lat' dir='ltr'>mente</span> <span class='ocrx_word' id='word_1_111' title='bbox 1007 1732 1042 1784; x_wconf 92' lang='lat' dir='ltr'>et</span> <span class='ocrx_word' id='word_1_112' title='bbox 1066 1722 1271 1786; x_wconf 87' lang='lat' dir='ltr'>conclusion</span> <span class='ocrx_word' id='word_1_113' title='bbox 1303 1724 1348 1784; x_wconf 92' lang='lat' dir='ltr'>de</span> <span class='ocrx_word' id='word_1_114' title='bbox 1383 1721 1463 1786; x_wconf 88' lang='lat' dir='ltr'>tutti</span> <span class='ocrx_word' id='word_1_115' title='bbox 1486 1721 1512 1783; x_wconf 90' lang='lat' dir='ltr'>li</span> 
     </span>
     <span class='ocr_line' id='line_1_13' title="bbox 229 1829 1511 1915; baseline -0.005 -18"><span class='ocrx_word' id='word_1_116' title='bbox 229 1834 311 1897; x_wconf 89' lang='lat' dir='ltr'>stati</span> <span class='ocrx_word' id='word_1_117' title='bbox 336 1836 380 1897; x_wconf 91' lang='lat' dir='ltr'>de</span> <span class='ocrx_word' id='word_1_118' title='bbox 404 1831 576 1914; x_wconf 89' lang='lat' dir='ltr'>limperio.</span> <span class='ocrx_word' id='word_1_119' title='bbox 624 1830 663 1893; x_wconf 93' lang='lat' dir='ltr'>Io</span> <span class='ocrx_word' id='word_1_120' title='bbox 688 1830 722 1892; x_wconf 89' lang='lat' dir='ltr'>di</span> <span class='ocrx_word' id='word_1_121' title='bbox 747 1839 874 1911; x_wconf 89' lang='lat' dir='ltr'>questo</span> <span class='ocrx_word' id='word_1_122' title='bbox 899 1849 944 1915; x_wconf 78' lang='lat' dir='ltr'>ne</span> <span class='ocrx_word' id='word_1_123' title='bbox 960 1829 1150 1892; x_wconf 89' lang='lat' dir='ltr'>demandai</span> <span class='ocrx_word' id='word_1_124' title='bbox 1173 1839 1247 1893; x_wconf 90' lang='lat' dir='ltr'>atto</span> <span class='ocrx_word' id='word_1_125' title='bbox 1272 1829 1452 1892; x_wconf 90' lang='lat' dir='ltr'>autentico</span> <span class='ocrx_word' id='word_1_126' title='bbox 1477 1830 1511 1891; x_wconf 96' lang='lat' dir='ltr'>al</span> 
     </span>
     <span class='ocr_line' id='line_1_14' title="bbox 230 1933 1512 2022; baseline -0.005 -19"><span class='ocrx_word' id='word_1_127' title='bbox 230 1945 356 2005; x_wconf 88' lang='lat' dir='ltr'>doctor</span> <span class='ocrx_word' id='word_1_128' title='bbox 381 1938 554 2022; x_wconf 85' lang='lat' dir='ltr'>Spieghel</span> <span class='ocrx_word' id='word_1_129' title='bbox 578 1959 679 2000; x_wconf 93' lang='lat' dir='ltr'>como</span> <span class='ocrx_word' id='word_1_130' title='bbox 704 1936 843 1999; x_wconf 88' lang='lat' dir='ltr'>notario</span> <span class='ocrx_word' id='word_1_131' title='bbox 869 1946 905 1999; x_wconf 89' lang='lat' dir='ltr'>et</span> <span class='ocrx_word' id='word_1_132' title='bbox 929 1933 1131 2000; x_wconf 88' lang='lat' dir='ltr'>Secretario</span> <span class='ocrx_word' id='word_1_133' title='bbox 1155 1937 1356 2019; x_wconf 88' lang='lat' dir='ltr'>imperiale,</span> <span class='ocrx_word' id='word_1_134' title='bbox 1386 1946 1422 1999; x_wconf 91' lang='lat' dir='ltr'>et</span> <span class='ocrx_word' id='word_1_135' title='bbox 1450 1934 1512 2016; x_wconf 76' lang='lat' dir='ltr'>gia</span> 
     </span>
     <span class='ocr_line' id='line_1_15' title="bbox 231 2030 1511 2113; baseline -0.005 -1"><span class='ocrx_word' id='word_1_136' title='bbox 231 2048 393 2113; x_wconf 84' lang='lat' dir='ltr'>Palantia</span> <span class='ocrx_word' id='word_1_137' title='bbox 416 2048 564 2110; x_wconf 87' lang='lat' dir='ltr'>l&#39;havea</span> <span class='ocrx_word' id='word_1_138' title='bbox 588 2030 803 2106; x_wconf 89' lang='lat' dir='ltr'>demandato</span> <span class='ocrx_word' id='word_1_139' title='bbox 829 2043 971 2106; x_wconf 88' lang='lat' dir='ltr'>nomine</span> <span class='ocrx_word' id='word_1_140' title='bbox 996 2041 1168 2107; x_wconf 88' lang='lat' dir='ltr'>Caesaris.</span> <span class='ocrx_word' id='word_1_141' title='bbox 1215 2043 1281 2106; x_wconf 88' lang='lat' dir='ltr'>Poi</span> <span class='ocrx_word' id='word_1_142' title='bbox 1307 2043 1409 2106; x_wconf 88' lang='lat' dir='ltr'>usciti</span> <span class='ocrx_word' id='word_1_143' title='bbox 1432 2042 1511 2106; x_wconf 88' lang='lat' dir='ltr'>fora</span> 
     </span>
     <span class='ocr_line' id='line_1_16' title="bbox 231 2153 1511 2234; baseline -0.002 -17"><span class='ocrx_word' id='word_1_144' title='bbox 231 2171 428 2218; x_wconf 87' lang='lat' dir='ltr'>trovammo</span> <span class='ocrx_word' id='word_1_145' title='bbox 452 2164 544 2216; x_wconf 87' lang='lat' dir='ltr'>tutto</span> <span class='ocrx_word' id='word_1_146' title='bbox 569 2153 593 2214; x_wconf 89' lang='lat' dir='ltr'>il</span> <span class='ocrx_word' id='word_1_147' title='bbox 617 2153 747 2216; x_wconf 90' lang='lat' dir='ltr'>mondo</span> <span class='ocrx_word' id='word_1_148' title='bbox 772 2153 838 2213; x_wconf 88' lang='lat' dir='ltr'>che</span> <span class='ocrx_word' id='word_1_149' title='bbox 863 2160 1065 2234; x_wconf 82' lang='lat' dir='ltr'>expectava</span> <span class='ocrx_word' id='word_1_150' title='bbox 1089 2160 1215 2232; x_wconf 90' lang='lat' dir='ltr'>questa</span> <span class='ocrx_word' id='word_1_151' title='bbox 1238 2153 1432 2214; x_wconf 87' lang='lat' dir='ltr'>benedetta</span> <span class='ocrx_word' id='word_1_152' title='bbox 1459 2171 1511 2214; x_wconf 88' lang='lat' dir='ltr'>re-</span> 
     </span>
     <span class='ocr_line' id='line_1_17' title="bbox 231 2258 1510 2341; baseline -0.003 -16"><span class='ocrx_word' id='word_1_153' title='bbox 231 2262 417 2340; x_wconf 90' lang='lat' dir='ltr'>solutione,</span> <span class='ocrx_word' id='word_1_154' title='bbox 442 2260 575 2341; x_wconf 74' lang='lat' dir='ltr'>perche</span> <span class='ocrx_word' id='word_1_155' title='bbox 599 2258 658 2341; x_wconf 71' lang='lat' dir='ltr'>gia</span> <span class='ocrx_word' id='word_1_156' title='bbox 682 2258 815 2340; x_wconf 89' lang='lat' dir='ltr'>passim</span> <span class='ocrx_word' id='word_1_157' title='bbox 838 2279 876 2321; x_wconf 91' lang='lat' dir='ltr'>se</span> <span class='ocrx_word' id='word_1_158' title='bbox 901 2259 1094 2339; x_wconf 87' lang='lat' dir='ltr'>divulgava</span> <span class='ocrx_word' id='word_1_159' title='bbox 1117 2277 1183 2339; x_wconf 91' lang='lat' dir='ltr'>per</span> <span class='ocrx_word' id='word_1_160' title='bbox 1206 2258 1288 2321; x_wconf 91' lang='lat' dir='ltr'>tutti</span> <span class='ocrx_word' id='word_1_161' title='bbox 1312 2259 1428 2341; x_wconf 86' lang='lat' dir='ltr'>questi</span> <span class='ocrx_word' id='word_1_162' title='bbox 1451 2279 1510 2340; x_wconf 89' lang='lat' dir='ltr'>pa·</span> 
     </span>
     <span class='ocr_line' id='line_1_18' title="bbox 231 2364 1512 2433; baseline -0.003 0"><span class='ocrx_word' id='word_1_163' title='bbox 231 2371 281 2433; x_wconf 88' lang='lat' dir='ltr'>esi</span> <span class='ocrx_word' id='word_1_164' title='bbox 313 2369 378 2430; x_wconf 75' lang='lat' dir='ltr'>che</span> <span class='ocrx_word' id='word_1_165' title='bbox 404 2366 537 2429; x_wconf 87' lang='lat' dir='ltr'>Caesar</span> <span class='ocrx_word' id='word_1_166' title='bbox 567 2366 671 2429; x_wconf 91' lang='lat' dir='ltr'>melio</span> <span class='ocrx_word' id='word_1_167' title='bbox 704 2365 895 2429; x_wconf 81' lang='lat' dir='ltr'>informato</span> <span class='ocrx_word' id='word_1_168' title='bbox 930 2367 974 2427; x_wconf 92' lang='lat' dir='ltr'>de</span> <span class='ocrx_word' id='word_1_169' title='bbox 1005 2367 1038 2427; x_wconf 91' lang='lat' dir='ltr'>le</span> <span class='ocrx_word' id='word_1_170' title='bbox 1062 2384 1144 2428; x_wconf 90' lang='lat' dir='ltr'>cose</span> <span class='ocrx_word' id='word_1_171' title='bbox 1169 2364 1214 2427; x_wconf 88' lang='lat' dir='ltr'>de</span> <span class='ocrx_word' id='word_1_172' title='bbox 1238 2365 1372 2429; x_wconf 87' lang='lat' dir='ltr'>Luther</span> <span class='ocrx_word' id='word_1_173' title='bbox 1395 2369 1512 2429; x_wconf 90' lang='lat' dir='ltr'>havea</span> 
     </span>
     <span class='ocr_line' id='line_1_19' title="bbox 230 2472 1510 2557; baseline -0.002 -18"><span class='ocrx_word' id='word_1_174' title='bbox 230 2486 399 2539; x_wconf 87' lang='lat' dir='ltr'>revocato</span> <span class='ocrx_word' id='word_1_175' title='bbox 427 2474 453 2536; x_wconf 90' lang='lat' dir='ltr'>il</span> <span class='ocrx_word' id='word_1_176' title='bbox 484 2475 652 2536; x_wconf 88' lang='lat' dir='ltr'>mandato</span> <span class='ocrx_word' id='word_1_177' title='bbox 678 2483 713 2535; x_wconf 91' lang='lat' dir='ltr'>et</span> <span class='ocrx_word' id='word_1_178' title='bbox 738 2493 799 2535; x_wconf 89' lang='lat' dir='ltr'>era</span> <span class='ocrx_word' id='word_1_179' title='bbox 824 2472 917 2535; x_wconf 90' lang='lat' dir='ltr'>assai</span> <span class='ocrx_word' id='word_1_180' title='bbox 947 2482 1145 2554; x_wconf 87' lang='lat' dir='ltr'>apparente</span> <span class='ocrx_word' id='word_1_181' title='bbox 1169 2493 1316 2554; x_wconf 85' lang='lat' dir='ltr'>apresso</span> <span class='ocrx_word' id='word_1_182' title='bbox 1352 2474 1376 2535; x_wconf 93' lang='lat' dir='ltr'>il</span> <span class='ocrx_word' id='word_1_183' title='bbox 1401 2475 1510 2557; x_wconf 89' lang='lat' dir='ltr'>vulgo</span> 
     </span>
     <span class='ocr_line' id='line_1_20' title="bbox 231 2580 1508 2667; baseline -0.002 -21"><span class='ocrx_word' id='word_1_184' title='bbox 231 2583 362 2667; x_wconf 73' lang='lat' dir='ltr'>perche</span> <span class='ocrx_word' id='word_1_185' title='bbox 387 2602 488 2645; x_wconf 90' lang='lat' dir='ltr'>como</span> <span class='ocrx_word' id='word_1_186' title='bbox 513 2580 630 2643; x_wconf 86' lang='lat' dir='ltr'>scrissi</span> <span class='ocrx_word' id='word_1_187' title='bbox 655 2600 720 2661; x_wconf 91' lang='lat' dir='ltr'>per</span> <span class='ocrx_word' id='word_1_188' title='bbox 745 2580 812 2642; x_wconf 90' lang='lat' dir='ltr'>mie</span> <span class='ocrx_word' id='word_1_189' title='bbox 833 2581 953 2642; x_wconf 89' lang='lat' dir='ltr'>ultime</span> <span class='ocrx_word' id='word_1_190' title='bbox 978 2580 1036 2661; x_wconf 76' lang='lat' dir='ltr'>gia</span> <span class='ocrx_word' id='word_1_191' title='bbox 1062 2581 1081 2641; x_wconf 92' lang='lat' dir='ltr'>l’</span> <span class='ocrx_word' id='word_1_192' title='bbox 1098 2580 1290 2662; x_wconf 85' lang='lat' dir='ltr'>impressor</span> <span class='ocrx_word' id='word_1_193' title='bbox 1315 2584 1430 2644; x_wconf 90' lang='lat' dir='ltr'>havea</span> <span class='ocrx_word' id='word_1_194' title='bbox 1454 2602 1508 2644; x_wconf 89' lang='lat' dir='ltr'>co-</span> 
     </span>
     <span class='ocr_line' id='line_1_21' title="bbox 231 2686 1511 2770; baseline -0.002 -18"><span class='ocrx_word' id='word_1_195' title='bbox 231 2689 396 2752; x_wconf 87' lang='lat' dir='ltr'>minciato</span> <span class='ocrx_word' id='word_1_196' title='bbox 420 2691 455 2750; x_wconf 91' lang='lat' dir='ltr'>la</span> <span class='ocrx_word' id='word_1_197' title='bbox 471 2687 586 2767; x_wconf 90' lang='lat' dir='ltr'>prima</span> <span class='ocrx_word' id='word_1_198' title='bbox 610 2687 734 2767; x_wconf 84' lang='lat' dir='ltr'>forma,</span> <span class='ocrx_word' id='word_1_199' title='bbox 759 2689 904 2767; x_wconf 89' lang='lat' dir='ltr'>quando</span> <span class='ocrx_word' id='word_1_200' title='bbox 920 2686 957 2749; x_wconf 82' lang='lat' dir='ltr'>fu</span> <span class='ocrx_word' id='word_1_201' title='bbox 975 2689 1186 2750; x_wconf 88' lang='lat' dir='ltr'>comandato</span> <span class='ocrx_word' id='word_1_202' title='bbox 1209 2709 1279 2751; x_wconf 91' lang='lat' dir='ltr'>non</span> <span class='ocrx_word' id='word_1_203' title='bbox 1296 2692 1511 2770; x_wconf 88' lang='lat' dir='ltr'>procedesse</span> 
     </span>
     <span class='ocr_line' id='line_1_22' title="bbox 231 2794 1511 2880; baseline -0.002 -21"><span class='ocrx_word' id='word_1_204' title='bbox 231 2797 289 2879; x_wconf 80' lang='lat' dir='ltr'>piu</span> <span class='ocrx_word' id='word_1_205' title='bbox 316 2796 446 2874; x_wconf 86' lang='lat' dir='ltr'>avanti,</span> <span class='ocrx_word' id='word_1_206' title='bbox 472 2796 589 2857; x_wconf 93' lang='lat' dir='ltr'>donde</span> <span class='ocrx_word' id='word_1_207' title='bbox 615 2795 639 2856; x_wconf 94' lang='lat' dir='ltr'>li</span> <span class='ocrx_word' id='word_1_208' title='bbox 663 2794 858 2858; x_wconf 88' lang='lat' dir='ltr'>Lutherani</span> <span class='ocrx_word' id='word_1_209' title='bbox 882 2815 927 2858; x_wconf 89' lang='lat' dir='ltr'>ne</span> <span class='ocrx_word' id='word_1_210' title='bbox 951 2795 1071 2858; x_wconf 84' lang='lat' dir='ltr'>fecero</span> <span class='ocrx_word' id='word_1_211' title='bbox 1096 2795 1218 2875; x_wconf 89' lang='lat' dir='ltr'>iubilo,</span> <span class='ocrx_word' id='word_1_212' title='bbox 1243 2796 1267 2857; x_wconf 94' lang='lat' dir='ltr'>il</span> <span class='ocrx_word' id='word_1_213' title='bbox 1291 2799 1374 2878; x_wconf 93' lang='lat' dir='ltr'>qual</span> <span class='ocrx_word' id='word_1_214' title='bbox 1398 2798 1511 2880; x_wconf 79' lang='lat' dir='ltr'>perho</span> 
     </span>
     <span class='ocr_line' id='line_1_23' title="bbox 232 2902 1510 2986; baseline -0.002 -19"><span class='ocrx_word' id='word_1_215' title='bbox 232 2924 323 2986; x_wconf 89' lang='lat' dir='ltr'>poco</span> <span class='ocrx_word' id='word_1_216' title='bbox 348 2903 437 2964; x_wconf 81' lang='lat' dir='ltr'>durh</span> <span class='ocrx_word' id='word_1_217' title='bbox 460 2922 526 2984; x_wconf 90' lang='lat' dir='ltr'>per</span> <span class='ocrx_word' id='word_1_218' title='bbox 550 2905 637 2983; x_wconf 87' lang='lat' dir='ltr'>loro,</span> <span class='ocrx_word' id='word_1_219' title='bbox 663 2902 778 2966; x_wconf 89' lang='lat' dir='ltr'>intesa</span> <span class='ocrx_word' id='word_1_220' title='bbox 802 2905 867 2965; x_wconf 88' lang='lat' dir='ltr'>che</span> <span class='ocrx_word' id='word_1_221' title='bbox 892 2904 1052 2966; x_wconf 88' lang='lat' dir='ltr'>hebbero</span> <span class='ocrx_word' id='word_1_222' title='bbox 1077 2916 1203 2983; x_wconf 88' lang='lat' dir='ltr'>questa</span> <span class='ocrx_word' id='word_1_223' title='bbox 1228 2914 1330 2965; x_wconf 89' lang='lat' dir='ltr'>santa</span> <span class='ocrx_word' id='word_1_224' title='bbox 1347 2903 1510 2966; x_wconf 92' lang='lat' dir='ltr'>conchiu-</span> 
     </span>
     <span class='ocr_line' id='line_1_24' title="bbox 231 3008 1510 3091; baseline -0.001 -17"><span class='ocrx_word' id='word_1_225' title='bbox 231 3012 341 3075; x_wconf 87' lang='lat' dir='ltr'>sione.</span> <span class='ocrx_word' id='word_1_226' title='bbox 388 3008 516 3073; x_wconf 84' lang='lat' dir='ltr'>Subito</span> <span class='ocrx_word' id='word_1_227' title='bbox 541 3009 579 3073; x_wconf 90' lang='lat' dir='ltr'>fu</span> <span class='ocrx_word' id='word_1_228' title='bbox 603 3010 788 3090; x_wconf 85' lang='lat' dir='ltr'>divulgata</span> <span class='ocrx_word' id='word_1_229' title='bbox 811 3020 937 3091; x_wconf 86' lang='lat' dir='ltr'>questa</span> <span class='ocrx_word' id='word_1_230' title='bbox 961 3010 1055 3072; x_wconf 83' lang='lat' dir='ltr'>fama</span> <span class='ocrx_word' id='word_1_231' title='bbox 1071 3029 1137 3090; x_wconf 90' lang='lat' dir='ltr'>per</span> <span class='ocrx_word' id='word_1_232' title='bbox 1151 3020 1242 3072; x_wconf 91' lang='lat' dir='ltr'>tutta</span> <span class='ocrx_word' id='word_1_233' title='bbox 1259 3023 1384 3090; x_wconf 83' lang='lat' dir='ltr'>questa</span> <span class='ocrx_word' id='word_1_234' title='bbox 1405 3022 1510 3090; x_wconf 88' lang='lat' dir='ltr'>terra,</span> 
     </span>
     <span class='ocr_line' id='line_1_25' title="bbox 231 3115 1511 3200; baseline -0.002 -18"><span class='ocrx_word' id='word_1_235' title='bbox 231 3139 297 3182; x_wconf 89' lang='lat' dir='ltr'>con</span> <span class='ocrx_word' id='word_1_236' title='bbox 323 3118 460 3199; x_wconf 83' lang='lat' dir='ltr'>grande</span> <span class='ocrx_word' id='word_1_237' title='bbox 484 3118 680 3197; x_wconf 84' lang='lat' dir='ltr'>allegrezza</span> <span class='ocrx_word' id='word_1_238' title='bbox 704 3117 751 3178; x_wconf 91' lang='lat' dir='ltr'>de</span> <span class='ocrx_word' id='word_1_239' title='bbox 774 3115 866 3195; x_wconf 88' lang='lat' dir='ltr'>tutti,</span> <span class='ocrx_word' id='word_1_240' title='bbox 891 3116 1045 3198; x_wconf 88' lang='lat' dir='ltr'>hispani,</span> <span class='ocrx_word' id='word_1_241' title='bbox 1075 3115 1149 3179; x_wconf 89' lang='lat' dir='ltr'>itali</span> <span class='ocrx_word' id='word_1_242' title='bbox 1175 3126 1210 3179; x_wconf 91' lang='lat' dir='ltr'>et</span> <span class='ocrx_word' id='word_1_243' title='bbox 1234 3120 1326 3180; x_wconf 89' lang='lat' dir='ltr'>assai</span> <span class='ocrx_word' id='word_1_244' title='bbox 1349 3117 1511 3200; x_wconf 84' lang='lat' dir='ltr'>germani</span> 
     </span>
     <span class='ocr_line' id='line_1_26' title="bbox 232 3222 1512 3305; baseline -0.001 -17"><span class='ocrx_word' id='word_1_245' title='bbox 232 3236 267 3288; x_wconf 91' lang='lat' dir='ltr'>et</span> <span class='ocrx_word' id='word_1_246' title='bbox 302 3224 394 3287; x_wconf 89' lang='lat' dir='ltr'>assai</span> <span class='ocrx_word' id='word_1_247' title='bbox 418 3223 580 3286; x_wconf 90' lang='lat' dir='ltr'>tristezza</span> <span class='ocrx_word' id='word_1_248' title='bbox 613 3222 683 3285; x_wconf 89' lang='lat' dir='ltr'>deli</span> <span class='ocrx_word' id='word_1_249' title='bbox 716 3223 910 3303; x_wconf 85' lang='lat' dir='ltr'>lutherani,</span> <span class='ocrx_word' id='word_1_250' title='bbox 948 3223 972 3285; x_wconf 91' lang='lat' dir='ltr'>li</span> <span class='ocrx_word' id='word_1_251' title='bbox 996 3224 1091 3304; x_wconf 91' lang='lat' dir='ltr'>quali</span> <span class='ocrx_word' id='word_1_252' title='bbox 1115 3244 1186 3305; x_wconf 91' lang='lat' dir='ltr'>qua</span> <span class='ocrx_word' id='word_1_253' title='bbox 1219 3233 1254 3286; x_wconf 91' lang='lat' dir='ltr'>et</span> <span class='ocrx_word' id='word_1_254' title='bbox 1278 3225 1312 3286; x_wconf 92' lang='lat' dir='ltr'>la</span> <span class='ocrx_word' id='word_1_255' title='bbox 1336 3224 1512 3287; x_wconf 87' lang='lat' dir='ltr'>facevano</span> 
     </span>
     <span class='ocr_line' id='line_1_27' title="bbox 232 3328 1512 3415; baseline 0.001 -20"><span class='ocrx_word' id='word_1_256' title='bbox 232 3329 471 3395; x_wconf 84' lang='lat' dir='ltr'>conventiculi</span> <span class='ocrx_word' id='word_1_257' title='bbox 496 3339 531 3391; x_wconf 88' lang='lat' dir='ltr'>et</span> <span class='ocrx_word' id='word_1_258' title='bbox 554 3328 687 3391; x_wconf 90' lang='lat' dir='ltr'>susurri</span> <span class='ocrx_word' id='word_1_259' title='bbox 712 3331 830 3393; x_wconf 86' lang='lat' dir='ltr'>donde</span> <span class='ocrx_word' id='word_1_260' title='bbox 855 3340 957 3412; x_wconf 91' lang='lat' dir='ltr'>parte</span> <span class='ocrx_word' id='word_1_261' title='bbox 981 3350 1047 3411; x_wconf 91' lang='lat' dir='ltr'>per</span> <span class='ocrx_word' id='word_1_262' title='bbox 1070 3332 1285 3412; x_wconf 84' lang='lat' dir='ltr'>allegrezza‚</span> <span class='ocrx_word' id='word_1_263' title='bbox 1319 3341 1422 3414; x_wconf 88' lang='lat' dir='ltr'>parte</span> <span class='ocrx_word' id='word_1_264' title='bbox 1445 3353 1512 3415; x_wconf 88' lang='lat' dir='ltr'>per</span> 
     </span>
     <span class='ocr_line' id='line_1_28' title="bbox 233 3432 1510 3520; baseline -0.001 -17"><span class='ocrx_word' id='word_1_265' title='bbox 233 3450 324 3503; x_wconf 90' lang='lat' dir='ltr'>tema</span> <span class='ocrx_word' id='word_1_266' title='bbox 349 3432 415 3501; x_wconf 81' lang='lat' dir='ltr'>che</span> <span class='ocrx_word' id='word_1_267' title='bbox 440 3441 517 3500; x_wconf 89' lang='lat' dir='ltr'>loro</span> <span class='ocrx_word' id='word_1_268' title='bbox 542 3457 612 3500; x_wconf 91' lang='lat' dir='ltr'>non</span> <span class='ocrx_word' id='word_1_269' title='bbox 638 3450 847 3501; x_wconf 85' lang='lat' dir='ltr'>trovasseno</span> <span class='ocrx_word' id='word_1_270' title='bbox 873 3440 1023 3520; x_wconf 84' lang='lat' dir='ltr'>qualche</span> <span class='ocrx_word' id='word_1_271' title='bbox 1047 3438 1174 3501; x_wconf 90' lang='lat' dir='ltr'>intrico</span> <span class='ocrx_word' id='word_1_272' title='bbox 1206 3441 1326 3520; x_wconf 90' lang='lat' dir='ltr'>(ancor</span> <span class='ocrx_word' id='word_1_273' title='bbox 1350 3441 1416 3502; x_wconf 90' lang='lat' dir='ltr'>che</span> <span class='ocrx_word' id='word_1_274' title='bbox 1439 3460 1510 3503; x_wconf 90' lang='lat' dir='ltr'>non</span> 
     </span>
     <span class='ocr_line' id='line_1_29' title="bbox 232 3545 1511 3628; baseline 0 -18"><span class='ocrx_word' id='word_1_275' title='bbox 232 3548 273 3611; x_wconf 90' lang='lat' dir='ltr'>sii</span> <span class='ocrx_word' id='word_1_276' title='bbox 298 3546 356 3628; x_wconf 83' lang='lat' dir='ltr'>pilr</span> <span class='ocrx_word' id='word_1_277' title='bbox 382 3545 540 3627; x_wconf 88' lang='lat' dir='ltr'>periculo</span> <span class='ocrx_word' id='word_1_278' title='bbox 566 3546 610 3608; x_wconf 90' lang='lat' dir='ltr'>de</span> <span class='ocrx_word' id='word_1_279' title='bbox 635 3546 702 3627; x_wconf 81' lang='lat' dir='ltr'>cio)</span> <span class='ocrx_word' id='word_1_280' title='bbox 727 3545 795 3608; x_wconf 92' lang='lat' dir='ltr'>mai</span> <span class='ocrx_word' id='word_1_281' title='bbox 819 3546 920 3627; x_wconf 88' lang='lat' dir='ltr'>quasi</span> <span class='ocrx_word' id='word_1_282' title='bbox 944 3548 991 3609; x_wconf 93' lang='lat' dir='ltr'>ho</span> <span class='ocrx_word' id='word_1_283' title='bbox 1015 3546 1167 3608; x_wconf 90' lang='lat' dir='ltr'>dormito</span> <span class='ocrx_word' id='word_1_284' title='bbox 1192 3548 1226 3607; x_wconf 91' lang='lat' dir='ltr'>la</span> <span class='ocrx_word' id='word_1_285' title='bbox 1241 3554 1340 3608; x_wconf 89' lang='lat' dir='ltr'>notte</span> <span class='ocrx_word' id='word_1_286' title='bbox 1356 3558 1511 3628; x_wconf 89' lang='lat' dir='ltr'>passata,</span> 
     </span>
     <span class='ocr_line' id='line_1_30' title="bbox 232 3652 1510 3735; baseline 0 -19"><span class='ocrx_word' id='word_1_287' title='bbox 232 3665 268 3717; x_wconf 91' lang='lat' dir='ltr'>et</span> <span class='ocrx_word' id='word_1_288' title='bbox 293 3663 418 3735; x_wconf 92' lang='lat' dir='ltr'>questa</span> <span class='ocrx_word' id='word_1_289' title='bbox 450 3672 554 3714; x_wconf 90' lang='lat' dir='ltr'>mane</span> <span class='ocrx_word' id='word_1_290' title='bbox 582 3652 616 3715; x_wconf 93' lang='lat' dir='ltr'>in</span> <span class='ocrx_word' id='word_1_291' title='bbox 650 3652 803 3715; x_wconf 86' lang='lat' dir='ltr'>dilucolo</span> <span class='ocrx_word' id='word_1_292' title='bbox 832 3652 940 3715; x_wconf 89' lang='lat' dir='ltr'>andai</span> <span class='ocrx_word' id='word_1_293' title='bbox 965 3655 997 3714; x_wconf 90' lang='lat' dir='ltr'>al</span> <span class='ocrx_word' id='word_1_294' title='bbox 1022 3671 1109 3733; x_wconf 86' lang='lat' dir='ltr'>gran</span> <span class='ocrx_word' id='word_1_295' title='bbox 1136 3652 1340 3715; x_wconf 88' lang='lat' dir='ltr'>cancellieri</span> <span class='ocrx_word' id='word_1_296' title='bbox 1363 3655 1429 3716; x_wconf 90' lang='lat' dir='ltr'>che</span> <span class='ocrx_word' id='word_1_297' title='bbox 1453 3675 1510 3716; x_wconf 90' lang='lat' dir='ltr'>ve·</span> 
     </span>
     <span class='ocr_line' id='line_1_31' title="bbox 233 3758 1511 3840; baseline 0 -17"><span class='ocrx_word' id='word_1_298' title='bbox 233 3781 337 3823; x_wconf 91' lang='lat' dir='ltr'>nesse</span> <span class='ocrx_word' id='word_1_299' title='bbox 369 3781 390 3822; x_wconf 89' lang='lat' dir='ltr'>a</span> <span class='ocrx_word' id='word_1_300' title='bbox 420 3759 476 3821; x_wconf 79' lang='lat' dir='ltr'>lar</span> <span class='ocrx_word' id='word_1_301' title='bbox 509 3780 575 3840; x_wconf 90' lang='lat' dir='ltr'>por</span> <span class='ocrx_word' id='word_1_302' title='bbox 601 3761 633 3821; x_wconf 90' lang='lat' dir='ltr'>la</span> <span class='ocrx_word' id='word_1_303' title='bbox 658 3779 762 3820; x_wconf 89' lang='lat' dir='ltr'>mano</span> <span class='ocrx_word' id='word_1_304' title='bbox 787 3780 809 3820; x_wconf 92' lang='lat' dir='ltr'>a</span> <span class='ocrx_word' id='word_1_305' title='bbox 834 3758 964 3822; x_wconf 88' lang='lat' dir='ltr'>Cesare</span> <span class='ocrx_word' id='word_1_306' title='bbox 989 3760 1048 3821; x_wconf 90' lang='lat' dir='ltr'>alli</span> <span class='ocrx_word' id='word_1_307' title='bbox 1073 3759 1229 3821; x_wconf 87' lang='lat' dir='ltr'>mandati</span> <span class='ocrx_word' id='word_1_308' title='bbox 1255 3769 1292 3820; x_wconf 91' lang='lat' dir='ltr'>ut</span> <span class='ocrx_word' id='word_1_309' title='bbox 1316 3770 1369 3823; x_wconf 86' lang='lat' dir='ltr'>est</span> <span class='ocrx_word' id='word_1_310' title='bbox 1394 3761 1511 3840; x_wconf 91' lang='lat' dir='ltr'>moris,</span> 
     </span>
     <span class='ocr_line' id='line_1_32' title="bbox 233 3866 1513 3949; baseline 0.001 -19"><span class='ocrx_word' id='word_1_311' title='bbox 233 3869 327 3930; x_wconf 92' lang='lat' dir='ltr'>dove</span> <span class='ocrx_word' id='word_1_312' title='bbox 363 3887 427 3949; x_wconf 89' lang='lat' dir='ltr'>per</span> <span class='ocrx_word' id='word_1_313' title='bbox 459 3869 554 3929; x_wconf 91' lang='lat' dir='ltr'>bona</span> <span class='ocrx_word' id='word_1_314' title='bbox 586 3879 682 3929; x_wconf 88' lang='lat' dir='ltr'>sorte</span> <span class='ocrx_word' id='word_1_315' title='bbox 715 3866 830 3929; x_wconf 91' lang='lat' dir='ltr'>trovai</span> <span class='ocrx_word' id='word_1_316' title='bbox 855 3867 953 3929; x_wconf 90' lang='lat' dir='ltr'>detto</span> <span class='ocrx_word' id='word_1_317' title='bbox 979 3866 1180 3930; x_wconf 82' lang='lat' dir='ltr'>cancellieri</span> <span class='ocrx_word' id='word_1_318' title='bbox 1204 3866 1239 3928; x_wconf 93' lang='lat' dir='ltr'>in</span> <span class='ocrx_word' id='word_1_319' title='bbox 1264 3869 1350 3929; x_wconf 90' lang='lat' dir='ltr'>letto</span> <span class='ocrx_word' id='word_1_320' title='bbox 1376 3888 1454 3930; x_wconf 89' lang='lat' dir='ltr'>cum</span> <span class='ocrx_word' id='word_1_321' title='bbox 1478 3870 1513 3931; x_wconf 87' lang='lat' dir='ltr'>la</span> 
     </span>
     <span class='ocr_line' id='line_1_33' title="bbox 233 3973 1513 4058; baseline 0.002 -21"><span class='ocrx_word' id='word_1_322' title='bbox 233 3976 396 4058; x_wconf 88' lang='lat' dir='ltr'>podagra</span> <span class='ocrx_word' id='word_1_323' title='bbox 420 3976 485 4036; x_wconf 89' lang='lat' dir='ltr'>che</span> <span class='ocrx_word' id='word_1_324' title='bbox 510 3975 534 4035; x_wconf 90' lang='lat' dir='ltr'>li</span> <span class='ocrx_word' id='word_1_325' title='bbox 558 3975 603 4035; x_wconf 90' lang='lat' dir='ltr'>ha</span> <span class='ocrx_word' id='word_1_326' title='bbox 628 3973 800 4037; x_wconf 90' lang='lat' dir='ltr'>comincio</span> <span class='ocrx_word' id='word_1_327' title='bbox 827 3984 953 4056; x_wconf 89' lang='lat' dir='ltr'>questa</span> <span class='ocrx_word' id='word_1_328' title='bbox 977 3984 1092 4046; x_wconf 86' lang='lat' dir='ltr'>notte;</span> <span class='ocrx_word' id='word_1_329' title='bbox 1117 3975 1146 4037; x_wconf 89' lang='lat' dir='ltr'>si</span> <span class='ocrx_word' id='word_1_330' title='bbox 1170 3976 1235 4037; x_wconf 87' lang='lat' dir='ltr'>che</span> <span class='ocrx_word' id='word_1_331' title='bbox 1256 3974 1293 4038; x_wconf 91' lang='lat' dir='ltr'>fu</span> <span class='ocrx_word' id='word_1_332' title='bbox 1311 3975 1513 4039; x_wconf 89' lang='lat' dir='ltr'>necessario</span> 
     </span>
     <span class='ocr_line' id='line_1_34' title="bbox 234 4081 1513 4164; baseline 0.002 -20"><span class='ocrx_word' id='word_1_333' title='bbox 234 4102 316 4145; x_wconf 90' lang='lat' dir='ltr'>usar</span> <span class='ocrx_word' id='word_1_334' title='bbox 340 4082 462 4161; x_wconf 87' lang='lat' dir='ltr'>l’opra</span> <span class='ocrx_word' id='word_1_335' title='bbox 486 4083 530 4143; x_wconf 91' lang='lat' dir='ltr'>de</span> <span class='ocrx_word' id='word_1_336' title='bbox 548 4081 701 4143; x_wconf 88' lang='lat' dir='ltr'>Palenza</span> <span class='ocrx_word' id='word_1_337' title='bbox 725 4085 790 4144; x_wconf 92' lang='lat' dir='ltr'>che</span> <span class='ocrx_word' id='word_1_338' title='bbox 815 4081 982 4144; x_wconf 88' lang='lat' dir='ltr'>referisse</span> <span class='ocrx_word' id='word_1_339' title='bbox 1003 4083 1037 4143; x_wconf 93' lang='lat' dir='ltr'>la</span> <span class='ocrx_word' id='word_1_340' title='bbox 1063 4101 1147 4144; x_wconf 89' lang='lat' dir='ltr'>cosa</span> <span class='ocrx_word' id='word_1_341' title='bbox 1162 4102 1183 4142; x_wconf 89' lang='lat' dir='ltr'>a</span> <span class='ocrx_word' id='word_1_342' title='bbox 1199 4081 1341 4145; x_wconf 85' lang='lat' dir='ltr'>Cesare.</span> <span class='ocrx_word' id='word_1_343' title='bbox 1387 4082 1513 4164; x_wconf 88' lang='lat' dir='ltr'>Neque</span> 
     </span>
     <span class='ocr_line' id='line_1_35' title="bbox 233 4188 1513 4271; baseline 0 -19"><span class='ocrx_word' id='word_1_344' title='bbox 233 4193 300 4253; x_wconf 91' lang='lat' dir='ltr'>hoc</span> <span class='ocrx_word' id='word_1_345' title='bbox 325 4188 518 4268; x_wconf 84' lang='lat' dir='ltr'>satisfuit,</span> <span class='ocrx_word' id='word_1_346' title='bbox 550 4191 681 4269; x_wconf 76' lang='lat' dir='ltr'>perche</span> <span class='ocrx_word' id='word_1_347' title='bbox 710 4189 748 4252; x_wconf 85' lang='lat' dir='ltr'>fu</span> <span class='ocrx_word' id='word_1_348' title='bbox 772 4190 975 4252; x_wconf 85' lang='lat' dir='ltr'>necessario</span> <span class='ocrx_word' id='word_1_349' title='bbox 1000 4191 1112 4252; x_wconf 90' lang='lat' dir='ltr'>andar</span> <span class='ocrx_word' id='word_1_350' title='bbox 1143 4192 1177 4252; x_wconf 88' lang='lat' dir='ltr'>al</span> <span class='ocrx_word' id='word_1_351' title='bbox 1201 4189 1277 4251; x_wconf 71' lang='lat' dir='ltr'>Rffl⁰</span> <span class='ocrx_word' id='word_1_352' title='bbox 1302 4190 1513 4271; x_wconf 89' lang='lat' dir='ltr'>Maguntino</span> 
     </span>
     <span class='ocr_line' id='line_1_36' title="bbox 234 4296 1513 4379; baseline 0.002 -22"><span class='ocrx_word' id='word_1_353' title='bbox 234 4300 299 4358; x_wconf 87' lang='lat' dir='ltr'>che</span> <span class='ocrx_word' id='word_1_354' title='bbox 324 4316 477 4378; x_wconf 87' lang='lat' dir='ltr'>ponesse</span> <span class='ocrx_word' id='word_1_355' title='bbox 501 4296 615 4377; x_wconf 90' lang='lat' dir='ltr'>primo</span> <span class='ocrx_word' id='word_1_356' title='bbox 640 4299 674 4359; x_wconf 89' lang='lat' dir='ltr'>la</span> <span class='ocrx_word' id='word_1_357' title='bbox 699 4318 813 4379; x_wconf 87' lang='lat' dir='ltr'>man0‚</span> <span class='ocrx_word' id='word_1_358' title='bbox 838 4297 970 4379; x_wconf 73' lang='lat' dir='ltr'>perche</span> <span class='ocrx_word' id='word_1_359' title='bbox 992 4297 1083 4359; x_wconf 87' lang='lat' dir='ltr'>cossi</span> <span class='ocrx_word' id='word_1_360' title='bbox 1099 4298 1117 4359; x_wconf 73' lang='grc' dir='ltr'><em>ὲ</em></span> <span class='ocrx_word' id='word_1_361' title='bbox 1133 4298 1153 4360; x_wconf 92' lang='lat' dir='ltr'>l&#39;</span> <span class='ocrx_word' id='word_1_362' title='bbox 1168 4298 1293 4360; x_wconf 88' lang='lat' dir='ltr'>ordine</span> <span class='ocrx_word' id='word_1_363' title='bbox 1309 4298 1430 4361; x_wconf 87' lang='lat' dir='ltr'>avanti</span> <span class='ocrx_word' id='word_1_364' title='bbox 1446 4299 1513 4360; x_wconf 90' lang='lat' dir='ltr'>che</span> 
     </span>
     <span class='ocr_line' id='line_1_37' title="bbox 234 4403 1514 4487; baseline 0.002 -22"><span class='ocrx_word' id='word_1_365' title='bbox 234 4403 343 4466; x_wconf 80' lang='lat' dir='ltr'>Cesar</span> <span class='ocrx_word' id='word_1_366' title='bbox 367 4403 589 4466; x_wconf 85' lang='lat' dir='ltr'>sottoscriva.</span> <span class='ocrx_word' id='word_1_367' title='bbox 637 4405 795 4469; x_wconf 80' lang='lat' dir='ltr'>&#39;landem</span> <span class='ocrx_word' id='word_1_368' title='bbox 819 4404 919 4467; x_wconf 90' lang='lat' dir='ltr'>finito</span> <span class='ocrx_word' id='word_1_369' title='bbox 944 4405 968 4468; x_wconf 91' lang='lat' dir='ltr'>il</span> <span class='ocrx_word' id='word_1_370' title='bbox 984 4424 1124 4467; x_wconf 89' lang='lat' dir='ltr'>sermon</span> <span class='ocrx_word' id='word_1_371' title='bbox 1142 4416 1177 4467; x_wconf 93' lang='lat' dir='ltr'>et</span> <span class='ocrx_word' id='word_1_372' title='bbox 1194 4406 1228 4467; x_wconf 92' lang='lat' dir='ltr'>la</span> <span class='ocrx_word' id='word_1_373' title='bbox 1240 4407 1377 4487; x_wconf 85' lang='lat' dir='ltr'>grande</span> <span class='ocrx_word' id='word_1_374' title='bbox 1393 4404 1514 4468; x_wconf 88' lang='lat' dir='ltr'>Messa</span> 
     </span>
     <span class='ocr_line' id='line_1_38' title="bbox 233 4510 1512 4594; baseline 0.002 -21"><span class='ocrx_word' id='word_1_375' title='bbox 233 4512 267 4574; x_wconf 92' lang='lat' dir='ltr'>io</span> <span class='ocrx_word' id='word_1_376' title='bbox 291 4533 346 4573; x_wconf 88' lang='lat' dir='ltr'>me</span> <span class='ocrx_word' id='word_1_377' title='bbox 371 4512 551 4594; x_wconf 80' lang='lat' dir='ltr'>presentati</span> <span class='ocrx_word' id='word_1_378' title='bbox 575 4533 597 4573; x_wconf 88' lang='lat' dir='ltr'>a</span> <span class='ocrx_word' id='word_1_379' title='bbox 622 4512 745 4592; x_wconf 88' lang='lat' dir='ltr'>Cesar,</span> <span class='ocrx_word' id='word_1_380' title='bbox 776 4513 800 4575; x_wconf 90' lang='lat' dir='ltr'>il</span> <span class='ocrx_word' id='word_1_381' title='bbox 830 4517 912 4594; x_wconf 88' lang='lat' dir='ltr'>qual</span> <span class='ocrx_word' id='word_1_382' title='bbox 937 4513 1147 4576; x_wconf 84' lang='lat' dir='ltr'>surridendo</span> <span class='ocrx_word' id='word_1_383' title='bbox 1170 4513 1218 4575; x_wconf 91' lang='lat' dir='ltr'>mi</span> <span class='ocrx_word' id='word_1_384' title='bbox 1242 4512 1337 4576; x_wconf 90' lang='lat' dir='ltr'>disse</span> <span class='ocrx_word' id='word_1_385' title='bbox 1361 4513 1396 4575; x_wconf 89' lang='lat' dir='ltr'>in</span> <span class='ocrx_word' id='word_1_386' title='bbox 1420 4510 1512 4575; x_wconf 84' lang='lat' dir='ltr'>fran-</span> 
     </span>
     <span class='ocr_line' id='line_1_39' title="bbox 234 4615 1513 4702; baseline 0.002 -23"><span class='ocrx_word' id='word_1_387' title='bbox 234 4637 331 4680; x_wconf 88' lang='lat' dir='ltr'>cese:</span> <span class='ocrx_word' id='word_1_388' title='bbox 365 4615 448 4679; x_wconf 78' lang='lat' dir='ltr'>Scio</span> <span class='ocrx_word' id='word_1_389' title='bbox 482 4621 550 4681; x_wconf 92' lang='lat' dir='ltr'>ben</span> <span class='ocrx_word' id='word_1_390' title='bbox 588 4622 655 4682; x_wconf 87' lang='lat' dir='ltr'>che</span> <span class='ocrx_word' id='word_1_391' title='bbox 678 4640 749 4682; x_wconf 91' lang='lat' dir='ltr'>non</span> <span class='ocrx_word' id='word_1_392' title='bbox 775 4619 941 4698; x_wconf 87' lang='lat' dir='ltr'>dormite,</span> <span class='ocrx_word' id='word_1_393' title='bbox 975 4629 1011 4682; x_wconf 89' lang='lat' dir='ltr'>et</span> <span class='ocrx_word' id='word_1_394' title='bbox 1040 4620 1125 4702; x_wconf 76' lang='lat' dir='ltr'>pilio</span> <span class='ocrx_word' id='word_1_395' title='bbox 1153 4640 1232 4683; x_wconf 89' lang='lat' dir='ltr'>cum</span> <span class='ocrx_word' id='word_1_396' title='bbox 1256 4639 1346 4701; x_wconf 91' lang='lat' dir='ltr'>gran</span> <span class='ocrx_word' id='word_1_397' title='bbox 1369 4619 1513 4701; x_wconf 85' lang='lat' dir='ltr'>placere</span> 
     </span>
     <span class='ocr_line' id='line_1_40' title="bbox 234 4726 1514 4809; baseline 0.003 -23"><span class='ocrx_word' id='word_1_398' title='bbox 234 4734 270 4787; x_wconf 86' lang='lat' dir='ltr'>et</span> <span class='ocrx_word' id='word_1_399' title='bbox 294 4726 416 4805; x_wconf 89' lang='lat' dir='ltr'>alegro</span> <span class='ocrx_word' id='word_1_400' title='bbox 441 4728 539 4787; x_wconf 89' lang='lat' dir='ltr'>volto</span> <span class='ocrx_word' id='word_1_401' title='bbox 564 4727 587 4788; x_wconf 91' lang='lat' dir='ltr'>li</span> <span class='ocrx_word' id='word_1_402' title='bbox 612 4727 779 4805; x_wconf 85' lang='lat' dir='ltr'>mandati,</span> <span class='ocrx_word' id='word_1_403' title='bbox 805 4738 840 4790; x_wconf 88' lang='lat' dir='ltr'>et</span> <span class='ocrx_word' id='word_1_404' title='bbox 863 4728 899 4789; x_wconf 92' lang='lat' dir='ltr'>in</span> <span class='ocrx_word' id='word_1_405' title='bbox 923 4727 1041 4809; x_wconf 86' lang='lat' dir='ltr'>megio</span> <span class='ocrx_word' id='word_1_406' title='bbox 1066 4730 1101 4791; x_wconf 90' lang='lat' dir='ltr'>la</span> <span class='ocrx_word' id='word_1_407' title='bbox 1121 4726 1249 4791; x_wconf 89' lang='lat' dir='ltr'>Chiesa</span> <span class='ocrx_word' id='word_1_408' title='bbox 1274 4727 1308 4789; x_wconf 91' lang='lat' dir='ltr'>in</span> <span class='ocrx_word' id='word_1_409' title='bbox 1333 4727 1514 4809; x_wconf 86' lang='lat' dir='ltr'>presentia</span> 
     </span>
     <span class='ocr_line' id='line_1_41' title="bbox 234 4829 1510 4916; baseline 0.005 -24"><span class='ocrx_word' id='word_1_410' title='bbox 234 4832 280 4893; x_wconf 83' lang='lat' dir='ltr'>de</span> <span class='ocrx_word' id='word_1_411' title='bbox 305 4829 327 4892; x_wconf 94' lang='lat' dir='ltr'>li</span> <span class='ocrx_word' id='word_1_412' title='bbox 353 4831 425 4893; x_wconf 77' lang='lat' dir='ltr'>R¹¹¹i</span> <span class='ocrx_word' id='word_1_413' title='bbox 450 4833 661 4914; x_wconf 89' lang='lat' dir='ltr'>Maguntino</span> <span class='ocrx_word' id='word_1_414' title='bbox 687 4844 721 4896; x_wconf 89' lang='lat' dir='ltr'>et</span> <span class='ocrx_word' id='word_1_415' title='bbox 745 4832 955 4897; x_wconf 87' lang='lat' dir='ltr'>Sedunense</span> <span class='ocrx_word' id='word_1_416' title='bbox 975 4845 1011 4896; x_wconf 91' lang='lat' dir='ltr'>et</span> <span class='ocrx_word' id='word_1_417' title='bbox 1027 4834 1218 4897; x_wconf 89' lang='lat' dir='ltr'>assaissimi</span> <span class='ocrx_word' id='word_1_418' title='bbox 1235 4845 1270 4897; x_wconf 90' lang='lat' dir='ltr'>et</span> <span class='ocrx_word' id='word_1_419' title='bbox 1286 4835 1510 4916; x_wconf 67' lang='lat' dir='ltr'>grandissimi</span> 
     </span>
    </p>
   </div>
   <div class='ocr_carea' id='block_1_3' title="bbox 0 0 1792 5734">
    <p class='ocr_par' dir='ltr' id='par_1_3' title="bbox 0 0 1792 5734">
     <span class='ocr_line' id='line_1_42' title="bbox 0 0 1792 5734; baseline 0 0"><span class='ocrx_word' id='word_1_420' title='bbox 0 0 1792 5734; x_wconf 95' lang='lat' dir='ltr'> </span> 
     </span>
    </p>
   </div>
  </div>
 </body>
</html>
