3559 5734
720 547 779 605 043
816 544 870 603 415
909 540 968 600 lb*

202 694 238 759 la
261 692 412 776 cagione
436 692 502 758 che
525 713 592 778 per
614 694 737 759 l'altre
759 693 830 758 mie
851 691 988 757 havera
1009 692 1125 757 inteso
1149 690 1283 759 Vostra
1306 693 1485 778 Signoria.

205 801 340 883 Questa
363 804 512 866 materia
537 800 655 864 iudico
680 820 803 864 essere
830 798 866 863 di
897 801 1007 863 molta
1036 799 1257 884 importanza
1294 811 1331 866 et
1368 805 1486 887 degne

205 910 272 972 che
295 908 428 972 Nostro
463 906 618 989 Signore
648 908 698 989 gli
723 918 832 971 metta
862 909 895 971 la
930 926 1035 971 mano
1067 918 1102 971 et
1131 909 1307 973 auctorita
1338 931 1419 991 soa,
1451 921 1488 975 et

205 1015 344 1079 bench&
374 1035 419 1077 ne
443 1014 466 1076 l’
485 1014 574 1078 altre
605 1013 674 1077 mie
713 1015 868 1077 laudassi
907 1013 1022 1096 questi
1053 1014 1198 1098 Signori
1223 1017 1486 1098 Brunsvicensi,

208 1121 304 1205 quali
327 1121 362 1184 in
386 1120 500 1184 verita
533 1131 657 1184 contra
691 1121 914 1185 Lutheranos
953 1131 989 1184 et
1028 1120 1063 1184 in
1095 1123 1187 1185 tenir
1218 1123 1241 1185 11
1277 1123 1354 1186 suoi
1382 1101 1487 1206 ⁸paesi

207 1230 295 1293 netti
320 1229 367 1291 da
390 1230 509 1310 quella
532 1239 634 1311 peste
657 1229 832 1292 meritano
857 1227 944 1310 ogni
974 1228 1297 1312 commendatione,
1328 1251 1395 1314 pur
1428 1233 1487 1294 du·

207 1337 282 1400 bito
307 1356 378 1399 non
410 1335 509 1399 siano
538 1335 574 1399 di
606 1335 731 1418 quelli,
764 1336 799 1400 di
830 1338 896 1400 che
931 1337 1033 1419 paria
1066 1334 1173 1398 Esaia
1215 1338 1248 1399 al
1280 1336 1418 1400 XXIX
1454 1347 1490 1401 et

208 1441 386 1524 Salvator,
409 1441 560 1506 Matthei
584 1442 668 1524 XV,
693 1443 829 1507 dicens:
855 1444 1066 1526 hypocritae
1095 1445 1189 1505 bene
1215 1444 1259 1507 de
1282 1443 1386 1507 vobis
1409 1465 1488 1526 pro·

207 1549 370 1633 phetavit
386 1548 511 1613 Esaias
533 1549 655 1613 dicens
679 1552 832 1631 populus
851 1549 909 1612 hic
924 1548 1030 1612 labiis
1049 1568 1105 1612 me
1121 1550 1274 1613 honorat
1294 1570 1357 1613 cor
1372 1560 1489 1614 autem

210 1667 276 1721 etc.
324 1654 448 1737 Questi
473 1653 618 1737 Signori
642 1665 804 1719 ottenuto
830 1656 855 1719 il
878 1657 999 1719 bando
1024 1655 1213 1737 Imperiale
1229 1666 1355 1721 contra
1369 1660 1487 1740 quella

210 1764 345 1843 chiesa,
370 1770 407 1825 et
418 1760 487 1824 Dio
511 1782 551 1825 sa
574 1782 642 1826 con
665 1763 733 1826 che
756 1762 919 1845 sagione,
944 1764 1036 1825 dove
1063 1761 1099 1824 io
1123 1782 1236 1844 penso
1264 1764 1331 1826 che
1355 1763 1488 1827 Cesare

211 1892 281 1935 non
306 1869 454 1934 lhabbia
477 1879 623 1952 possuto
648 1891 669 1933 ο
694 1870 834 1934 almcno
858 1871 993 1933 dovuto
1016 1868 1108 1949 fare,
1135 1871 1230 1952 dopo
1263 1871 1328 1933 che
1352 1891 1418 1952 per
1440 1870 1490 1934 fa·

211 1998 298 2041 vore
324 1978 382 2040 del
405 1978 525 2040 banno
551 1976 575 2039 li
598 1979 717 2040 hanno
749 1986 925 2058 occupato
953 1975 1039 2039 tutti
1066 1976 1091 2038 li
1120 1975 1202 2038 beni
1234 1997 1305 2041 non
1337 1979 1413 2041 solo
1445 1979 1490 2040 de

212 2088 246 2149 la
269 2083 398 2149 Chiesa
421 2104 478 2147 ma
502 2084 560 2146 del
585 2083 742 2165 capitolo
765 2085 931 2160 anchora,
956 2084 1023 2147 che
1046 2103 1117 2146 non
1143 2085 1234 2146 deve
1258 2085 1346 2165 perd
1375 2084 1491 2165 patira

212 2212 276 2274 per
300 2192 325 2254 li
351 2190 513 2254 demeriti
538 2191 597 2254 del
620 2188 693 2253 Suo
718 2190 909 2273 Episcopo,
934 2211 973 2254 se
996 2211 1064 2272 pur
1079 2211 1123 2253 ve
1139 2210 1184 2254 ne
1202 2190 1349 2271 fussin0,
1373 2192 1491 2255 hanno

213 2301 259 2362 da
282 2299 414 2362 Cesare
437 2297 617 2380 impetrati
641 2296 730 2360 detti
755 2296 837 2360 beni
860 2297 897 2359 in
921 2307 1132 2380 perpetuum
1162 2317 1229 2378 pro
1262 2318 1301 2361 se
1333 2307 1369 2360 et
1392 2299 1491 2362 here·

213 2406 317 2470 dibus
341 2405 430 2485 suis,
461 2415 497 2467 et
530 2403 603 2467 cosi
634 2424 794 2486 pensano
828 2424 970 2485 sempre
1001 2403 1128 2467 tenerli
1162 2405 1346 2486 occupati,
1380 2407 1447 2469 che
1473 2407 1490 2468 ὲ

213 2535 297 2578 cosa
322 2513 357 2576 di
381 2513 537 2594 pessimo
561 2511 728 2593 exempio
753 2521 789 2574 et
819 2513 885 2574 che
914 2531 1002 2592 apre
1032 2513 1068 2573 la
1090 2510 1149 2574 via
1177 2512 1223 2575 da
1251 2512 1394 2575 ruinare
1425 2533 1491 2575 con

212 2632 333 2703 tempo
358 2629 448 2682 tutte
471 2619 506 2682 le
530 2619 649 2681 chiese
673 2618 709 2680 di
737 2616 946 2692 Germania;
973 2628 1008 2681 et
1032 2618 1119 2699 perd
1143 2618 1327 2701 principiis
1351 2621 1492 2681 obstan-

214 2731 296 2794 dum
327 2738 392 2807 est,
416 2737 453 2791 et
475 2727 584 2789 credo
608 2745 676 2789 con
700 2725 820 2788 debita
845 2724 1051 2804 riverentla,
1084 2726 1150 2788 che
1178 2725 1309 2789 Nostro
1338 2724 1494 2808 Signore

215 2837 333 2898 debba
356 2854 421 2898 con
448 2833 534 2914 ogni
557 2832 615 2896 via
639 2852 833 2915 procurare
861 2835 927 2895 che
955 2835 1054 2896 detto
1082 2832 1200 2895 bando
1229 2853 1268 2896 se
1291 2833 1362 2896 levi
1393 2842 1429 2897 et
1459 2835 1494 2896 la

214 2942 335 3007 chiesa
359 2941 411 3005 sia
434 2941 654 3023 reintegrata
678 2948 713 3002 et
736 2940 766 3001 si
779 2939 909 3001 chiuda
933 2948 1058 3020 questa
1082 2938 1149 3018 via,
1168 2942 1377 3003 altramente
1394 2940 1412 3003 ὲ
1428 2960 1494 3022 per

215 3049 390 3133 parturire
415 3068 482 3111 con
508 3059 627 3130 tempo
652 3047 750 3109 molti
774 3044 855 3107 mali
880 3043 992 3108 effetti
1017 3055 1053 3108 et
1075 3047 1247 3128 precipue
1271 3046 1331 3128 qui
1355 3047 1390 3110 in
1407 3046 1493 3110 Ger-

215 3156 342 3220 mania.
389 3155 435 3218 Di
467 3173 585 3217 nuovo
617 3154 745 3216 mando
777 3151 880 3233 copia
918 3153 976 3215 del
1010 3153 1109 3215 detto
1141 3153 1282 3217 ricordo
1318 3163 1353 3217 ct
1386 3154 1493 3217 molte

215 3266 381 3328 scritture
418 3272 453 3325 et
488 3263 592 3324 lettre
626 3262 691 3323 che
726 3258 773 3322 mi
807 3261 854 3321 ha
890 3260 1057 3322 mandato
1091 3259 1115 3322 il
1151 3258 1219 3323 mio
1252 3260 1425 3324 familiare
1458 3260 1495 3324 in

215 3383 341 3455 questa
365 3367 530 3440 materia;
562 3365 642 3429 sara
665 3368 804 3442 buono,
834 3366 1010 3448 piacendo
1042 3363 1115 3428 cosi
1139 3387 1160 3428 a
1184 3366 1315 3429 Nostro
1341 3368 1495 3448 &ignore
1541 3453 1543 3456 Ι

216 3487 444 3543 commettere
474 3496 496 3538 a
527 3474 677 3556 qualche
706 3492 861 3556 persona
892 3472 1065 3553 diligente
1089 3474 1155 3535 che
1179 3493 1286 3555 possa
1310 3475 1495 3538 intendere

217 3608 240 3651 a
263 3593 387 3668 questa
411 3603 505 3663 cosa,
529 3582 595 3643 che
619 3588 709 3643 tutte
733 3579 767 3642 le
792 3581 884 3642 veda
908 3590 944 3642 et
969 3599 1013 3642 ne
1038 3579 1151 3642 faccia
1175 3601 1245 3643 uno
1270 3590 1427 3644 extratto
1451 3582 1496 3644 de

217 3695 252 3756 le
276 3691 440 3754 dimande
465 3698 500 3752 et
527 3697 698 3771 proposte
726 3687 803 3749 loro
827 3706 892 3768 per
916 3687 1029 3749 salute
1057 3687 1135 3749 loro
1160 3697 1195 3750 et
1228 3687 1272 3750 de
1301 3690 1335 3750 la
1365 3688 1496 3770 chiesa,

218 3810 254 3863 et
277 3799 338 3882 poi
361 3798 391 3861 si
415 3795 579 3879 seguisca
603 3794 721 3875 quello
746 3794 812 3855 che
837 3793 965 3875 parerh
989 3793 1049 3875 pid
1074 3802 1287 3876 opportuno

306 3906 439 3969 Mando
464 3903 569 3985 copia
598 3901 643 3964 de
673 3921 742 3963 una
773 3903 879 3963 lettra
913 3900 1083 3964 scrittami
1108 3902 1154 3964 da
1184 3903 1218 3963 lo
1254 3901 1365 3965 amico
1398 3902 1496 3966 accid

217 4015 350 4079 Nostro
388 4010 541 4094 Signore
578 4007 724 4071 intenda
759 4017 890 4088 quanto
930 4007 1056 4070 scrive.
1114 4009 1183 4070 Dal
1219 4007 1288 4070 mio
1322 4007 1496 4073 familiare

218 4122 383 4200 intendo,
414 4119 481 4181 che
512 4118 544 4179 le
574 4115 670 4178 bolle
704 4113 859 4177 triduani
886 4114 1008 4195 jeiunii
1041 4115 1076 4176 in
1109 4114 1178 4177 illis
1208 4114 1369 4195 partibus
1391 4115 1497 4179 furno

221 4251 289 4294 con
313 4247 403 4310 gran
427 4224 552 4287 favore
577 4232 612 4285 et
635 4223 742 4284 laude
766 4220 801 4282 di
815 4220 947 4284 Nostro
962 4220 1115 4303 Signore
1132 4221 1311 4301 publicata
1332 4232 1369 4283 et
1385 4242 1497 4286 osser·

220 4347 312 4418 vate,
337 4334 420 4398 etil
444 4332 535 4396 simil
559 4328 744 4393 miserive
769 4328 791 4390 il
816 4329 892 4390 R¹⁰⁰
924 4328 1134 4409 Bremense,
1169 4329 1202 4390 el
1237 4328 1342 4409 quale
1366 4330 1412 4391 ha
1444 4349 1497 4392 ac·

220 4455 351 4509 cettata
386 4452 422 4505 et
456 4438 638 4522 publicata
669 4439 704 4500 la
727 4434 971 4498 riformatione
995 4435 1261 4516 ratisponense,
1295 4445 1330 4498 et
1362 4436 1499 4517 portasi

220 4556 329 4617 molto
360 4554 452 4614 bene
485 4555 610 4610 contra
641 4542 834 4620 hereticos,
868 4542 1001 4604 anchor
1031 4543 1097 4603 che
1130 4540 1334 4605 Bremensis
1364 4541 1499 4607 Civitas

221 4664 266 4727 sit
288 4660 435 4725 multum
457 4654 602 4732 iniecta,
627 4651 683 4714 cui
707 4670 776 4712 non
801 4660 922 4730 potest
946 4649 1088 4711 omnino
1112 4648 1289 4712 resistere.

309 4767 352 4830 El
375 4765 478 4827 Duca
501 4760 605 4824 Carlo
639 4758 676 4819 di
700 4755 847 4820 Boemia
882 4754 928 4817 mi
960 4755 995 4817 sa
1028 4755 1234 4818 dimandare
1266 4757 1332 4819 che
1360 4758 1395 4820 lo
1429 4776 1498 4821 avo

222 4897 286 4941 suo
311 4882 473 4937 materno
497 4867 535 4931 fu
559 4865 618 4948 gia
643 4865 702 4928 Re
727 4863 763 4926 di
787 4862 936 4926 Boemia
960 4873 996 4926 et
1017 4882 1135 4925 morse
1152 4865 1217 4926 sub
1233 4862 1305 4926 fide
1329 4863 1498 4927 calicista·
