<?xml version="1.0" encoding="UTF-8"?>
<!DOCTYPE html PUBLIC "-//W3C//DTD XHTML 1.0 Transitional//EN"
    "http://www.w3.org/TR/xhtml1/DTD/xhtml1-transitional.dtd">
<html xmlns="http://www.w3.org/1999/xhtml" xml:lang="en" lang="en">
 <head>
  <title>
</title>
<meta http-equiv="Content-Type" content="text/html;charset=utf-8" />
  <meta name='ocr-system' content='tesseract 3.04.00' />
  <meta name='ocr-capabilities' content='ocr_page ocr_carea ocr_par ocr_line ocrx_word'/>
</head>
<body>
  <div class='ocr_page' id='page_1' title='image "./monumentareform01vatigoog_0382.png"; bbox 0 0 3559 5734; ppageno 0'>
   <div class='ocr_carea' id='block_1_1' title="bbox 870 520 1117 587">
    <p class='ocr_par' dir='ltr' id='par_1_1' title="bbox 870 520 1117 587">
     <span class='ocr_line' id='line_1_1' title="bbox 870 520 1117 587; baseline -0.016 -8"><span class='ocrx_word' id='word_1_1' title='bbox 870 520 1117 587; x_wconf 52' lang='lat' dir='ltr'>e&lt;3354ffl</span> 
     </span>
    </p>
   </div>
   <div class='ocr_carea' id='block_1_2' title="bbox 352 666 1627 857">
    <p class='ocr_par' dir='ltr' id='par_1_2' title="bbox 352 666 1627 857">
     <span class='ocr_line' id='line_1_2' title="bbox 352 666 1627 751; baseline -0.001 -21"><span class='ocrx_word' id='word_1_2' title='bbox 352 668 530 751; x_wconf 90' lang='lat' dir='ltr'>Burgensi</span> <span class='ocrx_word' id='word_1_3' title='bbox 566 670 625 732; x_wconf 90' lang='lat' dir='ltr'>die</span> <span class='ocrx_word' id='word_1_4' title='bbox 655 668 792 733; x_wconf 84' lang='lat' dir='ltr'>XVIII.</span> <span class='ocrx_word' id='word_1_5' title='bbox 819 668 893 731; x_wconf 90' lang='lat' dir='ltr'>Mai</span> <span class='ocrx_word' id='word_1_6' title='bbox 917 669 1024 732; x_wconf 88' lang='lat' dir='ltr'>Anno</span> <span class='ocrx_word' id='word_1_7' title='bbox 1048 668 1191 732; x_wconf 89' lang='lat' dir='ltr'>Domini</span> <span class='ocrx_word' id='word_1_8' title='bbox 1214 667 1434 732; x_wconf 86' lang='lat' dir='ltr'>MDXXIV.</span> <span class='ocrx_word' id='word_1_9' title='bbox 1485 666 1627 750; x_wconf 87' lang='lat' dir='ltr'>Regno·</span> 
     </span>
     <span class='ocr_line' id='line_1_3' title="bbox 352 775 1571 857; baseline 0.001 -17"><span class='ocrx_word' id='word_1_10' title='bbox 352 798 428 840; x_wconf 91' lang='lat' dir='ltr'>rum</span> <span class='ocrx_word' id='word_1_11' title='bbox 452 785 652 840; x_wconf 88' lang='lat' dir='ltr'>nostrorum</span> <span class='ocrx_word' id='word_1_12' title='bbox 676 775 832 839; x_wconf 91' lang='lat' dir='ltr'>Romani</span> <span class='ocrx_word' id='word_1_13' title='bbox 857 776 980 857; x_wconf 91' lang='lat' dir='ltr'>quinto</span> <span class='ocrx_word' id='word_1_14' title='bbox 1006 776 1152 839; x_wconf 86' lang='lat' dir='ltr'>aliorum</span> <span class='ocrx_word' id='word_1_15' title='bbox 1176 795 1263 839; x_wconf 92' lang='lat' dir='ltr'>vero</span> <span class='ocrx_word' id='word_1_16' title='bbox 1289 776 1442 839; x_wconf 90' lang='lat' dir='ltr'>omnium</span> <span class='ocrx_word' id='word_1_17' title='bbox 1468 796 1571 842; x_wconf 77' lang='lat' dir='ltr'>nono,</span> 
     </span>
    </p>
   </div>
   <div class='ocr_carea' id='block_1_3' title="bbox 353 900 1630 1304">
    <p class='ocr_par' dir='ltr' id='par_1_3' title="bbox 353 900 1630 1304">
     <span class='ocr_line' id='line_1_4' title="bbox 443 900 1630 983; baseline -0.001 -19"><span class='ocrx_word' id='word_1_18' title='bbox 443 900 590 966; x_wconf 85' lang='lat' dir='ltr'>Carolus</span> <span class='ocrx_word' id='word_1_19' title='bbox 612 901 733 964; x_wconf 88' lang='lat' dir='ltr'>divina</span> <span class='ocrx_word' id='word_1_20' title='bbox 747 901 893 964; x_wconf 83' lang='lat' dir='ltr'>favente</span> <span class='ocrx_word' id='word_1_21' title='bbox 917 900 1105 964; x_wconf 90' lang='lat' dir='ltr'>clementia</span> <span class='ocrx_word' id='word_1_22' title='bbox 1127 921 1155 964; x_wconf 86' lang='lat' dir='ltr'>e.</span> <span class='ocrx_word' id='word_1_23' title='bbox 1174 900 1420 963; x_wconf 89' lang='lat' dir='ltr'>Romanorum</span> <span class='ocrx_word' id='word_1_24' title='bbox 1436 900 1630 983; x_wconf 81' lang='lat' dir='ltr'>Imperator</span> 
     </span>
     <span class='ocr_line' id='line_1_5' title="bbox 353 1006 1629 1094; baseline -0.004 -19"><span class='ocrx_word' id='word_1_25' title='bbox 353 1030 494 1094; x_wconf 87' lang='lat' dir='ltr'><strong>semper</strong></span> <span class='ocrx_word' id='word_1_26' title='bbox 518 1010 717 1091; x_wconf 87' lang='lat' dir='ltr'>Augustus,</span> <span class='ocrx_word' id='word_1_27' title='bbox 750 1028 792 1069; x_wconf 92' lang='lat' dir='ltr'>ac</span> <span class='ocrx_word' id='word_1_28' title='bbox 818 1006 1032 1071; x_wconf 84' lang='lat' dir='ltr'>Germaniae</span> <span class='ocrx_word' id='word_1_29' title='bbox 1056 1008 1307 1091; x_wconf 83' lang='lat' dir='ltr'>Hispaniarum</span> <span class='ocrx_word' id='word_1_30' title='bbox 1340 1007 1523 1089; x_wconf 87' lang='lat' dir='ltr'>utriusque</span> <span class='ocrx_word' id='word_1_31' title='bbox 1547 1006 1629 1071; x_wconf 90' lang='lat' dir='ltr'>Sici·</span> 
     </span>
     <span class='ocr_line' id='line_1_6' title="bbox 353 1114 1628 1200; baseline -0.004 -19"><span class='ocrx_word' id='word_1_32' title='bbox 353 1119 444 1200; x_wconf 89' lang='lat' dir='ltr'>liae,</span> <span class='ocrx_word' id='word_1_33' title='bbox 469 1118 713 1196; x_wconf 84' lang='lat' dir='ltr'>Hierusalem,</span> <span class='ocrx_word' id='word_1_34' title='bbox 739 1115 966 1198; x_wconf 90' lang='lat' dir='ltr'>Hungariae,</span> <span class='ocrx_word' id='word_1_35' title='bbox 990 1116 1212 1194; x_wconf 82' lang='lat' dir='ltr'>Dalmatiae,</span> <span class='ocrx_word' id='word_1_36' title='bbox 1246 1114 1410 1179; x_wconf 87' lang='lat' dir='ltr'>Croatiae</span> <span class='ocrx_word' id='word_1_37' title='bbox 1439 1124 1506 1177; x_wconf 90' lang='lat' dir='ltr'>etc.</span> <span class='ocrx_word' id='word_1_38' title='bbox 1537 1115 1628 1193; x_wconf 82' lang='lat' dir='ltr'>Rex,</span> 
     </span>
     <span class='ocr_line' id='line_1_7' title="bbox 353 1221 1630 1304; baseline -0.002 -17"><span class='ocrx_word' id='word_1_39' title='bbox 353 1225 540 1288; x_wconf 85' lang='lat' dir='ltr'>Archidux</span> <span class='ocrx_word' id='word_1_40' title='bbox 565 1225 749 1302; x_wconf 89' lang='lat' dir='ltr'>Austriae,</span> <span class='ocrx_word' id='word_1_41' title='bbox 778 1222 863 1285; x_wconf 83' lang='lat' dir='ltr'>Dux</span> <span class='ocrx_word' id='word_1_42' title='bbox 887 1222 1119 1304; x_wconf 88' lang='lat' dir='ltr'>Burgundiae</span> <span class='ocrx_word' id='word_1_43' title='bbox 1143 1222 1375 1303; x_wconf 88' lang='lat' dir='ltr'>Brabantiae,</span> <span class='ocrx_word' id='word_1_44' title='bbox 1400 1233 1466 1285; x_wconf 87' lang='lat' dir='ltr'>etc.</span> <span class='ocrx_word' id='word_1_45' title='bbox 1508 1221 1630 1285; x_wconf 89' lang='lat' dir='ltr'>Comes</span> 
     </span>
    </p>
   </div>
   <div class='ocr_carea' id='block_1_4' title="bbox 353 1332 1473 1499">
    <p class='ocr_par' dir='ltr' id='par_1_4' title="bbox 353 1332 1473 1499">
     <span class='ocr_line' id='line_1_8' title="bbox 353 1332 635 1396; baseline -0.007 0"><span class='ocrx_word' id='word_1_46' title='bbox 353 1332 544 1396; x_wconf 87' lang='lat' dir='ltr'>Flandriae</span> <span class='ocrx_word' id='word_1_47' title='bbox 568 1341 635 1396; x_wconf 92' lang='lat' dir='ltr'>etc.</span> 
     </span>
     <span class='ocr_line' id='line_1_9' title="bbox 1304 1434 1473 1499; baseline 0.012 -2"><span class='ocrx_word' id='word_1_48' title='bbox 1304 1434 1473 1499; x_wconf 78' lang='lat' dir='ltr'>ttexutor.</span> 
     </span>
    </p>
   </div>
   <div class='ocr_carea' id='block_1_5' title="bbox 887 1615 1093 1627">
    <p class='ocr_par' dir='ltr' id='par_1_5' title="bbox 887 1615 1093 1627">
     <span class='ocr_line' id='line_1_10' title="bbox 887 1615 1093 1627; baseline -0.01 0"><span class='ocrx_word' id='word_1_49' title='bbox 887 1615 1093 1627; x_wconf 57' lang='lat' dir='ltr'>mmmm</span> 
     </span>
    </p>
   </div>
   <div class='ocr_carea' id='block_1_6' title="bbox 955 1846 1028 1916">
    <p class='ocr_par' dir='ltr' id='par_1_6' title="bbox 955 1846 1028 1916">
     <span class='ocr_line' id='line_1_11' title="bbox 955 1846 1028 1916; baseline 0.068 -5"><span class='ocrx_word' id='word_1_50' title='bbox 955 1846 1028 1916; x_wconf 82' lang='lat'>160.</span> 
     </span>
    </p>
   </div>
   <div class='ocr_carea' id='block_1_7' title="bbox 603 1963 1368 2066">
    <p class='ocr_par' dir='ltr' id='par_1_7' title="bbox 603 1963 1368 2066">
     <span class='ocr_line' id='line_1_12' title="bbox 603 1963 1368 2066; baseline -0.003 -19"><span class='ocrx_word' id='word_1_51' title='bbox 603 1965 801 2048; x_wconf 78' lang='lat' dir='ltr'>Joaohinus</span> <span class='ocrx_word' id='word_1_52' title='bbox 828 1963 1161 2066; x_wconf 81' lang='lat' dir='ltr'>Brendeburgenels</span> <span class='ocrx_word' id='word_1_53' title='bbox 1188 1963 1368 2045; x_wconf 75' lang='lat' dir='ltr'>Clementi</span> 
     </span>
    </p>
   </div>
   <div class='ocr_carea' id='block_1_8' title="bbox 825 2110 1162 2300">
    <p class='ocr_par' dir='ltr' id='par_1_8' title="bbox 825 2110 1162 2300">
     <span class='ocr_line' id='line_1_13' title="bbox 825 2110 1162 2185; baseline 0 -15"><span class='ocrx_word' id='word_1_54' title='bbox 825 2111 926 2185; x_wconf 67' lang='lat' dir='ltr'>(Epist.</span> <span class='ocrx_word' id='word_1_55' title='bbox 943 2111 1034 2170; x_wconf 76' lang='lat' dir='ltr'>Prlno.</span> <span class='ocrx_word' id='word_1_56' title='bbox 1052 2111 1075 2170; x_wconf 89' lang='lat'>1.</span> <span class='ocrx_word' id='word_1_57' title='bbox 1095 2110 1162 2182; x_wconf 71' lang='lat'>221.)</span> 
     </span>
     <span class='ocr_line' id='line_1_14' title="bbox 867 2229 1116 2300; baseline 0 -20"><span class='ocrx_word' id='word_1_58' title='bbox 867 2229 920 2299; x_wconf 85' lang='lat'>(20.</span> <span class='ocrx_word' id='word_1_59' title='bbox 942 2231 1006 2280; x_wconf 83' lang='lat' dir='ltr'>Maii</span> <span class='ocrx_word' id='word_1_60' title='bbox 1029 2229 1116 2300; x_wconf 81' lang='lat'>1524.)</span> 
     </span>
    </p>
   </div>
   <div class='ocr_carea' id='block_1_9' title="bbox 352 2372 1634 4918">
    <p class='ocr_par' dir='ltr' id='par_1_9' title="bbox 352 2372 1634 4918">
     <span class='ocr_line' id='line_1_15' title="bbox 442 2372 1628 2456; baseline -0.001 -18"><span class='ocrx_word' id='word_1_61' title='bbox 442 2377 528 2439; x_wconf 90' lang='lat' dir='ltr'>Post</span> <span class='ocrx_word' id='word_1_62' title='bbox 552 2378 737 2438; x_wconf 89' lang='lat' dir='ltr'>beatorum</span> <span class='ocrx_word' id='word_1_63' title='bbox 761 2375 893 2456; x_wconf 89' lang='lat' dir='ltr'>pedum</span> <span class='ocrx_word' id='word_1_64' title='bbox 917 2374 1041 2436; x_wconf 90' lang='lat' dir='ltr'>oscula</span> <span class='ocrx_word' id='word_1_65' title='bbox 1065 2372 1213 2452; x_wconf 88' lang='lat' dir='ltr'>devota,</span> <span class='ocrx_word' id='word_1_66' title='bbox 1245 2372 1508 2455; x_wconf 88' lang='lat' dir='ltr'>paratissimum</span> <span class='ocrx_word' id='word_1_67' title='bbox 1532 2377 1628 2438; x_wconf 89' lang='lat' dir='ltr'>obse·</span> 
     </span>
     <span class='ocr_line' id='line_1_16' title="bbox 354 2478 1628 2568; baseline -0.001 -22"><span class='ocrx_word' id='word_1_68' title='bbox 354 2484 485 2568; x_wconf 91' lang='lat' dir='ltr'>quendi</span> <span class='ocrx_word' id='word_1_69' title='bbox 517 2482 693 2545; x_wconf 87' lang='lat' dir='ltr'>affectum.</span> <span class='ocrx_word' id='word_1_70' title='bbox 742 2478 973 2543; x_wconf 89' lang='lat' dir='ltr'>Sanctissime</span> <span class='ocrx_word' id='word_1_71' title='bbox 1012 2488 1117 2563; x_wconf 88' lang='lat' dir='ltr'>pater</span> <span class='ocrx_word' id='word_1_72' title='bbox 1155 2479 1307 2542; x_wconf 84' lang='lat' dir='ltr'>Domine</span> <span class='ocrx_word' id='word_1_73' title='bbox 1346 2480 1628 2564; x_wconf 87' lang='lat' dir='ltr'>clementissime,</span> 
     </span>
     <span class='ocr_line' id='line_1_17' title="bbox 353 2586 1629 2671; baseline -0.002 -17"><span class='ocrx_word' id='word_1_74' title='bbox 353 2591 494 2654; x_wconf 89' lang='lat' dir='ltr'>licteras</span> <span class='ocrx_word' id='word_1_75' title='bbox 530 2589 620 2671; x_wconf 86' lang='lat' dir='ltr'>quas</span> <span class='ocrx_word' id='word_1_76' title='bbox 654 2588 785 2650; x_wconf 90' lang='lat' dir='ltr'>Vestra</span> <span class='ocrx_word' id='word_1_77' title='bbox 820 2586 999 2649; x_wconf 87' lang='lat' dir='ltr'>Sanctitas</span> <span class='ocrx_word' id='word_1_78' title='bbox 1035 2607 1169 2650; x_wconf 90' lang='lat' dir='ltr'>summo</span> <span class='ocrx_word' id='word_1_79' title='bbox 1206 2607 1268 2650; x_wconf 93' lang='lat' dir='ltr'>sue</span> <span class='ocrx_word' id='word_1_80' title='bbox 1302 2596 1453 2670; x_wconf 89' lang='lat' dir='ltr'>paterne</span> <span class='ocrx_word' id='word_1_81' title='bbox 1488 2589 1629 2671; x_wconf 90' lang='lat' dir='ltr'>pietatis</span> 
     </span>
     <span class='ocr_line' id='line_1_18' title="bbox 352 2693 1629 2778; baseline -0.002 -18"><span class='ocrx_word' id='word_1_82' title='bbox 352 2698 469 2761; x_wconf 90' lang='lat' dir='ltr'>animo</span> <span class='ocrx_word' id='word_1_83' title='bbox 515 2694 832 2759; x_wconf 87' lang='lat' dir='ltr'>Reverendissimo</span> <span class='ocrx_word' id='word_1_84' title='bbox 878 2695 913 2756; x_wconf 92' lang='lat' dir='ltr'>in</span> <span class='ocrx_word' id='word_1_85' title='bbox 955 2693 1094 2757; x_wconf 89' lang='lat' dir='ltr'>Christo</span> <span class='ocrx_word' id='word_1_86' title='bbox 1128 2693 1221 2778; x_wconf 90' lang='lat' dir='ltr'>patri</span> <span class='ocrx_word' id='word_1_87' title='bbox 1256 2695 1409 2758; x_wconf 90' lang='lat' dir='ltr'>Domino</span> <span class='ocrx_word' id='word_1_88' title='bbox 1440 2694 1629 2759; x_wconf 88' lang='lat' dir='ltr'>Laurentio</span> 
     </span>
     <span class='ocr_line' id='line_1_19' title="bbox 352 2799 1629 2884; baseline 0 -18"><span class='ocrx_word' id='word_1_89' title='bbox 352 2804 460 2866; x_wconf 85' lang='lat' dir='ltr'>Tituli</span> <span class='ocrx_word' id='word_1_90' title='bbox 483 2800 639 2866; x_wconf 84' lang='lat' dir='ltr'>Sanctae</span> <span class='ocrx_word' id='word_1_91' title='bbox 665 2799 855 2864; x_wconf 79' lang='lat' dir='ltr'>Anastasia</span> <span class='ocrx_word' id='word_1_92' title='bbox 887 2801 1088 2883; x_wconf 85' lang='lat' dir='ltr'>presbitero</span> <span class='ocrx_word' id='word_1_93' title='bbox 1121 2800 1301 2864; x_wconf 89' lang='lat' dir='ltr'>Cardinali</span> <span class='ocrx_word' id='word_1_94' title='bbox 1326 2801 1522 2884; x_wconf 87' lang='lat' dir='ltr'>Campegio</span> <span class='ocrx_word' id='word_1_95' title='bbox 1546 2803 1629 2867; x_wconf 86' lang='lat' dir='ltr'>Ves-</span> 
     </span>
     <span class='ocr_line' id='line_1_20' title="bbox 354 2905 1630 2990; baseline 0 -17"><span class='ocrx_word' id='word_1_96' title='bbox 354 2920 406 2973; x_wconf 92' lang='lat' dir='ltr'>tre</span> <span class='ocrx_word' id='word_1_97' title='bbox 431 2920 467 2972; x_wconf 92' lang='lat' dir='ltr'>et</span> <span class='ocrx_word' id='word_1_98' title='bbox 491 2909 700 2990; x_wconf 90' lang='lat' dir='ltr'>Apostolice</span> <span class='ocrx_word' id='word_1_99' title='bbox 725 2905 840 2989; x_wconf 86' lang='lat' dir='ltr'>Sedis,</span> <span class='ocrx_word' id='word_1_100' title='bbox 865 2908 912 2969; x_wconf 89' lang='lat' dir='ltr'>ad</span> <span class='ocrx_word' id='word_1_101' title='bbox 936 2906 1138 2989; x_wconf 87' lang='lat' dir='ltr'>proximum</span> <span class='ocrx_word' id='word_1_102' title='bbox 1161 2908 1387 2989; x_wconf 90' lang='lat' dir='ltr'>Imperialem</span> <span class='ocrx_word' id='word_1_103' title='bbox 1412 2907 1630 2973; x_wconf 89' lang='lat' dir='ltr'>Conventum</span> 
     </span>
     <span class='ocr_line' id='line_1_21' title="bbox 352 3016 1631 3101; baseline 0.001 -21"><span class='ocrx_word' id='word_1_104' title='bbox 352 3018 588 3098; x_wconf 79' lang='lat' dir='ltr'>NurImberge</span> <span class='ocrx_word' id='word_1_105' title='bbox 612 3017 840 3093; x_wconf 87' lang='lat' dir='ltr'>celebratum,</span> <span class='ocrx_word' id='word_1_106' title='bbox 865 3016 1051 3078; x_wconf 41' lang='lat' dir='ltr'>de‘latere</span> <span class='ocrx_word' id='word_1_107' title='bbox 1075 3017 1207 3097; x_wconf 88' lang='lat' dir='ltr'>legato,</span> <span class='ocrx_word' id='word_1_108' title='bbox 1231 3016 1277 3078; x_wconf 89' lang='lat' dir='ltr'>ad</span> <span class='ocrx_word' id='word_1_109' title='bbox 1301 3037 1357 3080; x_wconf 91' lang='lat' dir='ltr'>me</span> <span class='ocrx_word' id='word_1_110' title='bbox 1383 3018 1532 3080; x_wconf 87' lang='lat' dir='ltr'>dederat</span> <span class='ocrx_word' id='word_1_111' title='bbox 1555 3038 1631 3101; x_wconf 90' lang='lat' dir='ltr'>per·</span> 
     </span>
     <span class='ocr_line' id='line_1_22' title="bbox 352 3123 1628 3206; baseline -0.002 -17"><span class='ocrx_word' id='word_1_112' title='bbox 352 3125 530 3204; x_wconf 85' lang='lat' dir='ltr'>ferendas,</span> <span class='ocrx_word' id='word_1_113' title='bbox 555 3125 774 3206; x_wconf 86' lang='lat' dir='ltr'>gratulanter</span> <span class='ocrx_word' id='word_1_114' title='bbox 805 3123 946 3205; x_wconf 87' lang='lat' dir='ltr'>accepi,</span> <span class='ocrx_word' id='word_1_115' title='bbox 981 3123 1108 3203; x_wconf 91' lang='lat' dir='ltr'>quibus</span> <span class='ocrx_word' id='word_1_116' title='bbox 1131 3123 1378 3187; x_wconf 85' lang='lat' dir='ltr'>incredibilem</span> <span class='ocrx_word' id='word_1_117' title='bbox 1409 3134 1445 3187; x_wconf 90' lang='lat' dir='ltr'>et</span> <span class='ocrx_word' id='word_1_118' title='bbox 1467 3124 1628 3188; x_wconf 85' lang='lat' dir='ltr'>fermissi-</span> 
     </span>
     <span class='ocr_line' id='line_1_23' title="bbox 353 3229 1629 3312; baseline -0.001 -16"><span class='ocrx_word' id='word_1_119' title='bbox 353 3254 445 3297; x_wconf 87' lang='lat' dir='ltr'>mam</span> <span class='ocrx_word' id='word_1_120' title='bbox 469 3231 536 3294; x_wconf 89' lang='lat' dir='ltr'>sibi</span> <span class='ocrx_word' id='word_1_121' title='bbox 562 3232 606 3294; x_wconf 91' lang='lat' dir='ltr'>de</span> <span class='ocrx_word' id='word_1_122' title='bbox 630 3250 686 3292; x_wconf 92' lang='lat' dir='ltr'>me</span> <span class='ocrx_word' id='word_1_123' title='bbox 712 3230 955 3311; x_wconf 82' lang='lat' dir='ltr'>propulsanda</span> <span class='ocrx_word' id='word_1_124' title='bbox 983 3229 1181 3293; x_wconf 88' lang='lat' dir='ltr'>lutheriane</span> <span class='ocrx_word' id='word_1_125' title='bbox 1212 3229 1429 3312; x_wconf 87' lang='lat' dir='ltr'>infectionis,</span> <span class='ocrx_word' id='word_1_126' title='bbox 1465 3252 1532 3294; x_wconf 90' lang='lat' dir='ltr'>nec</span> <span class='ocrx_word' id='word_1_127' title='bbox 1561 3253 1629 3295; x_wconf 92' lang='lat' dir='ltr'>non</span> 
     </span>
     <span class='ocr_line' id='line_1_24' title="bbox 353 3336 1631 3422; baseline 0 -20"><span class='ocrx_word' id='word_1_128' title='bbox 353 3339 577 3422; x_wconf 88' lang='lat' dir='ltr'>procurande</span> <span class='ocrx_word' id='word_1_129' title='bbox 601 3337 881 3416; x_wconf 84' lang='lat' dir='ltr'>tranquillitatis,</span> <span class='ocrx_word' id='word_1_130' title='bbox 914 3346 949 3399; x_wconf 90' lang='lat' dir='ltr'>et</span> <span class='ocrx_word' id='word_1_131' title='bbox 980 3336 1146 3400; x_wconf 82' lang='lat' dir='ltr'>cristiana</span> <span class='ocrx_word' id='word_1_132' title='bbox 1180 3337 1375 3418; x_wconf 87' lang='lat' dir='ltr'>reipublice</span> <span class='ocrx_word' id='word_1_133' title='bbox 1407 3337 1631 3402; x_wconf 82' lang='lat' dir='ltr'>defendenda</span> 
     </span>
     <span class='ocr_line' id='line_1_25' title="bbox 355 3442 1631 3528; baseline -0.001 -18"><span class='ocrx_word' id='word_1_134' title='bbox 355 3445 559 3528; x_wconf 91' lang='lat' dir='ltr'>opinionem</span> <span class='ocrx_word' id='word_1_135' title='bbox 593 3442 799 3523; x_wconf 88' lang='lat' dir='ltr'>concepisse</span> <span class='ocrx_word' id='word_1_136' title='bbox 829 3443 1000 3509; x_wconf 85' lang='lat' dir='ltr'>intellexi.</span> <span class='ocrx_word' id='word_1_137' title='bbox 1040 3444 1204 3526; x_wconf 89' lang='lat' dir='ltr'>Egissem</span> <span class='ocrx_word' id='word_1_138' title='bbox 1232 3444 1397 3524; x_wconf 91' lang='lat' dir='ltr'>equidem</span> <span class='ocrx_word' id='word_1_139' title='bbox 1427 3446 1473 3508; x_wconf 91' lang='lat' dir='ltr'>ad</span> <span class='ocrx_word' id='word_1_140' title='bbox 1505 3446 1631 3509; x_wconf 89' lang='lat' dir='ltr'>Vestre</span> 
     </span>
     <span class='ocr_line' id='line_1_26' title="bbox 354 3548 1630 3634; baseline -0.001 -17"><span class='ocrx_word' id='word_1_141' title='bbox 354 3550 564 3617; x_wconf 88' lang='lat' dir='ltr'>Sanctitatis</span> <span class='ocrx_word' id='word_1_142' title='bbox 598 3558 700 3631; x_wconf 87' lang='lat' dir='ltr'>vota,</span> <span class='ocrx_word' id='word_1_143' title='bbox 735 3551 803 3610; x_wconf 91' lang='lat' dir='ltr'>hoc</span> <span class='ocrx_word' id='word_1_144' title='bbox 837 3548 1041 3612; x_wconf 89' lang='lat' dir='ltr'>cristianum</span> <span class='ocrx_word' id='word_1_145' title='bbox 1077 3571 1182 3633; x_wconf 91' lang='lat' dir='ltr'>opus,</span> <span class='ocrx_word' id='word_1_146' title='bbox 1226 3561 1511 3634; x_wconf 90' lang='lat' dir='ltr'>quantocumque</span> <span class='ocrx_word' id='word_1_147' title='bbox 1554 3574 1630 3617; x_wconf 90' lang='lat' dir='ltr'>meo</span> 
     </span>
     <span class='ocr_line' id='line_1_27' title="bbox 353 3655 1630 3742; baseline 0.001 -20"><span class='ocrx_word' id='word_1_148' title='bbox 353 3658 510 3742; x_wconf 90' lang='lat' dir='ltr'>presidio</span> <span class='ocrx_word' id='word_1_149' title='bbox 535 3655 796 3719; x_wconf 85' lang='lat' dir='ltr'>accuratissime</span> <span class='ocrx_word' id='word_1_150' title='bbox 826 3656 856 3718; x_wconf 90' lang='lat' dir='ltr'>si</span> <span class='ocrx_word' id='word_1_151' title='bbox 879 3675 946 3739; x_wconf 88' lang='lat' dir='ltr'>per</span> <span class='ocrx_word' id='word_1_152' title='bbox 969 3657 1114 3739; x_wconf 89' lang='lat' dir='ltr'>negotia</span> <span class='ocrx_word' id='word_1_153' title='bbox 1141 3677 1221 3720; x_wconf 90' lang='lat' dir='ltr'>mea</span> <span class='ocrx_word' id='word_1_154' title='bbox 1248 3659 1413 3740; x_wconf 89' lang='lat' dir='ltr'>urgentia</span> <span class='ocrx_word' id='word_1_155' title='bbox 1443 3660 1630 3723; x_wconf 88' lang='lat' dir='ltr'>conventui</span> 
     </span>
     <span class='ocr_line' id='line_1_28' title="bbox 354 3761 1630 3848; baseline 0.001 -19"><span class='ocrx_word' id='word_1_156' title='bbox 354 3765 545 3845; x_wconf 91' lang='lat' dir='ltr'>antedicto,</span> <span class='ocrx_word' id='word_1_157' title='bbox 570 3763 673 3826; x_wconf 89' lang='lat' dir='ltr'>sicuti</span> <span class='ocrx_word' id='word_1_158' title='bbox 696 3762 812 3824; x_wconf 88' lang='lat' dir='ltr'>animo</span> <span class='ocrx_word' id='word_1_159' title='bbox 837 3761 1049 3826; x_wconf 88' lang='lat' dir='ltr'>affectabam</span> <span class='ocrx_word' id='word_1_160' title='bbox 1073 3763 1245 3828; x_wconf 89' lang='lat' dir='ltr'>interesse</span> <span class='ocrx_word' id='word_1_161' title='bbox 1270 3764 1445 3839; x_wconf 88' lang='lat' dir='ltr'>licuisset;</span> <span class='ocrx_word' id='word_1_162' title='bbox 1469 3766 1630 3848; x_wconf 89' lang='lat' dir='ltr'>profecto</span> 
     </span>
     <span class='ocr_line' id='line_1_29' title="bbox 355 3869 1630 3953; baseline 0 -17"><span class='ocrx_word' id='word_1_163' title='bbox 355 3873 486 3937; x_wconf 90' lang='lat' dir='ltr'>etenim</span> <span class='ocrx_word' id='word_1_164' title='bbox 514 3873 641 3953; x_wconf 91' lang='lat' dir='ltr'>ingens</span> <span class='ocrx_word' id='word_1_165' title='bbox 674 3869 843 3950; x_wconf 88' lang='lat' dir='ltr'>gaudium</span> <span class='ocrx_word' id='word_1_166' title='bbox 877 3869 983 3932; x_wconf 89' lang='lat' dir='ltr'>michi</span> <span class='ocrx_word' id='word_1_167' title='bbox 1021 3869 1228 3950; x_wconf 88' lang='lat' dir='ltr'>insedisset,</span> <span class='ocrx_word' id='word_1_168' title='bbox 1263 3882 1336 3935; x_wconf 92' lang='lat' dir='ltr'>tum</span> <span class='ocrx_word' id='word_1_169' title='bbox 1372 3872 1449 3953; x_wconf 92' lang='lat' dir='ltr'>ipse</span> <span class='ocrx_word' id='word_1_170' title='bbox 1485 3874 1630 3937; x_wconf 90' lang='lat' dir='ltr'>consilio</span> 
     </span>
     <span class='ocr_line' id='line_1_30' title="bbox 357 3976 1630 4063; baseline 0 -20"><span class='ocrx_word' id='word_1_171' title='bbox 357 3980 473 4044; x_wconf 87' lang='lat' dir='ltr'>studio</span> <span class='ocrx_word' id='word_1_172' title='bbox 498 3980 621 4041; x_wconf 92' lang='lat' dir='ltr'>labore</span> <span class='ocrx_word' id='word_1_173' title='bbox 647 3987 682 4038; x_wconf 88' lang='lat' dir='ltr'>et</span> <span class='ocrx_word' id='word_1_174' title='bbox 696 3979 849 4057; x_wconf 89' lang='lat' dir='ltr'>hortatu,</span> <span class='ocrx_word' id='word_1_175' title='bbox 874 3976 1064 4058; x_wconf 88' lang='lat' dir='ltr'>quidquam</span> <span class='ocrx_word' id='word_1_176' title='bbox 1091 3980 1186 4059; x_wconf 90' lang='lat' dir='ltr'>quod</span> <span class='ocrx_word' id='word_1_177' title='bbox 1210 3980 1246 4041; x_wconf 91' lang='lat' dir='ltr'>in</span> <span class='ocrx_word' id='word_1_178' title='bbox 1270 3981 1441 4042; x_wconf 90' lang='lat' dir='ltr'>honorem</span> <span class='ocrx_word' id='word_1_179' title='bbox 1467 3978 1630 4063; x_wconf 89' lang='lat' dir='ltr'>Omnipo-</span> 
     </span>
     <span class='ocr_line' id='line_1_31' title="bbox 356 4083 1632 4166; baseline 0 -16"><span class='ocrx_word' id='word_1_180' title='bbox 356 4087 463 4150; x_wconf 92' lang='lat' dir='ltr'>tentis</span> <span class='ocrx_word' id='word_1_181' title='bbox 499 4085 583 4165; x_wconf 91' lang='lat' dir='ltr'>Dei,</span> <span class='ocrx_word' id='word_1_182' title='bbox 620 4083 814 4147; x_wconf 89' lang='lat' dir='ltr'>communis</span> <span class='ocrx_word' id='word_1_183' title='bbox 849 4083 1091 4147; x_wconf 87' lang='lat' dir='ltr'>cristianitatis</span> <span class='ocrx_word' id='word_1_184' title='bbox 1130 4088 1293 4166; x_wconf 91' lang='lat' dir='ltr'>salutem,</span> <span class='ocrx_word' id='word_1_185' title='bbox 1329 4084 1399 4148; x_wconf 90' lang='lat' dir='ltr'>imo</span> <span class='ocrx_word' id='word_1_186' title='bbox 1435 4096 1471 4148; x_wconf 89' lang='lat' dir='ltr'>et</span> <span class='ocrx_word' id='word_1_187' title='bbox 1505 4086 1632 4151; x_wconf 89' lang='lat' dir='ltr'>Vestre</span> 
     </span>
     <span class='ocr_line' id='line_1_32' title="bbox 354 4190 1631 4275; baseline -0.001 -17"><span class='ocrx_word' id='word_1_188' title='bbox 354 4191 579 4272; x_wconf 89' lang='lat' dir='ltr'>Sanctitatis,</span> <span class='ocrx_word' id='word_1_189' title='bbox 608 4190 787 4272; x_wconf 87' lang='lat' dir='ltr'>totiusque</span> <span class='ocrx_word' id='word_1_190' title='bbox 811 4190 976 4253; x_wconf 89' lang='lat' dir='ltr'>Romane</span> <span class='ocrx_word' id='word_1_191' title='bbox 1001 4190 1160 4254; x_wconf 92' lang='lat' dir='ltr'>Ecclesie</span> <span class='ocrx_word' id='word_1_192' title='bbox 1194 4202 1422 4275; x_wconf 85' lang='lat' dir='ltr'>augmentum</span> <span class='ocrx_word' id='word_1_193' title='bbox 1457 4195 1631 4275; x_wconf 87' lang='lat' dir='ltr'>cessisset,</span> 
     </span>
     <span class='ocr_line' id='line_1_33' title="bbox 354 4298 1633 4383; baseline -0.001 -17"><span class='ocrx_word' id='word_1_194' title='bbox 354 4302 498 4366; x_wconf 86' lang='lat' dir='ltr'>efficere</span> <span class='ocrx_word' id='word_1_195' title='bbox 541 4298 756 4381; x_wconf 64' lang='lat' dir='ltr'>potuissem</span> <span class='ocrx_word' id='word_1_196' title='bbox 799 4299 925 4360; x_wconf 89' lang='lat' dir='ltr'>eodem</span> <span class='ocrx_word' id='word_1_197' title='bbox 968 4298 1151 4379; x_wconf 90' lang='lat' dir='ltr'>potissime</span> <span class='ocrx_word' id='word_1_198' title='bbox 1200 4298 1347 4379; x_wconf 90' lang='lat' dir='ltr'>intuitu,</span> <span class='ocrx_word' id='word_1_199' title='bbox 1394 4321 1463 4383; x_wconf 94' lang='lat' dir='ltr'>quo</span> <span class='ocrx_word' id='word_1_200' title='bbox 1503 4301 1633 4366; x_wconf 88' lang='lat' dir='ltr'>Vestra</span> 
     </span>
     <span class='ocr_line' id='line_1_34' title="bbox 354 4405 1631 4490; baseline 0.001 -18"><span class='ocrx_word' id='word_1_201' title='bbox 354 4407 533 4472; x_wconf 86' lang='lat' dir='ltr'>Sanctitas</span> <span class='ocrx_word' id='word_1_202' title='bbox 549 4416 621 4469; x_wconf 90' lang='lat' dir='ltr'>tam</span> <span class='ocrx_word' id='word_1_203' title='bbox 637 4405 740 4469; x_wconf 90' lang='lat' dir='ltr'>nimis</span> <span class='ocrx_word' id='word_1_204' title='bbox 763 4406 962 4487; x_wconf 86' lang='lat' dir='ltr'>emergenti</span> <span class='ocrx_word' id='word_1_205' title='bbox 983 4407 1100 4469; x_wconf 90' lang='lat' dir='ltr'>heresi</span> <span class='ocrx_word' id='word_1_206' title='bbox 1123 4415 1159 4469; x_wconf 89' lang='lat' dir='ltr'>et</span> <span class='ocrx_word' id='word_1_207' title='bbox 1182 4406 1294 4470; x_wconf 85' lang='lat' dir='ltr'>furori</span> <span class='ocrx_word' id='word_1_208' title='bbox 1317 4409 1484 4490; x_wconf 89' lang='lat' dir='ltr'>populari</span> <span class='ocrx_word' id='word_1_209' title='bbox 1503 4411 1631 4473; x_wconf 92' lang='lat' dir='ltr'>condo·</span> 
     </span>
     <span class='ocr_line' id='line_1_35' title="bbox 353 4512 1633 4597; baseline 0 -19"><span class='ocrx_word' id='word_1_210' title='bbox 353 4518 447 4596; x_wconf 89' lang='lat' dir='ltr'>lens,</span> <span class='ocrx_word' id='word_1_211' title='bbox 472 4524 572 4577; x_wconf 89' lang='lat' dir='ltr'>tanta</span> <span class='ocrx_word' id='word_1_212' title='bbox 604 4517 721 4594; x_wconf 88' lang='lat' dir='ltr'>gratia</span> <span class='ocrx_word' id='word_1_213' title='bbox 752 4522 788 4574; x_wconf 87' lang='lat' dir='ltr'>et</span> <span class='ocrx_word' id='word_1_214' title='bbox 818 4512 952 4593; x_wconf 88' lang='lat' dir='ltr'>pietate</span> <span class='ocrx_word' id='word_1_215' title='bbox 976 4533 1042 4594; x_wconf 90' lang='lat' dir='ltr'>pro</span> <span class='ocrx_word' id='word_1_216' title='bbox 1066 4513 1206 4576; x_wconf 91' lang='lat' dir='ltr'>sublimi</span> <span class='ocrx_word' id='word_1_217' title='bbox 1229 4515 1401 4597; x_wconf 90' lang='lat' dir='ltr'>pastorali</span> <span class='ocrx_word' id='word_1_218' title='bbox 1427 4536 1491 4579; x_wconf 92' lang='lat' dir='ltr'>suo</span> <span class='ocrx_word' id='word_1_219' title='bbox 1515 4516 1633 4580; x_wconf 84' lang='lat' dir='ltr'>officio</span> 
     </span>
     <span class='ocr_line' id='line_1_36' title="bbox 355 4616 1634 4705; baseline 0.001 -20"><span class='ocrx_word' id='word_1_220' title='bbox 355 4642 443 4703; x_wconf 89' lang='lat' dir='ltr'>erga</span> <span class='ocrx_word' id='word_1_221' title='bbox 474 4619 722 4685; x_wconf 86' lang='lat' dir='ltr'>Germanicam</span> <span class='ocrx_word' id='word_1_222' title='bbox 757 4616 946 4681; x_wconf 88' lang='lat' dir='ltr'>Nationem</span> <span class='ocrx_word' id='word_1_223' title='bbox 980 4619 1126 4699; x_wconf 88' lang='lat' dir='ltr'>affecta,</span> <span class='ocrx_word' id='word_1_224' title='bbox 1161 4619 1263 4684; x_wconf 86' lang='lat' dir='ltr'>Sacri</span> <span class='ocrx_word' id='word_1_225' title='bbox 1292 4621 1436 4705; x_wconf 88' lang='lat' dir='ltr'>Imperii</span> <span class='ocrx_word' id='word_1_226' title='bbox 1465 4643 1634 4705; x_wconf 87' lang='lat' dir='ltr'>proceres</span> 
     </span>
     <span class='ocr_line' id='line_1_37' title="bbox 354 4724 1633 4813; baseline 0.001 -20"><span class='ocrx_word' id='word_1_227' title='bbox 354 4729 465 4813; x_wconf 89' lang='lat' dir='ltr'>legati</span> <span class='ocrx_word' id='word_1_228' title='bbox 489 4728 543 4791; x_wconf 93' lang='lat' dir='ltr'>sui</span> <span class='ocrx_word' id='word_1_229' title='bbox 568 4724 797 4806; x_wconf 90' lang='lat' dir='ltr'>auctoritate,</span> <span class='ocrx_word' id='word_1_230' title='bbox 822 4726 1012 4806; x_wconf 88' lang='lat' dir='ltr'>prudentia</span> <span class='ocrx_word' id='word_1_231' title='bbox 1036 4737 1072 4790; x_wconf 91' lang='lat' dir='ltr'>et</span> <span class='ocrx_word' id='word_1_232' title='bbox 1095 4748 1164 4810; x_wconf 92' lang='lat' dir='ltr'>ope</span> <span class='ocrx_word' id='word_1_233' title='bbox 1189 4732 1446 4811; x_wconf 90' lang='lat' dir='ltr'>commonebat,</span> <span class='ocrx_word' id='word_1_234' title='bbox 1470 4750 1542 4812; x_wconf 92' lang='lat' dir='ltr'>quo</span> <span class='ocrx_word' id='word_1_235' title='bbox 1566 4740 1633 4794; x_wconf 88' lang='lat' dir='ltr'>tur·</span> 
     </span>
     <span class='ocr_line' id='line_1_38' title="bbox 354 4832 1632 4918; baseline 0.001 -18"><span class='ocrx_word' id='word_1_236' title='bbox 354 4836 447 4900; x_wconf 90' lang='lat' dir='ltr'>batis</span> <span class='ocrx_word' id='word_1_237' title='bbox 462 4836 568 4898; x_wconf 90' lang='lat' dir='ltr'>rebus</span> <span class='ocrx_word' id='word_1_238' title='bbox 586 4835 789 4897; x_wconf 90' lang='lat' dir='ltr'>consulatur</span> <span class='ocrx_word' id='word_1_239' title='bbox 803 4832 1010 4897; x_wconf 83' lang='lat' dir='ltr'>ferventius.</span> <span class='ocrx_word' id='word_1_240' title='bbox 1046 4833 1125 4916; x_wconf 79' lang='lat' dir='ltr'>Qua</span> <span class='ocrx_word' id='word_1_241' title='bbox 1144 4855 1183 4898; x_wconf 92' lang='lat' dir='ltr'>re</span> <span class='ocrx_word' id='word_1_242' title='bbox 1204 4856 1284 4898; x_wconf 91' lang='lat' dir='ltr'>cum</span> <span class='ocrx_word' id='word_1_243' title='bbox 1299 4836 1434 4918; x_wconf 91' lang='lat' dir='ltr'>gratius</span> <span class='ocrx_word' id='word_1_244' title='bbox 1458 4837 1565 4900; x_wconf 88' lang='lat' dir='ltr'>michi</span> <span class='ocrx_word' id='word_1_245' title='bbox 1581 4858 1632 4901; x_wconf 88' lang='lat' dir='ltr'>ac·</span> 
     </span>
    </p>
   </div>
   <div class='ocr_carea' id='block_1_10' title="bbox 0 0 1788 5734">
    <p class='ocr_par' dir='ltr' id='par_1_10' title="bbox 0 0 1788 5734">
     <span class='ocr_line' id='line_1_39' title="bbox 0 0 1788 5734; baseline 0 0"><span class='ocrx_word' id='word_1_246' title='bbox 0 0 1788 5734; x_wconf 95' lang='lat' dir='ltr'> </span> 
     </span>
    </p>
   </div>
  </div>
 </body>
</html>
