3559 5734
836 544 1065 604 &ww

307 688 393 755 farsi
409 693 443 756 in
460 692 559 756 Rota
576 702 612 756 et
626 713 692 775 per
707 693 837 756 notarii
852 694 888 756 di
913 696 1048 776 quella;
1074 694 1102 755 si
1127 693 1177 755 ita
1201 702 1255 755 est
1270 694 1336 755 che
1354 691 1427 755 Sua
1445 691 1587 755 Santita

306 800 466 881 imponat
494 800 671 864 silentium
695 801 753 864 vel
777 803 973 882 suspendat
997 800 1285 882 prosecutionem
1309 799 1501 879 litigiorum
1526 820 1592 883 per

308 910 340 969 el
365 917 543 989 presente,
567 918 668 971 tanto
692 909 758 970 che
782 928 890 989 passa
915 916 1041 989 questo
1064 907 1174 970 furor.

397 1014 715 1077 Particularmente
746 1018 909 1097 besogna
940 1018 1006 1078 che
1031 1015 1074 1079 V.
1100 1012 1137 1078 S.
1162 1014 1238 1076 R¹¹¹⁸
1269 1013 1337 1076 laci
1370 1032 1437 1075 con
1465 1016 1498 1076 el
1523 1013 1592 1075 Rd⁰

307 1120 486 1203 Episcopo
508 1120 703 1185 Casertano
727 1124 793 1185 che
819 1143 882 1185 sua
908 1121 1076 1204 Signoria
1100 1142 1138 1185 se
1163 1121 1305 1203 deporti
1331 1122 1375 1183 de
1399 1141 1470 1183 una
1494 1131 1592 1183 certa

307 1229 492 1310 prebenda
509 1229 788 1292 monasteriense
804 1231 850 1291 ad
867 1249 972 1311 quam
994 1229 1070 1310 ipse
1088 1231 1198 1291 habet
1212 1228 1266 1290 ius
1283 1228 1408 1308 vigore
1425 1248 1592 1291 reservae

307 1355 386 1397 cum
418 1336 654 1418 derogatione
686 1338 999 1415 concordatorum,
1034 1336 1152 1398 donde
1184 1356 1229 1398 ne
1264 1338 1415 1397 volcano
1447 1334 1503 1397 far
1533 1340 1591 1416 qul

308 1444 447 1524 grande
483 1444 646 1524 querela,
682 1464 739 1505 ma
776 1445 808 1505 el
845 1442 1058 1506 cancelliere
1090 1442 1295 1505 coloniense
1321 1441 1390 1504 mio
1415 1442 1529 1504 amico
1556 1452 1592 1504 et

306 1550 578 1613 honoratissimo
603 1551 709 1613 homo
735 1561 770 1612 et
795 1552 914 1612 buono
940 1549 1183 1612 ecclesiastico
1208 1570 1263 1613 me
1288 1570 1332 1612 ne
1349 1551 1396 1612 ha
1412 1550 1590 1613 advertito

307 1676 372 1737 per
400 1675 463 1720 sue
487 1658 631 1735 lettere,
663 1658 696 1719 le
721 1657 817 1738 quali
841 1657 875 1720 io
901 1658 1045 1729 mando;
1081 1658 1200 1720 donde
1225 1658 1334 1738 quelli
1358 1657 1461 1720 achi
1485 1657 1529 1719 V.
1555 1656 1591 1720 S.

307 1761 383 1823 R¹¹¹²¹
405 1764 636 1827 commettera
659 1775 783 1845 queste
809 1784 892 1827 cose
917 1784 962 1826 ne
986 1774 1163 1845 potranno
1184 1752 1315 1845 pigliar
1329 1764 1592 1844 informatione,

307 1879 343 1931 et
376 1880 475 1933 certo
507 1890 578 1933 non
611 1871 631 1934 e
663 1890 747 1934 cosa
779 1890 845 1952 per
875 1870 901 1933 il
925 1869 965 1932 Sr
991 1870 1187 1933 Casertano
1219 1890 1290 1933 una
1313 1873 1498 1952 prebenda
1523 1892 1592 1934 mo·

307 1975 544 2049 nasteriense;
578 1978 681 2058 perd,
706 1998 744 2040 se
769 1978 798 2041 si
822 1988 923 2060 pote,
948 1980 1043 2041 bono
1068 1980 1221 2041 sarebbe
1246 1981 1325 2041 chel
1350 1979 1592 2060 compiacesse

307 2104 328 2146 a
341 2094 519 2165 questoro,
537 2094 674 2146 attenta
690 2086 786 2148 detta
805 2085 1040 2167 derogatione
1056 2086 1090 2147 la
1107 2087 1190 2166 qual
1206 2084 1243 2147 fa
1259 2086 1388 2147 strider
1404 2086 1428 2148 il
1449 2087 1592 2149 mundo

398 2190 485 2253 Item
518 2190 543 2253 il
575 2190 706 2272 Signor
741 2193 785 2253 de
817 2191 1054 2255 Armerstorff
1090 2192 1273 2255 camerieri
1306 2194 1371 2254 che
1403 2195 1526 2255 dorme
1556 2194 1593 2255 in

307 2316 449 2359 camera
480 2297 516 2358 di
540 2296 651 2361 Cesar
682 2300 791 2362 molto
825 2301 858 2361 al
893 2320 956 2361 suo
988 2319 1121 2380 segnor
1144 2309 1265 2380 grato,
1300 2299 1329 2361 si
1353 2301 1509 2363 lamenta
1533 2301 1592 2363 del

307 2404 383 2465 R¹¹¹⁰
408 2403 597 2467 Cardinale
621 2404 750 2486 Egidio
785 2406 820 2467 di
852 2416 950 2468 certa
981 2406 1225 2488 prepositura,
1259 2407 1385 2489 vigore
1410 2407 1592 2470 cuiusdam

307 2530 466 2583 reserve3
492 2532 549 2573 ma
573 2510 634 2592 piu
658 2511 687 2574 si
711 2513 793 2575 dole
818 2514 863 2575 de
889 2514 1007 2576 Monsr
1026 2513 1255 2576 Enckewoirt
1280 2534 1301 2575 a
1326 2515 1382 2576 chi
1407 2514 1455 2577 lui
1472 2523 1508 2576 et
1527 2534 1594 2595 per

308 2620 433 2680 lettere
458 2618 493 2679 di
518 2617 628 2680 Cesar
652 2627 688 2681 et
712 2639 775 2681 sue
799 2621 916 2682 havea
939 2621 1249 2683 raccommandato
1274 2621 1309 2682 la
1333 2640 1417 2683 cosa
1442 2641 1523 2700 sua,
1557 2631 1594 2683 et

307 2728 429 2787 taxalo
461 2745 482 2787 o
515 2725 560 2787 de
591 2724 717 2788 fraude
748 2746 769 2788 o
802 2727 847 2789 de
872 2726 1111 2809 negligentia:
1160 2726 1270 2790 Cesar
1294 2746 1355 2789 ore
1380 2746 1442 2789 suo
1468 2748 1593 2790 mene

307 2833 353 2894 ha
378 2833 533 2914 parlat0,
568 2832 656 2913 perd
681 2853 725 2895 ne
749 2833 796 2895 ho
820 2834 943 2896 scritto
977 2835 1022 2896 ad
1047 2833 1212 2897 ambedoi
1237 2844 1273 2896 et
1296 2853 1406 2897 ancor
1429 2836 1593 2916 supplico

308 2961 328 3001 a
354 2940 484 3001 Vostra
511 2936 678 3018 Signoria
702 2940 1022 3003 Reverendissima
1054 2963 1092 3003 se
1125 2941 1234 3022 degni
1262 2939 1318 3003 far
1341 2949 1488 3004 trattare
1514 2963 1592 3003 eum

283 3040 339 3108 'el
371 3045 689 3108 Reverendissimo
715 3045 904 3110 Cardinale
938 3049 1123 3130 predetto,
1156 3049 1221 3111 che
1256 3048 1285 3110 si
1318 3047 1427 3129 degni
1459 3068 1480 3110 o
1511 3069 1592 3111 con·

307 3164 424 3215 tenter
456 3153 555 3215 detto
580 3153 780 3231 camerieri,
815 3154 1000 3217 dalmeno
1025 3155 1160 3218 scrivet
1182 3155 1218 3217 di
1243 3164 1359 3225 sorte,
1392 3157 1458 3217 che
1482 3156 1590 3218 Cesar

307 3280 373 3322 con
406 3262 504 3323 detto
538 3259 722 3322 camerieri
753 3279 933 3341 cognosce
964 3264 1030 3323 che
1054 3282 1124 3324 non
1150 3283 1189 3326 se
1213 3262 1238 3324 li
1257 3261 1420 3335 fatorto;
1453 3263 1592 3344 questui

307 3367 326 3428 ὸ
360 3367 396 3429 di
429 3366 524 3429 assai
558 3367 794 3448 importanza,
829 3378 864 3429 et
894 3367 966 3430 fino
998 3374 1055 3449 qul
1085 3379 1179 3432 stato
1203 3372 1322 3432 buono
1348 3370 1591 3433 ecclesiastico

307 3478 341 3536 al
365 3485 532 3555 presente
557 3473 767 3536 commincia
790 3496 811 3534 a
836 3474 967 3537 stridat
991 3485 1027 3537 et
1049 3475 1106 3538 far
1131 3477 1163 3538 el
1184 3476 1316 3539 Trenta
1340 3496 1438 3558 para,
1463 3498 1501 3539 se
1519 3498 1591 3540 non

306 3602 344 3642 se
370 3581 393 3641 li
418 3580 454 3642 fa
478 3580 616 3662 ragion,
640 3601 740 3644 come
764 3582 813 3644 lui
828 3582 923 3653 dice;
949 3582 1079 3645 mando
1095 3585 1130 3644 la
1145 3603 1208 3645 sua
1223 3584 1370 3665 propria
1386 3584 1590 3645 instruttion

306 3707 417 3748 ancor
440 3687 505 3750 che
531 3689 565 3749 la
589 3687 633 3751 sii
655 3686 691 3750 in
716 3688 906 3769 Francese,
930 3710 1001 3752 non
1025 3692 1072 3752 ho
1096 3701 1217 3772 tempo
1241 3689 1278 3752 di
1301 3691 1471 3753 tradurla.

396 3794 464 3856 Un'
481 3798 572 3857 altra
597 3815 704 3857 causa
727 3797 773 3857 de
797 3815 845 3858 un
868 3796 1118 3859 honestissimo
1134 3795 1362 3863 Gentilhomo
1383 3797 1591 3878 praeposito

306 3902 566 3964 hildesemense
596 3912 632 3964 et
663 3903 834 3965 canonico
858 3903 1072 3984 Moguntino
1101 3906 1198 3965 buon
1222 3904 1374 3965 servitor
1399 3904 1434 3964 di
1461 3903 1592 3966 Nostro

307 4006 461 4088 Signore
495 4019 530 4070 et
562 4009 661 4072 dotto
687 4019 723 4071 et
746 4009 882 4087 daben,
908 4012 942 4072 la
966 4012 1048 4092 qual
1073 4032 1111 4073 se
1136 4009 1209 4073 cosi
1234 4010 1254 4072 e
1278 4030 1377 4072 come
1403 4011 1451 4072 lui
1477 4032 1592 4087 narra,

306 4126 404 4177 certo
429 4114 448 4177 ὲ
476 4118 585 4179 molta
609 4117 759 4195 strenia,
785 4130 821 4179 et
845 4117 989 4180 doliomi
1014 4119 1079 4181 che
1104 4118 1125 4179 l'
1140 4117 1249 4179 habbi
1274 4120 1322 4179 tal
1348 4119 1592 4180 controversia

307 4242 385 4285 cum
410 4222 548 4285 Messer
571 4222 632 4302 Ja:
666 4223 945 4304 Questemberg,
980 4226 1013 4286 el
1045 4226 1127 4305 qual
1153 4244 1286 4287 ancora
1317 4226 1384 4287 che
1418 4226 1463 4286 mi
1489 4223 1530 4287 sii
1556 4224 1591 4287 in

306 4331 410 4391 luoco
435 4328 470 4390 di
501 4331 625 4410 padre,
657 4332 848 4392 tuttavolta
879 4350 945 4411 per
973 4329 997 4392 il
1021 4334 1091 4393 ben
1117 4331 1261 4413 publico
1285 4351 1350 4394 son
1375 4341 1546 4394 costretto
1572 4354 1593 4394 a

306 4435 440 4497 scriver
473 4449 508 4498 et
541 4447 728 4499 contentar
760 4446 940 4517 questoro,
988 4438 1056 4500 Un'
1074 4440 1164 4500 altra
1197 4437 1231 4499 di
1256 4439 1374 4518 quello
1399 4439 1593 4501 medesimo

306 4552 431 4604 contra
463 4563 509 4605 un
535 4544 644 4615 altr03
680 4546 809 4605 mando
841 4544 875 4605 le
909 4563 972 4605 sue
997 4544 1234 4622 instruttioni,
1267 4545 1399 4607 Vostra
1423 4544 1594 4627 Signoria

307 4649 623 4712 Reverendissima
647 4650 676 4711 si
701 4650 810 4730 degni
831 4653 864 4713 le
882 4661 1065 4731 cometter,
1091 4661 1126 4713 et
1142 4650 1199 4713 far
1213 4653 1279 4714 che
1296 4652 1329 4713 di
1347 4652 1407 4732 qui
1423 4663 1593 4733 questore

305 4756 477 4819 habbiino
512 4757 662 4837 qualche
693 4766 858 4838 resposta
887 4757 954 4819 che
988 4757 1021 4819 io
1053 4758 1100 4819 ho
1132 4756 1221 4820 fatto
1255 4758 1276 4820 l'
1294 4757 1414 4820 officio
1445 4760 1513 4822 che
1537 4781 1592 4823 me

305 4864 425 4927 hanno
450 4862 630 4946 requisito·
