3559 5734
684 565 930 626 edidit&e

166 713 385 797 presentium
417 715 550 778 seriose
575 715 842 780 committimus:
877 726 1052 799 quatenus
1076 714 1223 780 consilio
1255 724 1291 778 et
1315 712 1447 780 auxilio

167 821 471 903 conquerentibus
493 822 629 902 adsint,
661 843 722 886 eos
745 832 930 905 tueantur,
955 833 991 888 et
1015 824 1146 887 dictum
1171 833 1328 886 nostrum
1352 843 1447 885 man-

168 931 289 992 datum
323 930 418 992 omni
451 930 638 1013 diligentia
672 942 912 1014 exequantur,
949 941 984 995 et
1016 953 1061 995 ne
1089 934 1220 994 bonum
1252 951 1330 994 cum
1355 930 1447 992 malo

168 1035 429 1118 supprimatur,
465 1047 501 1100 et
524 1040 668 1101 tandem
691 1039 860 1103 resolutio
890 1038 967 1103 fieri
995 1059 1058 1102 seu
1081 1037 1295 1101 adamussim
1319 1035 1447 1099 exami-

167 1143 246 1206 nari
276 1143 407 1225 possit,
442 1164 548 1226 quam
570 1146 664 1208 viam
696 1145 732 1208 in
760 1146 828 1209 hac
859 1166 898 1210 re
930 1147 1078 1229 quisque
1109 1147 1242 1208 debeat
1270 1143 1447 1226 amplecti,

167 1260 413 1313 convenerunt
435 1251 547 1315 nostri
571 1243 887 1333 Locumtenentes,
920 1263 1056 1333 orator,
1088 1253 1271 1316 Electores
1295 1269 1447 1333 quoque,

167 1354 372 1439 Principes,
397 1358 571 1439 Praelati,
596 1357 769 1439 ComiteS,
798 1369 834 1422 et
857 1359 1000 1442 Imperii
1024 1359 1167 1424 ordines
1191 1378 1268 1422 cum
1292 1355 1447 1420 Sanctis·

167 1461 245 1525 simi
279 1462 421 1526 Domini
455 1464 640 1529 Pontificis
673 1468 812 1549 Legato
853 1467 910 1530 hic
945 1476 1130 1550 presente,
1165 1465 1225 1549 qui
1259 1464 1473 1545 Generale,

167 1569 329 1650 liberum,
354 1580 389 1633 et
412 1571 614 1636 universale
629 1572 826 1638 Concilium
842 1573 1117 1638 Christianitatis
1130 1582 1299 1655 tanquam
1314 1591 1447 1634 summe

167 1676 406 1741 necessarium
437 1698 502 1761 per
534 1680 796 1744 Beatitudinem
820 1681 1003 1745 Pontificis
1033 1681 1078 1744 de
1109 1699 1284 1743 consensu
1315 1686 1448 1758 nostro,

167 1792 302 1864 quanto
327 1784 440 1865 citius,
464 1795 500 1848 et
524 1806 627 1868 quam
653 1788 803 1869 primum
826 1789 998 1870 possibile
1022 1788 1177 1852 futurum
1201 1787 1246 1850 sit
1266 1787 1312 1850 ad
1332 1787 1448 1848 locum

167 1890 440 1968 convenientem
463 1891 499 1955 in
524 1891 716 1957 Germania
740 1906 845 1978 prout
869 1897 973 1959 decet
997 1895 1119 1977 indici,
1144 1906 1179 1959 et
1202 1892 1388 1977 publicari,
1413 1903 1448 1956 et

168 1995 395 2061 nihilominus
427 1997 563 2062 interea
591 2003 761 2083 temporis
789 2002 825 2066 in
848 2003 942 2066 diem
965 2002 1048 2065 Divi
1072 2001 1217 2065 Martini
1248 2000 1448 2083 proximum

167 2103 205 2166 in
238 2103 383 2168 civitate
408 2103 605 2189 Spirensis,
642 2109 834 2172 communis
865 2109 1098 2193 congregatio
1122 2107 1357 2173 Germanicae
1380 2106 1446 2170 Na·

167 2209 275 2273 tionis
299 2213 483 2294 celebrari,
508 2233 550 2276 ac
574 2213 610 2277 in
634 2215 795 2297 eandem,
819 2226 858 2279 ut
881 2217 1093 2301 praefertur,
1118 2214 1327 2296 deliberari,
1351 2224 1388 2277 et
1410 2214 1447 2277 in

170 2319 468 2383 consultationem
497 2321 583 2403 poni
607 2323 755 2405 debeat,
791 2344 861 2406 quo
885 2334 992 2406 pacto
1016 2344 1128 2406 usque
1152 2323 1198 2386 ad
1222 2321 1448 2385 indicendum

167 2428 340 2508 generale
373 2426 559 2490 concilium
591 2429 636 2492 sit
668 2432 856 2512 agendum.
903 2432 962 2495 Ad
995 2452 1099 2513 quam
1133 2429 1448 2511 congregationem

168 2533 286 2614 quivis
300 2533 513 2611 Electorum,
538 2535 753 2618 Principum,
768 2538 1025 2620 Praelatorum,
1041 2537 1224 2616 Comitum,
1249 2545 1285 2599 et
1300 2534 1448 2598 aliorum

169 2640 334 2704 ordinum
350 2650 462 2704 status
478 2641 616 2723 imperii
631 2664 669 2706 se
686 2646 923 2726 personaliter
939 2645 1101 2710 conferre
1117 2653 1289 2708 teneatur.
1314 2642 1448 2705 Verum

168 2747 198 2810 si
221 2747 350 2830 aliquis
374 2769 420 2811 ex
444 2748 496 2812 eis
519 2751 662 2832 urgenti
686 2752 732 2815 de
756 2773 862 2816 causa
883 2754 1119 2836 personaliter
1138 2753 1264 2815 adesse
1280 2768 1352 2813 non
1368 2769 1445 2831 pos·

168 2863 238 2936 set,
275 2875 321 2918 ex
345 2864 429 2919 tunc
452 2857 483 2920 is
507 2858 639 2923 debeat
662 2880 768 2923 unum
799 2862 857 2924 vel
880 2864 1000 2944 plures
1025 2878 1154 2942 graves
1183 2867 1219 2921 et
1246 2863 1447 2939 prestantes

168 2961 399 3026 Consiliarios
430 2965 475 3026 ad
499 2968 740 3048 tractandum,
771 2970 1058 3047 consultandum,
1092 2977 1127 3030 et
1150 2962 1305 3028 finaliter
1335 2964 1380 3026 de
1404 2962 1447 3024 iis

155 3070 452 3133 ‘concludendum
483 3073 591 3151 pleno
615 3081 651 3135 et
674 3073 864 3138 sufficienti
887 3076 1055 3138 mandato
1087 3072 1249 3136 suffultos
1272 3068 1446 3133 transmit-

168 3185 263 3255 tere,
288 3178 584 3257 quemadmodum
607 3179 753 3243 licterae
778 3183 823 3244 ad
848 3183 1043 3264 Principes,
1067 3181 1267 3258 ElectoreS,
1299 3162 1447 3240 et'alios

167 3282 372 3364 PrincipeS,
408 3295 444 3347 et
468 3282 589 3348 Status
613 3288 767 3370 desuper
791 3291 957 3352 decretae
981 3299 1072 3368 sunt,
1097 3297 1132 3350 et
1155 3284 1375 3368 potissimum
1399 3284 1445 3345 ad

168 3410 231 3452 eos
239 3438 248 3468 ,
284 3391 345 3471 qui
379 3390 593 3455 universalia
617 3394 733 3457 studia
763 3395 797 3458 in
829 3395 900 3459 suis
925 3395 1139 3475 Ducatibus,
1175 3402 1211 3456 et
1235 3389 1446 3456 Civitatibus

167 3498 316 3576 habent,
345 3518 424 3560 cum
448 3499 693 3563 commissione
717 3512 892 3584 quatenus
915 3524 981 3586 per
1003 3523 1085 3566 suos
1109 3503 1234 3563 doctos
1258 3496 1446 3581 practicos,

167 3614 339 3686 expertos
347 3653 356 3685 ,
381 3614 417 3668 et
439 3606 679 3690 intelligentes
703 3609 923 3672 consiliarios
948 3609 1105 3690 extrahi,
1134 3618 1169 3670 et
1193 3606 1297 3690 seligi
1321 3613 1445 3668 curent

167 3711 337 3793 quiequid
361 3712 576 3795 disputabile
599 3715 636 3777 in
660 3715 762 3778 novis
786 3716 969 3798 doctrinis,
995 3728 1030 3780 et
1053 3716 1152 3780 libris
1176 3713 1384 3797 repererint,
1409 3722 1445 3775 et

167 3820 265 3901 quod
294 3817 344 3882 ita
376 3820 613 3900 extraxerint,
649 3821 778 3903 Nobis,
813 3825 871 3886 vel
902 3824 938 3886 in
962 3825 1124 3887 absentia
1149 3831 1287 3903 nostra,
1323 3828 1444 3883 nostro

167 3926 448 4003 Locumtenenti,
474 3936 509 3989 et
533 3928 756 4010 Principibus
780 3930 1021 4010 Electoribus,
1047 3930 1283 4011 Principibus,
1308 3936 1343 3990 et
1367 3923 1444 3989 Sta·

165 4032 261 4096 tibus
285 4032 320 4094 in
345 4030 440 4094 dicta
464 4034 744 4116 congregatione
768 4038 996 4101 conventuris
1020 4038 1235 4116 exhibeant,
1260 4046 1297 4096 ut
1320 4033 1444 4097 maiori

165 4141 284 4202 fructu
308 4139 496 4221 negocium
518 4140 587 4202 hoc
611 4141 646 4203 in
669 4141 788 4204 futuro
805 4142 963 4207 Concilio
988 4144 1100 4228 possit
1123 4145 1257 4206 habere
1280 4161 1443 4223 progres-

166 4267 253 4312 sum.
300 4246 494 4310 Debebunt
524 4246 670 4329 insuper
693 4249 804 4311 nostri
828 4250 1126 4314 Locumtenentes
1157 4258 1193 4313 et
1217 4248 1444 4312 constitutum

165 4355 365 4437 Regimen,
401 4354 586 4437 Principes
609 4354 771 4437 insuper,
807 4357 1006 4440 Electores,
1043 4357 1244 4438 Principes,
1277 4356 1444 4432 Praelati,

166 4462 333 4541 Comites,
358 4471 394 4524 et
410 4459 531 4524 Status
555 4462 698 4544 Imperii
722 4463 817 4526 circa
839 4464 1038 4546 prescripta
1054 4463 1234 4544 singulari,
1260 4472 1295 4525 et
1310 4481 1444 4524 summa

165 4568 353 4652 diligentia
376 4578 412 4632 et
435 4569 658 4632 advertentia
680 4570 898 4652 prospicere,
924 4573 1018 4652 quod
1040 4570 1156 4634 medio
1179 4581 1339 4651 tempore
1357 4568 1442 4631 San·

165 4686 261 4739 ctum
285 4676 520 4758 Evangelium
552 4687 588 4739 et
611 4676 770 4739 Verbum
795 4678 862 4741 Dei
893 4680 1084 4741 secundum
1109 4698 1232 4741 verum
1255 4696 1442 4759 syncerum

164 4784 394 4864 intellectum,
419 4794 454 4846 et
479 4784 808 4866 interpretationem
825 4785 1031 4864 Doctorum,
1055 4806 1076 4846 a
1092 4784 1266 4847 communi
1281 4782 1443 4845 Ecclesia

165 4902 391 4976 receptorum
414 4895 550 4977 absque
574 4893 723 4958 tumultu
747 4900 783 4959 et
806 4894 975 4959 scandalo
999 4892 1236 4976 praedicetur,
1261 4899 1296 4954 et
1316 4891 1441 4953 docea-
