3559 5734
945 897 1018 963 183.

595 1022 792 1124 Episcopus
819 1022 1051 1103 Tridentinus
1079 1020 1251 1102 Clementi
1278 1021 1359 1101 VII.

790 1159 892 1235 (lpus
910 1160 1030 1234 Mdv·
1048 1159 1086 1218 11
1105 1159 1174 1232 Μ)

810 1273 863 1337 (17.
884 1272 1040 1321 Decembris
1063 1277 1148 1335 1524.l

472 1395 682 1459 Beatissime
697 1396 806 1459 Pater
821 1395 974 1458 Domine
990 1394 1141 1458 Domine
1165 1396 1424 1476 colendissime,
1441 1405 1524 1480 post
1538 1399 1621 1459 bea-

338 1509 454 1567 torum
477 1504 608 1586 pedum
632 1504 772 1583 oscula,
796 1502 1026 1565 humillimam
1051 1502 1231 1566 servitutis
1262 1521 1362 1566 meae
1393 1504 1621 1582 oblationem,

338 1619 374 1673 et
398 1612 565 1673 devotam
589 1609 942 1672 commendationem.
984 1607 1096 1670 Redit
1120 1608 1165 1671 ad
1190 1605 1426 1672 Sanctitatem
1454 1610 1622 1674 Vestram

337 1716 513 1800 Magister
544 1717 672 1779 Petrus
705 1705 960 1794 Salamancha,
993 1714 1052 1797 qui
1081 1715 1204 1798 paucis
1236 1724 1319 1778 ante
1345 1716 1471 1779 diebus
1495 1719 1542 1780 ab
1567 1738 1621 1781 ea-

338 1825 419 1887 dem
452 1825 498 1886 ad
530 1820 799 1887 Serenissimum
833 1822 1034 1904 Principem
1065 1822 1255 1885 Dominum
1282 1842 1398 1885 meum
1431 1826 1622 1887 observan-

339 1932 421 1993 dum
446 1931 491 1994 ad
516 1930 691 2012 quaedam
715 1929 862 2011 negotia
878 1930 1063 1992 subeunda
1084 1929 1209 1992 missus
1225 1929 1352 2009 fuerat,
1377 1930 1433 1993 cui
1458 1931 1621 2012 equidem

339 2040 390 2120 (ut
413 2057 479 2120 par
512 2041 600 2117 erat)
631 2039 980 2118 quantulumcunque
1011 2037 1106 2100 vires
1139 2059 1238 2100 meae
1262 2036 1426 2117 fuerunt,
1456 2038 1493 2100 in
1524 2040 1622 2102 nullo

338 2142 456 2225 defui,
486 2142 570 2225 quin
595 2163 651 2206 res
675 2144 753 2224 ipsa
777 2164 823 2206 ex
847 2156 932 2205 voto
962 2154 998 2226 et
1023 2143 1212 2226 desyderio
1237 2142 1445 2207 Sanctitatis
1468 2141 1622 2207 Vestrae

338 2252 563 2328 succederet,
595 2249 745 2332 proinde
770 2249 819 2312 nil
844 2259 898 2311 est
921 2251 1016 2331 quod
1041 2261 1190 2332 propter
1213 2261 1423 2333 perpetuam
1447 2270 1563 2313 meam
1588 2250 1622 2314 in

340 2355 572 2420 Sanctitatem
597 2356 763 2419 Vestram
789 2367 823 2417 et
848 2353 980 2419 Sedem
1012 2357 1258 2440 Apostolicam
1289 2356 1494 2419 servitutem
1529 2359 1622 2420 ultro

338 2451 586 2541 nonsubirem,
605 2465 770 2545 quodque
787 2466 834 2526 ob
849 2461 1163 2545 propensissimam
1188 2463 1414 2526 devotionem
1441 2473 1476 2526 et
1499 2466 1620 2527 obser·

340 2571 510 2654 tantiam,
535 2589 605 2653 qua
628 2591 697 2633 iarn
723 2571 855 2633 dudum
879 2569 994 2633 eidem
1019 2588 1074 2631 me
1090 2577 1201 2657 totum
1219 2569 1359 2650 devovi,
1383 2568 1504 2633 facere
1520 2590 1621 2652 prae·

340 2678 581 2742 termitterem.

427 2802 532 2884 Quod
555 2823 642 2866 vero
666 2803 712 2865 ad
736 2823 810 2865 rem
836 2800 982 2864 Lutheri
1007 2800 1171 2885 pertinet,
1195 2799 1302 2864 video
1328 2801 1362 2862 in
1389 2801 1466 2864 dies
1490 2803 1621 2865 malum

338 2910 424 2973 illud
448 2908 553 2972 latius
577 2929 733 2992 serpere,
758 2910 919 2990 aliosque
943 2910 1096 2990 populos
1119 2906 1274 2970 inficere.
1298 2906 1434 2970 Verum
1458 2907 1488 2970 si
1512 2906 1620 2972 Sanc·

338 3017 422 3078 titas
445 3013 578 3079 Vestra
610 3013 644 3076 in
669 3035 740 3096 qua
764 3015 877 3078 omnis
901 3034 984 3098 spes
1018 3013 1167 3096 residet,
1198 3034 1265 3096 pro
1293 3015 1408 3078 salute
1432 3014 1620 3097 Reipubli-

339 3143 403 3185 cae
439 3122 568 3184 Christi
603 3122 776 3203 erigenda
817 3122 1086 3184 ellaborandum
1121 3121 1424 3203 perseveraverit,
1464 3131 1503 3184 ut
1539 3123 1620 3185 hac·
1665 3133 1671 3142 ’

337 3236 441 3292 tenus
465 3228 623 3307 etfacit,
658 3238 692 3289 et
723 3227 758 3290 in
790 3237 972 3311 posterum
1007 3248 1086 3290 eam
1116 3227 1289 3289 facturam
1323 3248 1393 3291 non
1426 3227 1621 3308 dubitatur,

338 3317 413 3398 rem
449 3342 524 3397 tuto
560 3336 640 3398 loco
673 3337 856 3416 quiescere
893 3333 1030 3415 sperari
1062 3334 1210 3416 poterit,
1245 3334 1376 3415 alioqui
1406 3339 1484 3415 (nec
1513 3335 1620 3399 facile

339 3439 502 3522 dixerim)
526 3460 671 3522 prorsus
697 3451 814 3502 actum
837 3461 916 3502 esse
941 3440 1084 3520 dubito,
1117 3442 1411 3521 quemadmodum
1440 3438 1620 3506 Sanctitas

338 3547 470 3611 Vestra
501 3568 547 3610 ex
570 3546 649 3629 ipso
674 3546 848 3628 Magistro
869 3547 979 3608 Petro
997 3545 1157 3609 diffusius
1173 3546 1359 3627 intelliget,
1385 3567 1476 3629 quae
1502 3547 1620 3612 omnia

338 3674 383 3717 ex
407 3651 528 3716 debito
553 3653 732 3716 servitutis
756 3674 856 3715 meae
880 3652 917 3720 in
941 3673 1019 3716 earn
1044 3675 1089 3716 ex
1114 3653 1222 3716 corde
1256 3651 1493 3736 significanda
1521 3655 1618 3738 duxi,

337 3759 393 3821 cui
418 3780 473 3822 me
498 3768 533 3822 et
557 3758 752 3822 Ecclesiam
776 3779 875 3821 suam
899 3758 1144 3823 Tridentinam
1176 3759 1371 3823 humillime
1396 3765 1618 3843 commend0,

337 3867 443 3929 etad
467 3866 614 3949 quaevis
638 3864 817 3929 servitutis
841 3864 960 3929 officia
984 3865 1238 3928 deditissimum
1262 3886 1318 3929 me
1333 3887 1475 3949 semper
1493 3867 1617 3934 offero

424 3989 480 4051 Ex
503 3989 704 4072 Inspruchg
728 3989 837 4052 XVII
861 3989 1070 4053 Decembris
1094 3990 1312 4054 MDXXIV.

540 4115 579 4180 E.
605 4112 642 4179 S.
666 4115 710 4179 V.

1117 4238 1276 4288 Humillima
1303 4240 1430 4290 Creaturc
1459 4234 1490 4298 B.

1129 4328 1276 4392 Episcopus
1297 4330 1467 4380 Tridentinus
