3559 5734
804 515 1051 589 eostur&

285 653 355 717 mia
379 656 476 721 debil
507 658 630 739 lingua
661 670 697 723 et
727 663 876 724 stancha
906 683 1025 744 penna
1056 662 1299 746 magnificarle
1333 672 1369 725 et
1400 662 1574 725 inalzarle

287 781 357 825 non
381 783 470 844 pure
494 785 560 846 per
583 769 669 830 dare
694 779 820 853 questo
844 769 981 851 premio
1006 772 1071 833 che
1101 771 1119 833 ἐ
1144 790 1190 832 un
1215 770 1312 833 fumo
1337 791 1357 832 a
1381 789 1452 833 una
1474 767 1575 831 virtu

286 878 386 932 tanto
411 872 548 953 divina,
573 895 630 937 ma
652 896 717 957 per
742 878 900 940 excitare
925 878 1029 940 altrui
1055 889 1091 941 et
1115 898 1215 941 come
1239 879 1273 940 la
1297 877 1377 940 dice
1401 895 1467 958 per
1490 896 1574 958 pro·

286 996 392 1057 porre
416 999 486 1042 uno
512 983 676 1065 exempio
701 993 736 1045 et
759 1005 831 1047 una
853 987 980 1066 regula
1003 1006 1025 1047 a
1047 984 1130 1046 tutti
1154 984 1179 1047 li
1203 983 1283 1046 altri
1316 981 1468 1064 principi
1500 983 1575 1065 sig·

288 1084 365 1147 nori
389 1097 425 1148 et
449 1088 578 1168 prelati
602 1088 637 1151 in
662 1092 728 1153 che
765 1091 871 1153 modo
908 1093 1074 1154 debbano
1110 1091 1265 1154 formare
1298 1091 1331 1152 le
1367 1090 1498 1154 actioni
1536 1100 1576 1152 et

285 1192 441 1272 pensiori
465 1194 543 1258 suoi
569 1206 663 1259 sotto
688 1219 735 1261 un
759 1201 809 1261 tal
834 1198 1001 1280 Principe
1026 1210 1062 1260 et
1085 1197 1254 1280 pontifice
1280 1199 1368 1276 lor0,
1392 1206 1428 1260 et
1457 1209 1573 1260 certa·

287 1310 404 1362 mente
427 1300 462 1363 io
487 1304 596 1365 credo
626 1306 691 1367 che
725 1304 840 1386 questi
873 1307 969 1368 modi
1005 1326 1163 1387 operano
1196 1325 1280 1368 cose
1313 1306 1378 1367 che
1407 1306 1573 1367 daranno

287 1425 354 1468 con
372 1406 558 1471 incredibil
574 1411 823 1475 satisfaccione
839 1411 977 1476 infinita
1002 1412 1211 1495 maraviglia
1234 1414 1304 1475 alla
1319 1413 1375 1474 eta
1400 1421 1436 1474 et
1460 1410 1575 1493 tempi

286 1513 398 1575 nostri
422 1514 480 1596 gia
505 1527 605 1580 tanto
630 1520 776 1582 corrotti
811 1528 846 1582 et
875 1521 922 1583 da
953 1519 1039 1601 ogni
1063 1522 1155 1582 bene
1185 1518 1320 1582 luntani
1348 1538 1414 1600 per
1442 1518 1466 1581 li
1489 1538 1572 1599 pas·

286 1619 354 1681 sati
379 1622 490 1684 errori
514 1633 550 1686 et
574 1625 745 1687 disordini

377 1745 517 1810 Vinnae
541 1748 597 1811 IX
623 1748 702 1813 Oct.
728 1751 946 1816 MDXXIV.

567 2285 644 2367 Des.
672 2287 845 2369 Erasmus
872 2173 1064 2371 Jloi2liuth.
1093 2285 1277 2384 (liberte).

679 2433 769 2505 (eom
788 2438 819 2494 u
837 2437 915 2496 eun.
935 2439 1017 2512 spus
1035 2437 1081 2496 m
1100 2435 1171 2508 res.)

781 2562 833 2618 (13.
853 2557 963 2610 Octobr.
986 2564 1073 2621 1524.l

376 2692 608 2760 Ornatissime
625 2698 689 2761 vir.
736 2698 836 2762 Missi
859 2699 997 2781 pridem
1021 2698 1179 2761 libellum
1203 2698 1249 2759 de
1270 2696 1384 2759 libero
1399 2695 1569 2769 arbitri03

287 2823 379 2866 nunc
404 2804 590 2867 excuditur
614 2808 659 2868 de
684 2807 891 2870 invocandis
916 2806 1058 2886 sanctis,
1082 2805 1232 2886 aliisque
1256 2802 1442 2868 nonnullis.
1485 2803 1567 2883 Jam

286 2908 424 2990 pridem
441 2911 732 2976 debaccabantur
754 2914 789 2976 in
805 2935 861 2977 me
878 2913 1020 2976 furiosis
1036 2912 1165 2977 libellis
1182 2933 1222 2974 ac
1239 2911 1385 2975 famosis
1408 2910 1570 2992 picturis·

286 3015 388 3078 Nunc
412 3017 525 3082 maior
549 3019 655 3082 etiam
678 3020 838 3084 fremitus
864 3020 1053 3084 comitatus
1068 3030 1138 3094 est;
1163 3040 1267 3083 nemo
1282 3020 1446 3082 crederet
1460 3038 1568 3100 quam

286 3123 357 3185 late
382 3126 511 3187 malum
535 3128 705 3209 serpserit
729 3130 823 3192 etin
848 3128 925 3193 dies
949 3137 1077 3210 serpat.
1125 3127 1201 3190 Nec
1221 3147 1276 3190 me
1291 3128 1381 3190 clam
1399 3135 1454 3189 est
1476 3145 1568 3207 quos

288 3229 420 3294 amicos
440 3233 668 3313 perdiderim,
692 3256 781 3317 quos
798 3237 920 3299 hostes
937 3235 973 3299 in
990 3257 1045 3299 me
1061 3234 1299 3318 provocarim3
1324 3253 1432 3315 porro
1448 3253 1568 3296 rerum

288 3340 457 3401 tumultus
481 3340 541 3419 qui
565 3341 708 3404 videtur
732 3342 971 3405 atrocissimus
1003 3341 1185 3404 imminere
1214 3360 1381 3422 quorsum
1411 3340 1457 3403 sit
1484 3359 1565 3403 eva·

286 3463 389 3506 surus
413 3446 543 3511 nescio.
591 3447 670 3530 Ego
694 3457 812 3511 tamen
837 3449 955 3510 omnia
978 3447 1118 3529 perpeti
1141 3448 1235 3509 malo
1259 3466 1363 3529 quam
1396 3446 1452 3509 isti
1484 3466 1565 3509 con·

287 3550 451 3615 iurationi
479 3555 663 3619 accedere.
710 3554 788 3619 Non
814 3555 938 3618 dubito
967 3554 1051 3635 quin
1081 3552 1116 3618 S.
1149 3553 1192 3616 D.
1225 3552 1268 3616 N.
1299 3552 1344 3616 sit
1379 3572 1458 3617 eum
1492 3551 1565 3615 ani-

286 3678 380 3721 mum
405 3661 641 3741 praestiturus
665 3682 768 3742 quem
790 3662 873 3725 mihi
898 3661 1086 3744 pollicetur
1109 3661 1145 3723 in
1168 3681 1232 3723 suo
1258 3659 1469 3742 diplomate;
1494 3678 1566 3740 ego

286 3764 441 3829 vicissim
465 3767 515 3830 sic
540 3771 701 3831 tractabo
732 3771 799 3832 hoc
831 3768 1012 3851 negotium
1044 3777 1083 3830 ut
1118 3787 1240 3829 omnes
1274 3765 1474 3848 intelligant
1508 3786 1565 3829 me

287 3892 357 3934 non
382 3872 539 3937 defuisse
568 3894 635 3956 pro
659 3896 737 3938 mea
762 3876 853 3938 virili
877 3875 1060 3938 Ecclesiae
1084 3872 1298 3938 Catholicae.
1345 3872 1503 3937 Libellus
1518 3874 1564 3936 de

286 3979 398 4042 libero
415 3981 562 4044 arbitrio
579 3982 648 4046 iam
663 3985 791 4046 multos
807 3982 984 4064 pertraxit
1008 3982 1042 4045 in
1067 3980 1245 4044 diversam
1269 3980 1480 4043 sententiam
1504 3980 1565 4062 qui

287 4089 474 4151 lutherano
510 4090 669 4170 dogmati
704 4089 844 4153 fuerant
873 4088 1113 4152 addictissimi.
1173 4085 1342 4150 Studebis
1372 4085 1407 4152 S.
1444 4088 1488 4152 D.
1520 4086 1564 4152 N.

285 4195 446 4258 favorem
470 4195 505 4258 in
530 4217 595 4260 nos
618 4198 688 4259 tuis
712 4196 1078 4260 commendationibus
1102 4214 1254 4276 augere,
1288 4194 1347 4276 qui
1371 4193 1400 4256 si
1424 4214 1480 4257 me
1504 4195 1563 4256 de·

287 4302 409 4365 stituat
433 4305 540 4386 plane
568 4303 812 4385 memetipsum
849 4303 965 4366 obieci
996 4301 1147 4366 rabiosis
1178 4300 1442 4363 dilacerandum
1473 4300 1565 4362 cani·

286 4412 369 4482 bus;
401 4411 464 4472 sed
489 4411 620 4491 aderit,
651 4420 689 4474 ut
713 4431 837 4492 spero,
871 4409 1048 4489 Christus,
1080 4407 1178 4471 cuius
1203 4408 1339 4489 gloriae
1363 4404 1504 4470 confido
1527 4404 1565 4471 S.

288 4516 332 4579 D.
356 4516 398 4579 N.
423 4538 575 4600 syncero
599 4529 746 4599 pectore
772 4518 995 4582 serviturum.
1047 4516 1202 4579 Primum
1232 4517 1399 4597 optabam
1423 4523 1462 4575 ut
1496 4515 1567 4577 hoc

287 4624 489 4705 dissidium,
513 4624 747 4706 periculosius
771 4645 874 4707 quam
899 4624 997 4686 multi
1019 4622 1241 4703 intelligunt,
1268 4618 1459 4682 moderatis
1483 4619 1566 4683 rati·

322 4860 345 4923 ¹)
362 4860 438 4906 Haec
457 4858 571 4923 epistola
588 4857 658 4906 inter
676 4871 757 4922 opera
776 4855 879 4906 stasmi
898 4870 952 4905 nou
970 4861 1087 4921 apparet.
