3559 5734
1382 560 1875 624 0-<B26185-<2

530 712 686 776 Ben
735 714 770 776 ὲ
819 723 1005 777 stato
1044 735 1086 777 a
1120 715 1489 799 proposito
1524 717 1655 778 che
1690 713 1840 778 Sua
1867 714 2169 778 Maiesta
2203 709 2621 778 commando
2655 714 2908 795 sponte

351 841 478 884 suo
525 822 589 883 al
644 819 1096 901 Cancellieri,
1164 823 1296 884 che
1353 821 1420 885 io
1468 830 1696 886 stesso
1745 821 2021 886 facesse
2072 824 2269 885 detto
2319 821 2573 895 editto;
2646 820 2907 903 perche

352 929 442 991 de
492 937 757 1010 quanto
808 939 1012 991 tocca
1074 949 1117 991 a
1177 928 1220 990 l'
1271 929 1578 992 autorita
1636 930 2061 1012 Apostolica
2109 950 2220 992 me
2267 928 2360 992 ho
2409 929 2718 992 sforzato
2768 949 2909 991 non

350 1039 407 1098 si
458 1036 733 1099 facesse
782 1037 1083 1117 qualche
1143 1035 1723 1111 inconveniente;
1808 1038 1896 1099 de
1966 1037 2078 1099 far
2149 1038 2346 1100 detto
2413 1036 2750 1098 mandato
2816 1036 2905 1097 al·

350 1153 616 1225 quanto
665 1142 784 1225 piu
834 1144 1026 1205 culto
1075 1152 1146 1205 et
1195 1144 1552 1226 elegante,
1600 1164 1740 1207 non
1794 1145 1828 1207 ὲ
1880 1152 2066 1206 stato
2112 1164 2328 1226 parer
2375 1145 2464 1205 de
2512 1142 2742 1224 questi
2793 1142 2909 1204 del

351 1250 668 1315 conselio
716 1250 982 1332 perche
1031 1251 1289 1313 dicono
1340 1251 1622 1314 deversi
1684 1271 1932 1313 servat
1992 1250 2040 1312 il
2103 1250 2298 1326 stilo,
2370 1249 2703 1313 accioche
2766 1269 2909 1311 non

348 1358 507 1440 pari
555 1357 994 1439 surreptitio:
1044 1358 1442 1439 Utrumque
1492 1379 1704 1440 spero
1719 1407 1735 1438 ,
1788 1359 1917 1420 che
1969 1356 2262 1439 giovara
2311 1356 2497 1420 assai
2544 1365 2616 1418 et
2662 1365 2910 1418 contra

352 1473 606 1546 questa
654 1465 935 1528 heresia
983 1465 1072 1527 de
1123 1465 1392 1527 Luther
1440 1474 1510 1526 et
1558 1474 1806 1527 contra
1864 1466 2042 1527 altre
2100 1464 2382 1527 heresie
2437 1463 2505 1525 in
2563 1463 2909 1526 futurum:

349 1572 656 1653 Quando
705 1572 763 1634 si
812 1571 1076 1634 vedera
1126 1571 1173 1633 li
1231 1571 1351 1634 dui
1408 1571 1732 1634 luminari
1797 1572 1912 1635 del
1977 1574 2238 1634 mundo
2288 1570 2550 1634 Nostro
2601 1567 2908 1652 Signore

350 1690 423 1742 et
468 1680 514 1742 1’
534 1680 973 1761 Imperatore
1042 1678 1353 1741 unanimi
1417 1699 1768 1742 consensu
1832 1699 2027 1741 esser
2076 1687 2324 1740 contra
2374 1679 2603 1759 questi
2651 1677 2908 1739 ribaldi

350 1787 543 1867 cani,
595 1787 811 1849 credo
860 1789 1076 1867 bene,
1136 1786 1268 1848 che
1330 1807 1461 1867 per
1523 1786 1826 1867 qualche
1883 1794 2123 1867 tempo
2187 1806 2316 1868 per
2364 1784 2587 1847 nostri
2634 1783 2912 1865 peccati

351 1893 607 1956 durera
658 1912 877 1956 ancor
926 1901 1177 1974 questa
1226 1893 1612 1955 maledetta
1659 1902 1892 1973 secta,
1954 1913 2069 1955 ma
2140 1902 2211 1954 et
2272 1892 2408 1955 Dio
2483 1891 2712 1974 primo
2781 1893 2911 1954 che

351 2018 494 2063 non
544 2001 927 2062 abandona
988 2021 1115 2063 sua
1164 2000 1465 2081 chiesia,
1518 2009 1589 2063 et
1637 2000 1701 2062 el
1750 2001 1975 2062 vedei·
2021 1999 2241 2062 Cesar
2289 2019 2485 2061 esser
2531 1998 2912 2062 obediente

351 2116 697 2171 executor
745 2107 842 2169 dil
896 2106 1239 2169 Pontifice
1288 2107 1359 2169 in
1409 2116 1663 2188 questa
1696 2127 1902 2179 cosa;
1954 2115 2025 2169 et
2072 2108 2270 2169 detto
2304 2106 2528 2169 editto
2560 2104 2707 2169 cosi
2754 2106 2910 2168 hor·

350 2215 558 2278 ribile
605 2224 872 2296 quanto
922 2213 1060 2277 mai
1110 2215 1313 2295 altr0,
1364 2234 1501 2276 non
1553 2214 1776 2276 solum
1828 2213 2186 2294 mitigara,
2251 2233 2362 2274 ma
2426 2214 2639 2275 etiam
2689 2211 2909 2274 extin-

349 2322 578 2405 guara
627 2331 698 2384 et
761 2320 1200 2383 annichilata
1263 2321 1379 2383 del
1442 2330 1625 2384 tutto
1688 2329 1940 2401 questa
2002 2319 2564 2398 abominatione,
2622 2320 2693 2382 la
2747 2319 2911 2401 qual

352 2430 475 2512 gia
540 2429 608 2491 in
659 2427 1132 2510 grandissima
1188 2437 1393 2509 parte
1461 2427 1497 2490 ὲ
1562 2412 1938 2508 abbatuta,
2013 2438 2083 2490 et
2153 2447 2228 2491 se
2292 2429 2554 2489 abbate
2611 2426 2783 2509 ogni
2842 2426 2913 2489 di

347 2538 495 2619 piu.
607 2536 897 2599 Ancora
956 2535 1005 2596 il
1067 2545 1305 2616 tempo
1322 2583 1340 2616 ,
1408 2538 1541 2597 che
1608 2537 1757 2597 sole
1823 2534 1993 2615 ogni
2063 2555 2232 2597 cosa
2293 2534 2469 2596 dura
2530 2533 2642 2596 far
2701 2534 2913 2596 molle

349 2645 571 2707 molto
619 2642 772 2705 fara
823 2652 1159 2705 remetter
1206 2643 1437 2724 questi
1485 2642 1697 2705 animi
1745 2641 2086 2723 indurati,
2136 2651 2207 2704 et
2253 2641 2627 2723 presertim
2677 2659 2910 2702 succe·

351 2753 591 2813 dendo
639 2750 687 2812 il
738 2752 878 2812 bon
930 2751 1255 2832 guberno
1307 2758 1377 2811 et
1425 2748 1799 2830 diligentia
1848 2749 1915 2811 di
1967 2750 2035 2811 la
2083 2747 2274 2812 Sede
2324 2748 2784 2829 Apostolica,
2843 2757 2914 2810 et

349 2859 425 2920 in
477 2878 745 2920 summa
794 2877 935 2920 non
983 2859 1169 2921 vedo
1219 2857 1311 2919 da
1359 2857 1476 2938 qui
1527 2857 1767 2919 avanti
1817 2861 1999 2919 altra
2050 2857 2164 2920 via
2210 2858 2330 2939 piu
2396 2855 2717 2940 proficua
2782 2858 2913 2918 che

350 2965 571 3046 dopoi
643 2966 773 3026 che
844 2985 921 3027 se
969 2966 1061 3026 ha
1120 2974 1323 3027 usato
1386 2963 1556 3046 ogni
1636 2964 1951 3026 remedio
2026 2965 2157 3025 che
2232 2982 2309 3025 se
2366 2963 2765 3044 richiedea,
2836 2984 2913 3026 se

348 3070 522 3133 lassi
568 3091 700 3154 per
749 3071 1047 3154 qualche
1124 3069 1194 3132 di
1265 3070 1376 3132 far
1448 3073 1515 3133 el
1588 3081 1864 3152 tempO,
1935 3069 2200 3152 perche
2274 3070 2506 3150 questi
2575 3068 2916 3134 Germani

350 3186 554 3241 tanto
601 3178 721 3260 piu
772 3177 829 3241 si
877 3180 1247 3259 sdegnano
1298 3188 1369 3239 et
1416 3179 1486 3239 la
1522 3178 1783 3239 voleno
1832 3198 2095 3240 vencer
2143 3188 2406 3258 quanto
2456 3174 2574 3258 piu
2618 3197 2697 3240 se
2743 3197 2912 3258 pon-

350 3306 574 3368 gono;
625 3285 738 3348 chi
787 3285 835 3347 li
882 3286 1071 3348 lassa
1116 3287 1454 3366 alquanto
1503 3304 1857 3365 resposar,
1906 3304 1983 3346 se
2013 3283 2521 3347 refredisconO.
2601 3284 2743 3378 Era
2773 3288 2914 3348 ben

352 3392 970 3456 neccessarissimo
1047 3391 1518 3474 apparechiar
1593 3401 1841 3472 queste
1921 3391 2058 3453 due
2129 3390 2479 3453 medicine
2541 3392 2584 3454 l'
2629 3410 2771 3454 una
2848 3391 2918 3454 la

351 3499 711 3563 sententia
778 3499 1197 3580 Apostolica
1267 3499 1307 3561 l'
1367 3500 1550 3561 altra
1620 3499 1687 3560 la
1751 3498 2124 3561 execution
2192 3498 2280 3559 de
2343 3496 2594 3579 Cesar,
2665 3520 2780 3561 ma
2849 3499 2917 3561 al

351 3616 690 3689 presente
736 3610 1061 3689 besogna
1111 3608 1241 3668 che
1291 3608 1727 3687 cataplasma
1774 3605 2082 3668 insideat
2127 3604 2436 3685 hulceri,
2499 3626 2575 3667 se
2637 3604 2697 3667 si
2754 3606 2917 3668 vole

352 3715 492 3777 che
564 3712 745 3775 facci
817 3734 1058 3796 opera.
1194 3711 1289 3776 Se
1363 3714 1615 3775 alcuno
1686 3713 1969 3795 privato
2038 3711 2320 3774 interim
2392 3711 2548 3774 fara
2616 3712 2919 3794 qualche

351 3821 629 3902 paccia,
678 3822 726 3883 li
776 3821 1171 3904 magistrati
1221 3821 1287 3883 el
1335 3820 1839 3901 castigat-anno
1890 3830 1960 3882 et
2010 3819 2049 3882 e
2097 3819 2388 3901 opinion
2438 3820 2528 3882 de
2577 3819 2737 3882 tutti
2786 3821 2919 3882 che

351 3949 486 4011 per
534 3927 741 4010 vigor
791 3936 860 3991 et
910 3929 1239 3992 occasion
1292 3929 1381 3990 de
1432 3938 1681 4010 questo
1732 3930 1970 3991 banno
2018 3927 2385 4009 imperiale
2436 3927 2628 3989 molti
2676 3926 2918 3990 Nobili

352 4036 491 4097 che
540 4055 759 4099 erano
808 4036 1261 4117 grandissimi
1310 4036 1700 4099 Lutherani
1770 4038 1925 4098 loro
1994 4034 2200 4098 stessi
2264 4035 2564 4097 faranno
2626 4036 2699 4097 la
2758 4054 2916 4097 exe-

352 4142 639 4205 cutione
687 4163 730 4204 a
777 4143 1242 4205 mercantanti
1293 4152 1364 4205 et
1412 4142 1703 4206 citadini
1737 4163 1868 4224 per
1901 4162 2213 4222 occupar
2250 4141 2296 4204 li
2341 4141 2585 4204 danari
2635 4151 2706 4203 et
2752 4142 2920 4203 beni

352 4251 450 4311 de
498 4249 658 4312 altri
706 4259 894 4312 sotto
941 4252 1133 4311 bona
1180 4260 1494 4331 coperta.

535 4355 696 4418 Non
746 4355 804 4417 si
859 4356 1252 4438 maravegli
1302 4355 1568 4419 Vostra
1617 4355 1956 4438 Signoria
2004 4349 2640 4420 Reverendissima
2700 4357 2790 4418 de
2853 4358 2921 4419 la

353 4461 696 4544 prolixita
763 4464 852 4525 de
915 4463 985 4524 la
1051 4464 1455 4527 narratione
1519 4464 1609 4526 de
1668 4467 1867 4527 detto
1947 4464 2236 4527 decreto
2301 4464 2567 4546 perche
2630 4463 2671 4526 ὲ
2734 4473 2922 4526 stata

354 4568 765 4631 necessaria
810 4589 941 4651 per
988 4569 1107 4650 piu
1143 4569 1333 4652 capi;
1383 4571 1611 4653 primo
1660 4571 1927 4653 perche
1975 4570 2159 4633 cossi
2192 4569 2410 4634 Cesar
2442 4572 2536 4633 ha
2566 4570 2919 4633 rechiesto

354 4695 492 4757 per
537 4675 824 4739 satisfar
871 4676 992 4739 alli
1056 4679 1331 4758 populi,
1396 4681 1557 4741 chel
1619 4699 1760 4742 non
1834 4679 1989 4760 pari
2057 4680 2187 4741 che
2250 4681 2576 4742 absolute
2639 4678 2682 4739 1’
2728 4675 2921 4739 habii

358 4783 703 4865 exeguito
751 4785 822 4847 la
869 4786 1221 4847 sententia
1270 4786 1724 4867 Apostolica;
1785 4787 1828 4848 l'
1873 4788 2055 4848 altra
2101 4784 2433 4848 accioche
2482 4806 2558 4849 se
2607 4783 2919 4865 veghino

359 4909 540 4974 gran
591 4899 798 4971 parte
847 4891 936 4953 de
985 4892 1054 4954 la
1119 4892 1465 4955 enormita
1523 4895 1611 4956 de
1669 4902 1921 4975 questo
1988 4892 2209 4963 Cane;
2285 4893 2333 4954 il
2401 4901 2594 4955 terzo
2656 4891 2922 4973 perche
