3559 5734
1648 553 2144 611 0-{34788m

618 696 988 779 sollicitat3
1037 718 1331 780 quorum
1381 700 1633 782 partim
1683 703 1956 784 predae
2005 700 2380 764 dulcedine
2430 700 2616 782 capti
2651 701 2838 782 quod
2873 703 3180 763 saluber·

617 805 830 868 rimas
897 827 1036 868 non
1110 806 1338 870 minus
1409 829 1617 889 quam
1683 809 2075 873 uberrimas
2142 808 2418 873 Galliae
2480 808 2814 890 regiones
2871 828 2997 889 spe
3066 809 3182 869 de·

620 913 974 975 vorandas
1021 912 1091 975 in
1140 916 1270 977 hac
1320 925 1715 998 temporum
1763 917 2167 980 calamitate
2217 928 2725 998 presumerent,
2759 915 3014 997 partim
3066 937 3180 977 au-

617 1030 759 1082 tem
808 1020 1138 1083 licentiae
1187 1021 1575 1104 cupiditate
1625 1023 1935 1104 adducti,
1971 1024 2144 1086 istos
2176 1023 2442 1105 oppido
2481 1023 2850 1105 recipiunt,
2900 1022 3186 1085 nomina

617 1128 810 1207 dant,
859 1148 1077 1209 seque
1127 1128 1316 1191 omni
1366 1128 1433 1192 in
1488 1152 1560 1193 re
1610 1123 1751 1213 qua
1798 1131 2075 1213 possint
2120 1131 2505 1214 nepharios
2552 1131 2843 1194 istorum
2887 1140 3185 1192 conatus

616 1234 983 1297 adiuturos
1033 1234 1472 1301 confirmant.
1567 1238 1649 1300 Id
1697 1238 1818 1301 ubi
1866 1239 2167 1321 primum
2203 1238 2486 1300 rescivit
2523 1238 2929 1301 Anthonius
2959 1237 3184 1300 frater

621 1342 1083 1423 Lotharingie
1114 1344 1280 1406 Dux
1327 1346 1691 1428 principes
1738 1346 2133 1409 nobilitatis
2181 1355 2549 1425 convocat,
2600 1346 2835 1427 palam
2885 1346 3185 1426 exponit

622 1449 793 1529 quid
843 1452 930 1511 de
977 1449 1130 1513 istis
1178 1451 1533 1516 seditiosis
1581 1453 1985 1542 hominibus
2018 1452 2341 1534 audierit,
2375 1462 2586 1535 rogat
2619 1463 2694 1514 ut
2727 1473 2857 1534 pro
2894 1452 3184 1534 panagii

619 1556 1052 1620 iureiurandi
1132 1568 1662 1623 auctoramento
1741 1561 1873 1624 sibi
1942 1564 2031 1622 ad
2106 1561 2663 1642 propulsandam
2721 1568 3045 1640 egestate
3114 1569 3188 1622 et

621 1665 893 1727 scelere
966 1664 1404 1746 perditorum
1488 1666 1845 1730 hominum
1926 1667 2292 1731 audaciam
2360 1667 2476 1730 die
2548 1687 2755 1749 quam
2825 1666 3188 1748 prestituit

622 1781 862 1853 presto
912 1771 1167 1852 adsint,
1216 1793 1598 1855 secumque
1644 1773 1891 1838 florem
1940 1793 2218 1838 ornnem
2267 1775 2654 1838 nobilitatis
2704 1783 3027 1852 evocent,
3079 1794 3183 1835 re·

623 1877 815 1958 liqua
881 1898 1019 1960 que
1068 1880 1159 1941 ad
1216 1892 1685 1944 commeatum
1733 1882 2097 1965 pertinent
2146 1892 2577 1962 cunctasque
2627 1880 2990 1944 machinas
3036 1883 3182 1944 bel·

623 1984 797 2047 licas
845 1984 979 2047 sibi
1025 2007 1236 2049 curae
1285 1988 1439 2050 fore
1490 1988 1670 2051 dixit
1719 1990 2213 2070 delectumque
2259 1990 2578 2070 peditum
2617 1997 2768 2051 tota
2815 1987 3188 2069 provincia

623 2091 1058 2166 habiturum;
1112 2094 1496 2158 auxiliares
1545 2116 1702 2178 prae
1724 2105 1924 2159 terea
1972 2095 2215 2177 copias
2276 2096 2333 2158 si
2384 2115 2563 2176 opus
2608 2094 2824 2159 fuerit
2870 2116 2914 2158 a
2960 2095 3187 2158 fratri·

623 2201 756 2261 bus
803 2200 1136 2282 praeside
1167 2201 1600 2284 Campaniae
1649 2204 2046 2284 comiteque
2073 2202 2596 2265 Vaudemontio
2627 2200 3186 2285 impetraturum.

625 2307 782 2387 Quo
832 2307 1074 2370 audito
1132 2307 1565 2373 confirmatis
1631 2310 1937 2373 omnium
2020 2310 2271 2372 animis
2340 2309 2498 2371 illos
2566 2311 2656 2371 ad
2706 2311 3188 2392 comparanda

625 2433 807 2493 quae
856 2415 1260 2478 necessaria
1304 2416 1731 2480 videbantur
1780 2416 2085 2479 dimittit.
2180 2417 2482 2479 Praeses
2529 2436 2704 2479 vero
2753 2415 3186 2498 Campaniae

626 2541 1004 2602 comesque
1069 2521 1635 2586 Vaudemontius
1699 2523 2038 2587 certiores
2106 2525 2194 2587 de
2251 2523 2490 2587 fratris
2553 2522 2955 2586 discrimine
3017 2524 3185 2587 facti

627 2648 767 2690 non
818 2638 1205 2710 expectant
1253 2631 1415 2693 dum
1465 2641 1829 2713 rogentur,
1890 2632 2056 2712 quin
2106 2639 2393 2713 praesto
2442 2632 2782 2693 advolant
2842 2632 3188 2694 ducentos

628 2734 905 2815 equites
977 2739 1476 2820 cataphractos
1558 2759 1713 2802 cum
1789 2738 2331 2821 quadringentis
2393 2737 2888 2819 hippotoxotis
2948 2759 3184 2801 secum

628 2842 1016 2923 adducunt,
1075 2845 1394 2924 peditum
1453 2856 1829 2928 praeterea
1895 2847 2175 2909 circiter
2224 2845 2533 2926 quinque
2583 2844 2819 2908 millia.
2914 2845 3187 2926 Quibus

627 2948 791 3011 freti
838 2950 1063 3032 copiis
1131 2952 1448 3015 delectos
1511 2963 1661 3016 tota
1726 2954 2094 3036 provincia
2160 2952 2473 3036 pedites,
2537 2952 2730 3033 prius
2793 2954 2881 3015 de
2944 2972 3185 3015 eorum

626 3056 818 3120 facili
867 3057 934 3120 in
986 3058 1381 3141 principem
1431 3062 1773 3143 obsequio
1823 3063 2270 3125 collaudatos
2296 3108 2313 3139 ,
2379 3059 2627 3141 paucis
2673 3059 3018 3142 receptis,
3068 3060 3184 3123 do·

629 3184 815 3226 mum
863 3164 1251 3241 dimittunt;
1303 3187 1460 3230 cum
1509 3168 1798 3250 reliquis
1848 3168 2131 3232 obviam
2179 3166 2503 3231 hostibus
2550 3166 2653 3229 ire
2684 3177 3019 3248 pergunt,
3070 3165 3186 3248 qui

627 3272 720 3333 ad
783 3270 1175 3336 Sabernam
1245 3274 1316 3337 in
1379 3295 1558 3356 agro
1620 3277 1899 3339 Alsatio
1958 3276 2162 3339 sitam
2221 3276 2723 3354 consederant,
2784 3273 3187 3355 circumque

628 3377 1030 3441 adiacentia
1061 3380 1330 3462 oppida
1365 3380 1559 3445 ferro
1592 3382 1887 3464 ignique
1916 3385 2318 3447 vastabant.
2397 3382 2710 3463 Quorum
2744 3402 2830 3445 eo
2862 3382 3188 3464 prorupit

628 3484 826 3548 furor
873 3486 1130 3568 impius
1176 3486 1640 3571 immanisque
1687 3489 2051 3552 temeritas
2119 3499 2195 3552 ut
2257 3510 2399 3553 non
2449 3491 2675 3553 solum
2724 3488 3190 3553 nobilioribus

630 3593 992 3675 sacrisque
1041 3595 1532 3658 sacerdotibus
1580 3597 2135 3660 internecionem
2186 3597 2710 3676 minitarentur,
2782 3598 2908 3660 sed
2976 3597 3185 3660 etiam

632 3703 788 3764 Deo
840 3700 1164 3783 divisque
1226 3702 1736 3767 immortalibus
1796 3706 2062 3797 bellum
2116 3704 2533 3785 nepharium
2599 3703 2941 3766 indixisse
2998 3703 3187 3767 vide·

631 3818 913 3888 rentur,
971 3811 1239 3892 templa
1297 3810 1455 3873 Deo
1505 3808 1828 3891 divisque
1878 3810 2113 3873 dicata
2172 3812 2324 3873 solo
2381 3832 2690 3893 aequare
2757 3822 2829 3874 et
2887 3811 2957 3874 in
3019 3811 3191 3893 ipsis

633 3925 904 3979 statuas
968 3915 1176 3980 divae
1240 3918 1451 3980 etiam
1514 3918 1785 3981 Mariae
1854 3939 2093 3981 sacras
2160 3938 2462 3999 arasque
2533 3918 2967 3997 disturbare,
3028 3918 3188 3981 huic

634 4033 868 4106 caput,
919 4024 1014 4087 illi
1067 4043 1294 4104 crura,
1342 4025 1762 4106 quibusdam
1810 4033 2184 4106 utrumque
2246 4045 2387 4088 non
2444 4025 2594 4088 sine
2643 4045 2904 4106 magna
2951 4034 3187 4088 contu·

634 4132 842 4195 melia
890 4131 1343 4205 abscindere;
1392 4132 1559 4214 quin
1593 4132 1825 4212 etiam,
1875 4133 2065 4214 quod
2114 4132 2493 4195 scribendo
2529 4133 2865 4195 abhorret
2898 4131 3188 4213 animus,

633 4239 705 4302 in
728 4239 1004 4319 Corpus
1027 4238 1286 4302 Christi
1304 4241 1494 4320 quod
1518 4241 1605 4303 de
1624 4261 1818 4303 more
1839 4239 2121 4322 templis
2138 4240 2474 4321 religiose
2490 4237 2829 4302 custodiri
2854 4241 3038 4302 solet
3065 4288 3078 4301 .
3108 4288 3122 4302 .
3146 4239 3188 4320 ¹)

813 4345 1272 4429 Quantopere
1321 4347 1682 4411 meliorem
1733 4346 2161 4412 Germaniae
2210 4356 2486 4428 partem
2546 4346 2954 4409 iamdudum
3020 4346 3188 4409 infe-

636 4454 812 4518 cerit
860 4455 1424 4518 Lutheranorum
1483 4455 1737 4535 facti0,
1803 4453 2224 4518 Beatissime
2285 4455 2530 4536 Pater,
2587 4472 3192 4537 supervacaneum

802 4671 851 4727 ἵ)
887 4674 995 4721 Hic
1036 4672 1219 4721 folium
1260 4672 1481 4729 desinit;
1533 4672 1683 4730 alter,
1721 4687 1819 4720 nec
1859 4671 2080 4718 sortasse
2117 4669 2352 4718 eiusdem
2390 4667 2664 4732 epistolae,
2717 4668 2907 4731 incipit
2955 4665 3188 4715 eiusdem

638 4756 799 4804 ferme
827 4754 1135 4818 argumenti.
1176 4754 1280 4802 Sed
1310 4753 1546 4801 forsitam
1574 4753 1680 4801 alia
1704 4751 1931 4816 epistola
1956 4751 2151 4815 scripta
2186 4750 2272 4798 die
2300 4749 2332 4797 6
2371 4748 2559 4812 incipit
2594 4747 2796 4795 verbis:
2857 4746 3193 4808 Quantopere

636 4844 734 4885 etc.
777 4837 898 4884 dum
937 4834 1165 4899 epistola
1200 4834 1370 4897 prima
1406 4833 1492 4881 die
1531 4848 1563 4895 4
1602 4832 1813 4895 scripta,
1853 4847 1960 4879 non
1996 4831 2204 4880 videtur
2241 4828 2522 4892 completa.
2610 4827 2790 4876 Prima
2838 4824 3066 4890 epistola.
3115 4830 3193 4873 est

636 4915 952 4977 CardinaliS,
991 4916 1122 4964 haec
1161 4914 1393 4963 secunda
1431 4913 1596 4962 Ducis
1635 4911 2029 4974 Lotharingiae.
