3559 5734
691 533 938 590 1)-έ321158ΚΜ

175 676 241 737 che
265 675 300 738 io
324 677 359 738 lo
383 675 601 760 intertenghi
625 686 662 741 et
692 678 838 741 reduchi
869 677 928 761 piis
961 681 1028 741 che
1060 678 1080 741 b
1113 680 1283 761 possibile
1312 704 1351 745 se
1384 704 1454 746 non

174 802 239 865 per
263 782 312 845 lui
337 785 476 847 almeno
500 806 566 868 per
588 785 614 848 il
638 787 778 868 seguito
803 788 868 848 che
893 788 954 866 ha,
986 786 1020 849 io
1053 787 1265 869 risponderb
1300 791 1335 851 la
1358 811 1456 854 mera

173 886 307 971 veritis,
332 910 432 954 como
457 912 479 954 a
501 891 571 955 mio
595 876 724 976 patron
748 914 812 956 son
836 903 976 973 tenuto,
1005 914 1113 956 ancor
1142 896 1207 958 che
1236 895 1270 957 io
1302 898 1455 961 havesse

174 1016 282 1060 causa
321 996 366 1060 de
400 998 605 1081 sdegnarmi
640 1002 675 1063 al
708 1000 886 1082 principio
922 1001 988 1063 che
1022 1000 1056 1063 io
1086 1002 1194 1064 venni
1225 1002 1261 1065 in
1298 1002 1455 1067 Fiandra

174 1104 307 1185 perche
331 1103 533 1168 testimonio
558 1105 712 1168 omnium
735 1106 784 1170 lui
808 1108 1003 1188 divulgava
1026 1127 1091 1189 per
1114 1117 1204 1170 tutte
1228 1119 1323 1172 terre
1346 1111 1455 1174 anxio

175 1230 246 1292 qua
270 1218 306 1273 et
328 1211 380 1292 la,
405 1231 506 1275 como
531 1233 578 1275 un
602 1213 809 1294 impaccito,
834 1214 900 1276 che
924 1216 959 1276 la
981 1216 1080 1276 bulla
1105 1216 1171 1277 che
1194 1215 1229 1278 io
1253 1218 1370 1280 havee
1394 1238 1455 1280 era

174 1316 285 1396 falsa,
316 1325 353 1380 et
376 1319 442 1382 che
466 1318 501 1382 io
525 1321 676 1382 vedesse
700 1320 734 1382 le
759 1320 930 1403 epistole,
962 1322 1028 1383 che
1053 1320 1102 1384 lui
1126 1321 1265 1385 scrivea
1288 1323 1324 1387 in
1349 1326 1454 1387 laude

176 1424 221 1486 de
245 1423 380 1487 Luther
404 1433 440 1487 et
463 1425 543 1489 tutti
567 1426 773 1507 Lutherani‚
797 1438 834 1490 et
856 1426 1051 1490 intendessi
1074 1431 1193 1509 palam
1218 1429 1264 1491 da
1285 1430 1309 1492 li
1326 1430 1453 1494 Luthe-

176 1530 254 1593 rani
277 1538 314 1593 et
339 1533 385 1595 da
407 1531 433 1594 li
456 1530 615 1614 Principi
638 1531 673 1595 in
697 1535 732 1596 la
756 1534 871 1615 dieta,
909 1534 975 1596 che
1004 1534 1145 1615 questui
1168 1555 1230 1598 era
1252 1539 1329 1600 loro
1355 1559 1456 1620 cap0‚

177 1639 343 1702 vedendo
368 1637 474 1701 etiam
497 1640 532 1702 le
555 1659 618 1703 sue
643 1660 752 1721 opere
777 1640 881 1723 piene
899 1643 944 1703 de
967 1641 1082 1722 questi
1107 1642 1219 1705 errori
1242 1652 1278 1706 et
1303 1645 1347 1707 de
1370 1665 1455 1727 peg-

177 1745 269 1828 giori
300 1766 357 1808 ma
385 1744 446 1826 pil
471 1747 624 1827 coperti,
657 1767 758 1810 como
792 1750 991 1811 monstraro
1024 1769 1070 1810 un
1102 1747 1138 1812 di
1161 1751 1303 1831 quando
1328 1753 1457 1835 parere

178 1851 238 1916 alli
262 1852 331 1915 mei
353 1852 505 1933 patroni,
530 1855 721 1916 tuttavolta
736 1873 877 1937 sempre
892 1856 939 1917 ho
964 1854 1183 1919 dissimulato
1208 1857 1242 1921 el
1266 1858 1367 1921 dolor
1391 1862 1456 1922 che

177 1959 211 2022 io
236 1960 415 2023 ascondea
438 1980 504 2042 per
527 1960 553 2024 il
575 1962 651 2023 zelo
676 1962 771 2024 della
795 1961 917 2025 chiesa
946 1962 983 2024 di
1006 1963 1076 2025 Dio
1111 1974 1147 2024 et
1171 1964 1229 2026 del
1255 1962 1327 2027 Suo
1353 1967 1455 2030 Vica-

178 2066 250 2145 110,
275 2075 311 2128 et
334 2086 406 2129 non
429 2086 495 2149 per
518 2069 628 2140 altro;
654 2067 745 2131 cossi
769 2068 839 2132 Dio
863 2070 910 2132 mi
934 2070 1061 2151 adiuti,
1086 2090 1107 2132 o
1131 2091 1195 2133 ver
1220 2071 1266 2133 mi
1289 2074 1458 2137 confondi

178 2194 215 2237 se
239 2175 331 2237 altra
354 2194 462 2237 causa
490 2175 537 2237 mi
569 2195 694 2256 move,
727 2176 807 2239 anci
840 2195 981 2258 sempre
1016 2177 1063 2239 mi
1093 2197 1158 2239 son
1189 2177 1344 2242 sforzato
1377 2181 1457 2244 farli

177 2289 266 2345 tutte
290 2301 434 2344 carezze
456 2282 503 2344 ho
526 2294 695 2365 possuto,
730 2292 765 2346 et
789 2285 995 2346 exhortarlo
1027 2284 1167 2347 adiutor
1197 2288 1231 2348 la
1256 2285 1397 2350 Chiesia
1420 2288 1456 2350 in

178 2397 302 2469 queste
314 2386 545 2470 fluctuationi,
558 2390 689 2470 perche
703 2390 1008 2473 l’acquistarebbe
1032 2392 1158 2455 merito
1183 2413 1355 2476 appresso
1376 2396 1456 2477 Dio,

178 2505 214 2557 et
242 2497 500 2559 removerebbe
534 2499 568 2559 la
605 2496 743 2560 machia
768 2499 834 2560 che
862 2499 967 2561 tuttol
999 2499 1130 2562 mondo
1161 2500 1186 2562 li
1218 2500 1331 2583 dona,
1367 2512 1403 2565 et
1434 2502 1457 2564 li

178 2601 231 2664 soi
255 2602 401 2684 proprii,
425 2604 492 2666 che
516 2603 566 2666 lui
589 2603 631 2665 sii
655 2604 870 2668 Lutherano.
929 2605 974 2667 Et
997 2606 1137 2669 benche
1160 2607 1195 2670 io
1219 2628 1365 2690 sapesse
1390 2611 1456 2673 che

178 2707 309 2773 frustra
344 2711 571 2788 laborabam,
608 2731 672 2792 per
705 2711 771 2775 che
804 2733 825 2774 a
859 2712 914 2775 dir
947 2716 1013 2776 che
1048 2714 1097 2776 lui
1128 2713 1301 2778 scrivesse
1333 2725 1458 2779 contra

179 2816 312 2879 Luther
355 2819 508 2880 sarebbe
544 2816 599 2880 dir
635 2818 700 2880 che
739 2818 914 2882 scrivesse
948 2828 1071 2882 contra
1104 2841 1142 2883 se
1176 2822 1388 2904 medesim0,
1422 2833 1459 2886 et

179 2923 400 2986 abrusciasse
423 2923 537 3005 primo
562 2923 587 2985 li
611 2924 665 2987 soi
687 2924 780 3006 libri,
806 2936 949 2988 excetto
967 2927 1047 2989 chel
1062 2947 1132 2990 non
1157 2930 1297 2992 volesse
1322 2930 1458 2993 scriver

181 3031 225 3092 de
247 3039 345 3094 sorte
370 3031 435 3093 che
460 3050 580 3112 ognun
605 3050 844 3112 cognoscesse
860 3081 867 3095 .
885 3081 919 3098 ..

781 3611 843 3675 127

471 3743 626 3825 Joannes
653 3744 780 3827 Motth.
811 3744 945 3826 (liberti
971 3748 1159 3830 Alemdro.

631 3891 772 3961 munere.
792 3893 883 3952 eom
901 3893 933 3951 r.
952 3894 1004 3967 ee)

665 4008 721 4077 (22.
741 4012 866 4061 Octobris
888 4013 975 4079 1521.)

352 4167 517 4231 Mandasi
540 4190 562 4231 a
578 4168 622 4233 V.
644 4168 706 4232 δή*
729 4191 795 4254 per
818 4173 944 4237 ordine
968 4174 1006 4237 di
1029 4176 1071 4242 N.
1096 4175 1148 4239 8ΓΘ
1173 4180 1288 4243 alcuni
1314 4182 1458 4263 capitoli

184 4275 217 4338 di
233 4276 362 4338 lettere
380 4274 415 4336 di
431 4274 589 4355 Erasmo‚
606 4277 706 4341 accio
718 4278 849 4359 meglio
865 4279 1012 4344 intenda
1029 4285 1112 4364 qual
1127 4284 1178 4346 sia
1191 4285 1216 4346 il
1239 4307 1302 4349 suo
1327 4289 1457 4362 anim03

181 4402 250 4445 non
268 4380 303 4443 di
321 4402 424 4444 meno
442 4384 559 4464 quello
577 4384 668 4447 deve
685 4384 906 4450 dissimulare
923 4397 957 4449 et
972 4400 1152 4470 aspettare
1177 4393 1210 4454 el
1234 4401 1364 4476 tempo,
1387 4417 1457 4458 non

181 4489 205 4551 li
219 4489 338 4552 dando
350 4488 387 4552 in
411 4498 511 4553 tanto
527 4491 656 4573 eagion
680 4493 809 4555 alcuna
831 4493 867 4554 di
891 4494 947 4557 far
970 4496 1115 4579 peggio,
1140 4519 1204 4580 per
1228 4520 1297 4563 non
1324 4508 1460 4566 excitor

182 4595 344 4678 maggior
366 4594 460 4661 foco.

355 4699 386 4783 E
408 4722 470 4805 poi
493 4721 617 4804 gionto
641 4721 697 4786 fra
721 4722 901 4789 Giovanni
924 4728 1114 4809 Brocardi,
1147 4733 1252 4811 quale
1283 4733 1330 4794 ho
1353 4733 1459 4797 intro·

183 4824 282 4891 dotto
307 4827 368 4892 alli
391 4827 488 4911 piedi
513 4830 548 4892 di
574 4828 616 4893 N.
642 4827 695 4892 Sm
712 4842 748 4894 et
771 4836 843 4896 cosl
869 4834 892 4896 il
911 4833 1052 4899 fratello
1077 4837 1112 4899 di
1129 4835 1348 4919 Sprengher.
1387 4838 1460 4903 Sua
