3559 5734
237 531 246 564 *
711 542 959 598 e-oaarow

195 691 328 774 perche
353 691 398 753 de
422 691 456 753 le
480 709 563 752 cose
588 690 621 750 dl
647 690 682 751 la
707 688 751 750 mi
776 688 935 752 avisasse
967 691 993 751 sl
1028 687 1159 770 perche
1193 689 1226 751 in
1261 689 1381 769 quello
1412 688 1478 750 che

120 839 125 847 ·
196 809 329 881 poteva
352 797 508 861 aiutasse
532 806 568 860 et
591 805 793 860 sostenesse
817 797 849 858 le
874 816 957 859 cose
982 793 1222 858 ecclesiastice
1247 805 1283 859 et
1302 796 1337 858 di
1354 805 1479 877 questa

197 905 311 968 Senta
335 901 451 979 Sede;
476 904 569 966 dove
594 914 810 966 certamente
834 905 881 966 ba
905 902 996 965 fatto
1021 904 1172 984 qualche
1203 901 1325 966 effetto
1359 913 1394 965 et
1417 904 1477 963 bu·

199 1034 269 1077 ona
293 1031 405 1094 opera
429 1019 465 1074 et
488 1031 555 1074 con
580 1013 615 1073 la
638 1010 794 1073 dottrina
827 1031 889 1074 soa
918 1010 1107 1072 scrivendo
1141 1021 1177 1072 et
1209 1009 1479 1092 interpretando

197 1120 296 1183 varie
321 1118 503 1196 scritture,
537 1128 572 1181 et
605 1120 719 1180 ancho
756 1138 823 1180 con
847 1120 881 1180 la
909 1117 1020 1181 bonta
1045 1127 1081 1179 et
1104 1115 1255 1180 honesta
1278 1118 1323 1179 de
1348 1118 1383 1180 la
1406 1117 1480 1179 vita

198 1248 270 1293 soa.
319 1227 418 1289 Hora
443 1227 514 1309 egli
539 1227 584 1288 mi
610 1226 788 1289 domanda
813 1228 930 1308 quello
955 1227 1021 1288 che
1045 1226 1164 1288 debba
1187 1224 1264 1288 fare
1289 1245 1327 1287 se
1352 1223 1387 1285 di
1411 1235 1478 1286 tor-

199 1355 284 1397 nare
310 1356 329 1397 a
354 1355 409 1396 me
434 1355 455 1396 o
479 1355 561 1412 non,
586 1336 749 1415 alquale
774 1335 915 1424 nonho
940 1341 1086 1415 possuto
1118 1332 1328 1414 rispondere
1360 1331 1480 1394 risolu-

198 1450 353 1504 tamente
376 1441 491 1522 prima
514 1443 580 1503 che
605 1461 649 1502 ne
672 1441 806 1503 habbia
830 1440 993 1503 avvisata
1017 1439 1060 1502 V.
1091 1439 1127 1502 S.
1159 1442 1193 1503 la
1226 1440 1330 1521 quale
1355 1458 1420 1500 con
1446 1440 1480 1502 le

198 1549 311 1630 prime
335 1568 397 1610 soe
423 1568 478 1611 me
502 1547 578 1609 dira
603 1549 707 1629 quale
731 1549 884 1611 sarebbe
909 1549 943 1610 la
968 1556 1085 1609 mente
1110 1547 1144 1609 dl
1168 1545 1205 1610 S.
1231 1544 1294 1610 S‘².

289 1655 334 1717 Di
358 1655 525 1738 Bologna
554 1654 612 1717 alli
637 1653 735 1718 XIX
759 1654 796 1716 di
821 1655 961 1736 Agosto
985 1653 1185 1717 MDXXV.

806 2191 881 2258 245.

511 2319 667 2401 loannes
695 2319 878 2421 leugerus
906 2317 1078 2398 clementi
1104 2316 1184 2398 llll

640 2465 738 2541 mni.
756 2465 877 2540 annus
897 2464 950 2524 m
969 2464 1040 2528 aaa.)

689 2588 743 2650 (κο.
764 2587 878 2649 Augusti
901 2583 989 2652 1525.)

294 2729 465 2792 Nimietas
488 2729 621 2792 doloris
646 2727 778 2791 diutius
802 2728 908 2790 silere
941 2749 1012 2791 non
1044 2727 1145 2802 sinit;
1179 2739 1280 2791 tanta
1304 2729 1399 2812 apud
1419 2748 1484 2791 nos

200 2848 280 2899 sunt
311 2856 403 2918 quae
427 2835 521 2899 circa
545 2836 743 2917 professam
767 2834 975 2916 religionem
998 2834 1183 2917 ipsamque
1207 2836 1363 2898 nativam
1388 2855 1478 2898 com-

97 3021 103 3028 ·
205 2941 317 3005 munis
349 2953 493 3005 nostrae
525 2941 609 3004 fidei
632 2942 800 3024 pietatem
825 2954 1035 3024 prepostere
1075 2953 1239 3023 aguntur.
1286 2944 1365 3022 Jam
1389 2943 1482 3006 enim

203 3048 452 3131 Nuremberga
476 3049 621 3112 illustris
652 3049 783 3131 alioqui
817 3049 943 3111 civitas
967 3049 1346 3131 Wittenbergensibus
1370 3049 1484 3132 magis

204 3156 393 3219 infeliciter
416 3158 580 3219 traducta
604 3156 730 3219 misere
755 3156 904 3228 cecidit;
934 3157 1023 3236 iam,
1057 3159 1152 3238 quod
1179 3155 1214 3222 S.
1242 3157 1284 3220 V.
1309 3155 1482 3238 significa·

203 3274 276 3326 tum
308 3265 390 3326 volo
422 3264 516 3326 illius
553 3266 718 3344 exemplo
756 3285 797 3326 ac
832 3264 1047 3345 contagione
1078 3264 1191 3327 omnis
1223 3264 1354 3327 circum
1389 3264 1484 3327 circa

204 3370 397 3452 superioris
421 3381 564 3432 nostrae
589 3369 802 3433 Germaniae
834 3370 1019 3452 provincia
1043 3371 1231 3444 dilabitur3
1267 3372 1355 3450 iam,
1389 3372 1484 3452 quod

204 3481 338 3559 absque
362 3476 572 3558 gravissimo
597 3476 715 3539 cordis
739 3476 862 3539 dolore
896 3478 1031 3541 referre
1061 3499 1130 3540 non
1155 3498 1310 3559 possum,
1334 3498 1401 3560 pro
1425 3499 1483 3541 na·

204 3585 278 3647 tiva
301 3605 343 3646 ac
367 3584 530 3666 professa
555 3585 631 3646 Deo
665 3583 871 3646 Catholicae
897 3585 1197 3666 Apostolicaeque
1225 3583 1308 3647 fidei
1341 3583 1483 3648 sinceri·

206 3703 296 3771 tate,
320 3691 625 3773 impudentissima
650 3701 745 3754 certe
779 3710 843 3753 nec
873 3691 988 3754 minus
1020 3692 1128 3774 impia
1157 3692 1349 3754 Lutherani
1380 3712 1484 3756 omne

204 3820 318 3883 genus
343 3799 520 3881 dogmatis
545 3808 745 3862 commenta
768 3817 811 3860 eo
836 3818 947 3880 usque
971 3799 1154 3862 invaluere
1178 3811 1216 3861 ut
1240 3819 1344 3862 omne
1359 3799 1483 3863 timore
1545 3775 1551 3788 .

204 3908 272 3970 Dei
296 3906 431 3970 abolito
456 3906 619 3988 omnique
644 3904 719 3967 eius
742 3914 884 3968 assueto
909 3907 1005 3968 cultu
1029 3908 1216 3988 abrogato,
1243 3927 1289 3969 ex
1314 3906 1483 3969 ementita

204 4034 268 4097 per
292 4013 440 4076 miseros
463 4012 542 4076 illos
567 4010 800 4094 dogmatistas
825 4011 946 4074 nescio
972 4033 1040 4094 qua
1065 4012 1278 4076 christianae
1309 4012 1485 4076 libertatis

205 4120 416 4184 detestanda
440 4123 545 4202 plane
569 4119 722 4198 licentia,
748 4138 826 4181 cum
849 4120 1015 4200 privatim
1039 4129 1111 4182 tum
1135 4120 1278 4201 publice
1302 4120 1388 4183 nihil
1412 4140 1482 4183 non

205 4248 271 4310 pro
296 4227 465 4308 cuiusque
488 4226 565 4289 fere
596 4225 742 4289 libidine
766 4235 906 4306 agatur.
953 4226 997 4288 Et
1021 4226 1127 4289 hodie
1152 4228 1246 4307 apud
1278 4225 1483 4290 florentissi-

204 4356 278 4398 mas
309 4333 530 4415 respublicas
564 4333 686 4396 audire
718 4333 858 4415 integra
888 4344 1033 4396 senatus
1065 4333 1227 4396 consulta
1265 4354 1306 4396 ac
1342 4333 1482 4396 illorum

205 4441 352 4505 arbitrio
386 4441 431 4503 ad
463 4439 656 4521 simplicem
690 4439 845 4502 fidelium
869 4442 1011 4520 plebem
1037 4441 1156 4502 delata
1179 4439 1248 4503 iam
1273 4440 1367 4503 omni
1391 4443 1483 4503 bene

207 4552 384 4629 beateque
398 4567 463 4628 per
476 4547 652 4610 Christum
671 4546 815 4609 vivendi
830 4547 967 4610 ratione
985 4556 1203 4630 postergata,
1221 4546 1360 4610 abiecto
1376 4555 1483 4628 atque

205 4657 355 4737 exploso
368 4654 509 4736 penitus
533 4653 724 4736 spiritualis
749 4653 958 4735 disciplinae
983 4654 1109 4730 studio,
1131 4673 1288 4716 summae
1312 4653 1388 4717 fere
1412 4654 1482 4735 pie·

206 4762 289 4825 tatis
313 4763 408 4845 apud
433 4771 609 4825 nostrates
633 4760 772 4823 ducitur
796 4760 891 4823 circa
915 4761 1057 4825 divinae
1089 4761 1285 4844 scripturae
1314 4782 1482 4825 veneran-

205 4872 286 4932 dam
311 4868 562 4931 sublimitatem
595 4867 681 4931 nihil
716 4888 786 4932 non
821 4871 1038 4951 exponendo
1061 4888 1285 4951 presumere:
1310 4869 1406 4932 circa
1429 4891 1482 4933 ca-
