<?xml version="1.0" encoding="UTF-8"?>
<!DOCTYPE html PUBLIC "-//W3C//DTD XHTML 1.0 Transitional//EN"
    "http://www.w3.org/TR/xhtml1/DTD/xhtml1-transitional.dtd">
<html xmlns="http://www.w3.org/1999/xhtml" xml:lang="en" lang="en">
 <head>
  <title>
</title>
<meta http-equiv="Content-Type" content="text/html;charset=utf-8" />
  <meta name='ocr-system' content='tesseract 3.04.00' />
  <meta name='ocr-capabilities' content='ocr_page ocr_carea ocr_par ocr_line ocrx_word'/>
</head>
<body>
  <div class='ocr_page' id='page_1' title='image "./monumentareform01vatigoog_0104.png"; bbox 0 0 3559 5734; ppageno 0'>
   <div class='ocr_carea' id='block_1_1' title="bbox 847 530 1075 587">
    <p class='ocr_par' dir='ltr' id='par_1_1' title="bbox 847 530 1075 587">
     <span class='ocr_line' id='line_1_1' title="bbox 847 530 1075 587; baseline 0.004 -1"><span class='ocrx_word' id='word_1_1' title='bbox 847 530 1075 587; x_wconf 48' lang='lat' dir='ltr'><strong>uum&amp;</strong></span> 
     </span>
    </p>
   </div>
   <div class='ocr_carea' id='block_1_2' title="bbox 314 674 1604 3633">
    <p class='ocr_par' dir='ltr' id='par_1_2' title="bbox 315 674 1604 2366">
     <span class='ocr_line' id='line_1_2' title="bbox 317 674 1601 762; baseline 0.003 -25"><span class='ocrx_word' id='word_1_2' title='bbox 317 675 432 745; x_wconf 85' lang='lat' dir='ltr'><strong>fessor</strong></span> <span class='ocrx_word' id='word_1_3' title='bbox 463 684 499 739; x_wconf 88' lang='lat' dir='ltr'><strong>et</strong></span> <span class='ocrx_word' id='word_1_4' title='bbox 526 676 625 739; x_wconf 90' lang='lat' dir='ltr'><strong>molti</strong></span> <span class='ocrx_word' id='word_1_5' title='bbox 650 676 730 738; x_wconf 91' lang='lat' dir='ltr'><strong>altri</strong></span> <span class='ocrx_word' id='word_1_6' title='bbox 755 674 899 759; x_wconf 85' lang='lat' dir='ltr'><strong>Signori</strong></span> <span class='ocrx_word' id='word_1_7' title='bbox 926 678 1053 741; x_wconf 93' lang='lat' dir='ltr'><strong>dicono</strong></span> <span class='ocrx_word' id='word_1_8' title='bbox 1079 680 1145 742; x_wconf 92' lang='lat' dir='ltr'><strong>che</strong></span> <span class='ocrx_word' id='word_1_9' title='bbox 1169 679 1268 742; x_wconf 91' lang='lat' dir='ltr'><strong>molti</strong></span> <span class='ocrx_word' id='word_1_10' title='bbox 1293 679 1449 762; x_wconf 89' lang='lat' dir='ltr'><strong>Principi</strong></span> <span class='ocrx_word' id='word_1_11' title='bbox 1474 689 1509 742; x_wconf 94' lang='lat' dir='ltr'><strong>et</strong></span> <span class='ocrx_word' id='word_1_12' title='bbox 1532 679 1601 741; x_wconf 93' lang='lat' dir='ltr'><strong>No·</strong></span> 
     </span>
     <span class='ocr_line' id='line_1_3' title="bbox 318 782 1602 868; baseline 0.003 -23"><span class='ocrx_word' id='word_1_13' title='bbox 318 782 394 863; x_wconf 90' lang='lat' dir='ltr'><strong>bili,</strong></span> <span class='ocrx_word' id='word_1_14' title='bbox 429 785 494 846; x_wconf 91' lang='lat' dir='ltr'><strong>che</strong></span> <span class='ocrx_word' id='word_1_15' title='bbox 519 783 639 847; x_wconf 90' lang='lat' dir='ltr'><strong>avanti</strong></span> <span class='ocrx_word' id='word_1_16' title='bbox 663 804 732 846; x_wconf 94' lang='lat' dir='ltr'><strong>non</strong></span> <span class='ocrx_word' id='word_1_17' title='bbox 757 785 921 849; x_wconf 88' lang='lat' dir='ltr'><strong>haveano</strong></span> <span class='ocrx_word' id='word_1_18' title='bbox 947 787 1034 849; x_wconf 87' lang='lat' dir='ltr'><strong>letto</strong></span> <span class='ocrx_word' id='word_1_19' title='bbox 1058 786 1082 848; x_wconf 93' lang='lat' dir='ltr'><strong>li</strong></span> <span class='ocrx_word' id='word_1_20' title='bbox 1107 787 1218 850; x_wconf 88' lang='lat' dir='ltr'><strong>errori</strong></span> <span class='ocrx_word' id='word_1_21' title='bbox 1243 787 1278 848; x_wconf 93' lang='lat' dir='ltr'><strong>di</strong></span> <span class='ocrx_word' id='word_1_22' title='bbox 1303 787 1437 851; x_wconf 89' lang='lat' dir='ltr'><strong>Luther</strong></span> <span class='ocrx_word' id='word_1_23' title='bbox 1460 786 1602 868; x_wconf 82' lang='lat' dir='ltr'><strong>infide,</strong></span> 
     </span>
     <span class='ocr_line' id='line_1_4' title="bbox 318 892 1604 975; baseline 0.003 -23"><span class='ocrx_word' id='word_1_24' title='bbox 318 912 375 953; x_wconf 86' lang='lat' dir='ltr'><strong>ma</strong></span> <span class='ocrx_word' id='word_1_25' title='bbox 409 892 521 953; x_wconf 91' lang='lat' dir='ltr'><strong>solum</strong></span> <span class='ocrx_word' id='word_1_26' title='bbox 555 893 588 954; x_wconf 92' lang='lat' dir='ltr'><strong>le</strong></span> <span class='ocrx_word' id='word_1_27' title='bbox 613 910 674 953; x_wconf 90' lang='lat' dir='ltr'><strong>sue</strong></span> <span class='ocrx_word' id='word_1_28' title='bbox 699 892 920 973; x_wconf 84' lang='lat' dir='ltr'>blasphemie</span> <span class='ocrx_word' id='word_1_29' title='bbox 953 903 1078 956; x_wconf 83' lang='lat' dir='ltr'><strong>contra</strong></span> <span class='ocrx_word' id='word_1_30' title='bbox 1102 893 1311 956; x_wconf 86' lang='lat' dir='ltr'><strong>Pontificem</strong></span> <span class='ocrx_word' id='word_1_31' title='bbox 1336 905 1371 956; x_wconf 91' lang='lat' dir='ltr'><strong>et</strong></span> <span class='ocrx_word' id='word_1_32' title='bbox 1395 895 1543 975; x_wconf 86' lang='lat' dir='ltr'><strong>clerum,</strong></span> <span class='ocrx_word' id='word_1_33' title='bbox 1568 904 1604 956; x_wconf 87' lang='lat' dir='ltr'><strong>et</strong></span> 
     </span>
     <span class='ocr_line' id='line_1_5' title="bbox 317 999 1602 1082; baseline 0.003 -23"><span class='ocrx_word' id='word_1_34' title='bbox 317 1018 382 1079; x_wconf 91' lang='lat' dir='ltr'><strong>per</strong></span> <span class='ocrx_word' id='word_1_35' title='bbox 413 1018 598 1061; x_wconf 92' lang='lat' dir='ltr'><strong>commune</strong></span> <span class='ocrx_word' id='word_1_36' title='bbox 623 1018 744 1061; x_wconf 89' lang='lat' dir='ltr'><strong>errore</strong></span> <span class='ocrx_word' id='word_1_37' title='bbox 769 999 801 1060; x_wconf 90' lang='lat' dir='ltr'><strong>d&#39;</strong></span> <span class='ocrx_word' id='word_1_38' title='bbox 819 1000 900 1062; x_wconf 90' lang='lat' dir='ltr'><strong>altri</strong></span> <span class='ocrx_word' id='word_1_39' title='bbox 925 1020 1034 1063; x_wconf 88' lang='lat' dir='ltr'><strong>erano</strong></span> <span class='ocrx_word' id='word_1_40' title='bbox 1058 999 1285 1082; x_wconf 90' lang='lat' dir='ltr'><strong>perfidissimi</strong></span> <span class='ocrx_word' id='word_1_41' title='bbox 1310 1000 1513 1079; x_wconf 88' lang='lat' dir='ltr'><strong>Lutherani,</strong></span> <span class='ocrx_word' id='word_1_42' title='bbox 1541 1001 1602 1063; x_wconf 92' lang='lat' dir='ltr'><strong>do·</strong></span> 
     </span>
     <span class='ocr_line' id='line_1_6' title="bbox 317 1104 1602 1188; baseline 0.002 -21"><span class='ocrx_word' id='word_1_43' title='bbox 317 1104 377 1188; x_wconf 91' lang='lat' dir='ltr'><strong>poi</strong></span> <span class='ocrx_word' id='word_1_44' title='bbox 409 1106 475 1167; x_wconf 91' lang='lat' dir='ltr'><strong>che</strong></span> <span class='ocrx_word' id='word_1_45' title='bbox 506 1106 633 1168; x_wconf 92' lang='lat' dir='ltr'><strong>udirno</strong></span> <span class='ocrx_word' id='word_1_46' title='bbox 665 1108 698 1169; x_wconf 91' lang='lat' dir='ltr'><strong>le</strong></span> <span class='ocrx_word' id='word_1_47' title='bbox 724 1106 864 1169; x_wconf 89' lang='lat' dir='ltr'><strong>heresie</strong></span> <span class='ocrx_word' id='word_1_48' title='bbox 888 1109 955 1170; x_wconf 89' lang='lat' dir='ltr'><strong>che</strong></span> <span class='ocrx_word' id='word_1_49' title='bbox 979 1107 1082 1170; x_wconf 84' lang='lat' dir='ltr'><strong>furno</strong></span> <span class='ocrx_word' id='word_1_50' title='bbox 1107 1116 1301 1171; x_wconf 90' lang='lat' dir='ltr'><strong>monstrate</strong></span> <span class='ocrx_word' id='word_1_51' title='bbox 1326 1128 1445 1171; x_wconf 89' lang='lat' dir='ltr'><strong>coram</strong></span> <span class='ocrx_word' id='word_1_52' title='bbox 1470 1107 1602 1171; x_wconf 85' lang='lat' dir='ltr'><strong>Cesare</strong></span> 
     </span>
     <span class='ocr_line' id='line_1_7' title="bbox 317 1212 1602 1297; baseline 0.001 -22"><span class='ocrx_word' id='word_1_53' title='bbox 317 1222 353 1275; x_wconf 92' lang='lat' dir='ltr'><strong>et</strong></span> <span class='ocrx_word' id='word_1_54' title='bbox 377 1212 530 1295; x_wconf 83' lang='lat' dir='ltr'><strong>imperio</strong></span> <span class='ocrx_word' id='word_1_55' title='bbox 560 1214 645 1276; x_wconf 90' lang='lat' dir='ltr'><strong>nelli</strong></span> <span class='ocrx_word' id='word_1_56' title='bbox 675 1214 756 1277; x_wconf 83' lang='lat' dir='ltr'>libri</span> <span class='ocrx_word' id='word_1_57' title='bbox 779 1215 917 1297; x_wconf 89' lang='lat' dir='ltr'><strong>proprii</strong></span> <span class='ocrx_word' id='word_1_58' title='bbox 941 1214 1036 1293; x_wconf 89' lang='lat' dir='ltr'><strong>suoi,</strong></span> <span class='ocrx_word' id='word_1_59' title='bbox 1070 1214 1098 1275; x_wconf 90' lang='lat' dir='ltr'><strong>si</strong></span> <span class='ocrx_word' id='word_1_60' title='bbox 1123 1234 1211 1278; x_wconf 91' lang='lat' dir='ltr'><strong>sono</strong></span> <span class='ocrx_word' id='word_1_61' title='bbox 1237 1215 1295 1276; x_wconf 92' lang='lat' dir='ltr'><strong>del</strong></span> <span class='ocrx_word' id='word_1_62' title='bbox 1318 1223 1410 1277; x_wconf 91' lang='lat' dir='ltr'><strong>tutto</strong></span> <span class='ocrx_word' id='word_1_63' title='bbox 1435 1214 1602 1277; x_wconf 87' lang='lat' dir='ltr'><strong>cambiati</strong></span> 
     </span>
     <span class='ocr_line' id='line_1_8' title="bbox 318 1320 1602 1384; baseline -0.001 -1"><span class='ocrx_word' id='word_1_64' title='bbox 318 1331 353 1383; x_wconf 93' lang='lat' dir='ltr'><strong>et</strong></span> <span class='ocrx_word' id='word_1_65' title='bbox 377 1320 456 1381; x_wconf 80' lang='lat' dir='ltr'><strong>fatti</strong></span> <span class='ocrx_word' id='word_1_66' title='bbox 482 1320 685 1384; x_wconf 83' lang='lat' dir='ltr'><strong>orthodoxi.</strong></span> <span class='ocrx_word' id='word_1_67' title='bbox 703 1322 772 1384; x_wconf 90' lang='lat' dir='ltr'><strong>Del</strong></span> <span class='ocrx_word' id='word_1_68' title='bbox 796 1322 863 1383; x_wconf 90' lang='lat' dir='ltr'><strong>che</strong></span> <span class='ocrx_word' id='word_1_69' title='bbox 880 1321 950 1384; x_wconf 89' lang='lat' dir='ltr'><strong>Dio</strong></span> <span class='ocrx_word' id='word_1_70' title='bbox 974 1343 1014 1384; x_wconf 89' lang='lat' dir='ltr'><strong>sa</strong></span> <span class='ocrx_word' id='word_1_71' title='bbox 1038 1323 1073 1384; x_wconf 95' lang='lat' dir='ltr'><strong>lo</strong></span> <span class='ocrx_word' id='word_1_72' title='bbox 1097 1322 1164 1384; x_wconf 87' lang='lat' dir='ltr'><strong>che</strong></span> <span class='ocrx_word' id='word_1_73' title='bbox 1188 1343 1232 1384; x_wconf 92' lang='lat' dir='ltr'><strong>ne</strong></span> <span class='ocrx_word' id='word_1_74' title='bbox 1258 1322 1287 1384; x_wconf 77' lang='grc' dir='ltr'><strong>ὲ.</strong></span> <span class='ocrx_word' id='word_1_75' title='bbox 1326 1321 1365 1384; x_wconf 95' lang='lat' dir='ltr'><strong>Io</strong></span> <span class='ocrx_word' id='word_1_76' title='bbox 1390 1323 1458 1384; x_wconf 91' lang='lat' dir='ltr'><strong>ben</strong></span> <span class='ocrx_word' id='word_1_77' title='bbox 1484 1321 1602 1384; x_wconf 87' lang='lat' dir='ltr'><strong>vorrei</strong></span> 
     </span>
     <span class='ocr_line' id='line_1_9' title="bbox 317 1428 1601 1511; baseline 0.001 -21"><span class='ocrx_word' id='word_1_78' title='bbox 317 1430 383 1490; x_wconf 85' lang='lat' dir='ltr'><strong>che</strong></span> <span class='ocrx_word' id='word_1_79' title='bbox 408 1448 478 1491; x_wconf 90' lang='lat' dir='ltr'><strong>non</strong></span> <span class='ocrx_word' id='word_1_80' title='bbox 504 1428 532 1490; x_wconf 90' lang='lat' dir='ltr'><strong>si</strong></span> <span class='ocrx_word' id='word_1_81' title='bbox 556 1428 653 1491; x_wconf 86' lang='lat' dir='ltr'><strong>fusse</strong></span> <span class='ocrx_word' id='word_1_82' title='bbox 680 1438 860 1511; x_wconf 85' lang='lat' dir='ltr'><strong>propost0,</strong></span> <span class='ocrx_word' id='word_1_83' title='bbox 886 1450 943 1491; x_wconf 89' lang='lat' dir='ltr'><strong>ma</strong></span> <span class='ocrx_word' id='word_1_84' title='bbox 967 1429 1032 1491; x_wconf 89' lang='lat' dir='ltr'><strong>che</strong></span> <span class='ocrx_word' id='word_1_85' title='bbox 1050 1428 1182 1492; x_wconf 87' lang='lat' dir='ltr'><strong>Cesare</strong></span> <span class='ocrx_word' id='word_1_86' title='bbox 1206 1428 1237 1491; x_wconf 92' lang='lat' dir='ltr'><strong>ci</strong></span> <span class='ocrx_word' id='word_1_87' title='bbox 1262 1431 1414 1492; x_wconf 88' lang='lat' dir='ltr'><strong>havesse</strong></span> <span class='ocrx_word' id='word_1_88' title='bbox 1429 1449 1601 1492; x_wconf 89' lang='lat' dir='ltr'><strong>concesso</strong></span> 
     </span>
     <span class='ocr_line' id='line_1_10' title="bbox 316 1535 1603 1617; baseline 0.002 -21"><span class='ocrx_word' id='word_1_89' title='bbox 316 1535 340 1597; x_wconf 90' lang='lat' dir='ltr'><strong>il</strong></span> <span class='ocrx_word' id='word_1_90' title='bbox 365 1535 532 1598; x_wconf 85' lang='lat' dir='ltr'><strong>mandato</strong></span> <span class='ocrx_word' id='word_1_91' title='bbox 555 1535 656 1598; x_wconf 85' lang='lat' dir='ltr'><strong>iuxta</strong></span> <span class='ocrx_word' id='word_1_92' title='bbox 680 1536 943 1599; x_wconf 88' lang='lat' dir='ltr'><strong>conclusionem</strong></span> <span class='ocrx_word' id='word_1_93' title='bbox 968 1544 1110 1617; x_wconf 90' lang='lat' dir='ltr'><strong>captam</strong></span> <span class='ocrx_word' id='word_1_94' title='bbox 1135 1537 1192 1598; x_wconf 92' lang='lat' dir='ltr'><strong>die</strong></span> <span class='ocrx_word' id='word_1_95' title='bbox 1217 1535 1366 1598; x_wconf 84' lang='lat' dir='ltr'>XXIX.</span> <span class='ocrx_word' id='word_1_96' title='bbox 1392 1535 1603 1599; x_wconf 79' lang='lat' dir='ltr'><strong>Decembris</strong></span> 
     </span>
     <span class='ocr_line' id='line_1_11' title="bbox 316 1640 1601 1724; baseline 0.002 -21"><span class='ocrx_word' id='word_1_97' title='bbox 316 1640 479 1722; x_wconf 85' lang='lat' dir='ltr'>proxime</span> <span class='ocrx_word' id='word_1_98' title='bbox 511 1642 700 1723; x_wconf 89' lang='lat' dir='ltr'><strong>preterit0,</strong></span> <span class='ocrx_word' id='word_1_99' title='bbox 734 1644 768 1704; x_wconf 94' lang='lat' dir='ltr'><strong>la</strong></span> <span class='ocrx_word' id='word_1_100' title='bbox 800 1644 883 1724; x_wconf 86' lang='lat' dir='ltr'><strong>qual</strong></span> <span class='ocrx_word' id='word_1_101' title='bbox 908 1643 977 1705; x_wconf 91' lang='lat' dir='ltr'><strong>Dio</strong></span> <span class='ocrx_word' id='word_1_102' title='bbox 1005 1643 1155 1724; x_wconf 88' lang='lat' dir='ltr'><strong>perdoni</strong></span> <span class='ocrx_word' id='word_1_103' title='bbox 1179 1665 1200 1705; x_wconf 89' lang='lat' dir='ltr'><strong>a</strong></span> <span class='ocrx_word' id='word_1_104' title='bbox 1224 1644 1282 1705; x_wconf 90' lang='lat' dir='ltr'><strong>chi</strong></span> <span class='ocrx_word' id='word_1_105' title='bbox 1306 1645 1422 1705; x_wconf 88' lang='lat' dir='ltr'><strong>havea</strong></span> <span class='ocrx_word' id='word_1_106' title='bbox 1447 1645 1481 1705; x_wconf 87' lang='lat' dir='ltr'><strong>la</strong></span> <span class='ocrx_word' id='word_1_107' title='bbox 1505 1663 1601 1721; x_wconf 88' lang='lat' dir='ltr'><strong>cura,</strong></span> 
     </span>
     <span class='ocr_line' id='line_1_12' title="bbox 318 1748 1600 1830; baseline 0.002 -21"><span class='ocrx_word' id='word_1_108' title='bbox 318 1757 353 1809; x_wconf 92' lang='lat' dir='ltr'><strong>et</strong></span> <span class='ocrx_word' id='word_1_109' title='bbox 381 1767 447 1829; x_wconf 90' lang='lat' dir='ltr'><strong>per</strong></span> <span class='ocrx_word' id='word_1_110' title='bbox 476 1770 540 1811; x_wconf 86' lang='lat' dir='ltr'><strong>sua</strong></span> <span class='ocrx_word' id='word_1_111' title='bbox 571 1748 740 1827; x_wconf 75' lang='lat' dir='ltr'><strong>timidita,</strong></span> <span class='ocrx_word' id='word_1_112' title='bbox 774 1748 812 1811; x_wconf 87' lang='lat' dir='ltr'><strong>fu</strong></span> <span class='ocrx_word' id='word_1_113' title='bbox 837 1749 943 1830; x_wconf 92' lang='lat' dir='ltr'><strong>colpa</strong></span> <span class='ocrx_word' id='word_1_114' title='bbox 966 1751 1032 1812; x_wconf 89' lang='lat' dir='ltr'><strong>che</strong></span> <span class='ocrx_word' id='word_1_115' title='bbox 1058 1771 1128 1813; x_wconf 91' lang='lat' dir='ltr'><strong>non</strong></span> <span class='ocrx_word' id='word_1_116' title='bbox 1152 1750 1248 1812; x_wconf 81' lang='lat' dir='ltr'><strong>fusse</strong></span> <span class='ocrx_word' id='word_1_117' title='bbox 1274 1750 1391 1812; x_wconf 89' lang='lat' dir='ltr'><strong>statim</strong></span> <span class='ocrx_word' id='word_1_118' title='bbox 1417 1749 1600 1830; x_wconf 86' lang='lat' dir='ltr'><strong>exequita;</strong></span> 
     </span>
     <span class='ocr_line' id='line_1_13' title="bbox 316 1854 1602 1938; baseline 0.002 -22"><span class='ocrx_word' id='word_1_119' title='bbox 316 1857 386 1917; x_wconf 89' lang='lat' dir='ltr'><strong>ben</strong></span> <span class='ocrx_word' id='word_1_120' title='bbox 413 1854 433 1917; x_wconf 76' lang='lat' dir='ltr'><strong>e</strong></span> <span class='ocrx_word' id='word_1_121' title='bbox 456 1875 559 1935; x_wconf 89' lang='lat' dir='ltr'><strong>vero,</strong></span> <span class='ocrx_word' id='word_1_122' title='bbox 592 1857 657 1918; x_wconf 87' lang='lat' dir='ltr'><strong>che</strong></span> <span class='ocrx_word' id='word_1_123' title='bbox 683 1875 721 1918; x_wconf 91' lang='lat' dir='ltr'><strong>se</strong></span> <span class='ocrx_word' id='word_1_124' title='bbox 746 1855 775 1918; x_wconf 90' lang='lat' dir='ltr'><strong>si</strong></span> <span class='ocrx_word' id='word_1_125' title='bbox 799 1865 943 1936; x_wconf 83' lang='lat' dir='ltr'><strong>potesse</strong></span> <span class='ocrx_word' id='word_1_126' title='bbox 968 1856 1099 1938; x_wconf 86' lang='lat' dir='ltr'><strong>pigliar</strong></span> <span class='ocrx_word' id='word_1_127' title='bbox 1122 1858 1218 1920; x_wconf 90' lang='lat' dir='ltr'><strong>buon</strong></span> <span class='ocrx_word' id='word_1_128' title='bbox 1242 1874 1347 1918; x_wconf 89' lang='lat' dir='ltr'><strong>verso</strong></span> <span class='ocrx_word' id='word_1_129' title='bbox 1373 1858 1468 1937; x_wconf 90' lang='lat' dir='ltr'><strong>dopo</strong></span> <span class='ocrx_word' id='word_1_130' title='bbox 1502 1865 1602 1918; x_wconf 87' lang='lat' dir='ltr'><strong>tanta</strong></span> 
     </span>
     <span class='ocr_line' id='line_1_14' title="bbox 316 1962 1600 2045; baseline 0.001 -22"><span class='ocrx_word' id='word_1_131' title='bbox 316 1962 557 2043; x_wconf 87' lang='lat' dir='ltr'><strong>disputatione</strong></span> <span class='ocrx_word' id='word_1_132' title='bbox 588 1972 624 2026; x_wconf 89' lang='lat' dir='ltr'><strong>et</strong></span> <span class='ocrx_word' id='word_1_133' title='bbox 655 1962 883 2027; x_wconf 84' lang='lat' dir='ltr'><strong>conclusione</strong></span> <span class='ocrx_word' id='word_1_134' title='bbox 908 1962 944 2025; x_wconf 94' lang='lat' dir='ltr'><strong>di</strong></span> <span class='ocrx_word' id='word_1_135' title='bbox 968 1963 1083 2045; x_wconf 88' lang='lat' dir='ltr'><strong>questi</strong></span> <span class='ocrx_word' id='word_1_136' title='bbox 1108 1963 1276 2045; x_wconf 91' lang='lat' dir='ltr'><strong>Principi,</strong></span> <span class='ocrx_word' id='word_1_137' title='bbox 1301 1964 1336 2025; x_wconf 85' lang='lat' dir='ltr'><strong>la</strong></span> <span class='ocrx_word' id='word_1_138' title='bbox 1360 1982 1445 2026; x_wconf 91' lang='lat' dir='ltr'><strong>cosa</strong></span> <span class='ocrx_word' id='word_1_139' title='bbox 1468 1964 1496 2024; x_wconf 87' lang='lat' dir='ltr'><strong>si</strong></span> <span class='ocrx_word' id='word_1_140' title='bbox 1522 1984 1600 2044; x_wconf 88' lang='lat' dir='ltr'><strong>por·</strong></span> 
     </span>
     <span class='ocr_line' id='line_1_15' title="bbox 317 2058 1600 2152; baseline 0 -20"><span class='ocrx_word' id='word_1_141' title='bbox 317 2072 466 2133; x_wconf 81' lang='lat' dir='ltr'><strong>tarebbe.</strong></span> <span class='ocrx_word' id='word_1_142' title='bbox 496 2070 593 2134; x_wconf 87' lang='lat' dir='ltr'><strong>mille</strong></span> <span class='ocrx_word' id='word_1_143' title='bbox 624 2072 721 2133; x_wconf 91' lang='lat' dir='ltr'><strong>volte</strong></span> <span class='ocrx_word' id='word_1_144' title='bbox 753 2070 901 2152; x_wconf 87' lang='lat' dir='ltr'><strong>meglio,</strong></span> <span class='ocrx_word' id='word_1_145' title='bbox 935 2073 1002 2134; x_wconf 91' lang='lat' dir='ltr'><strong>che</strong></span> <span class='ocrx_word' id='word_1_146' title='bbox 1033 2090 1103 2133; x_wconf 89' lang='lat' dir='ltr'><strong>non</strong></span> <span class='ocrx_word' id='word_1_147' title='bbox 1133 2069 1164 2133; x_wconf 90' lang='lat' dir='ltr'><strong>ci</strong></span> <span class='ocrx_word' id='word_1_148' title='bbox 1189 2072 1341 2133; x_wconf 89' lang='lat' dir='ltr'><strong>sarebbe</strong></span> <span class='ocrx_word' id='word_1_149' title='bbox 1367 2071 1438 2132; x_wconf 90' lang='lat' dir='ltr'><strong>ulla</strong></span> <span class='ocrx_word' id='word_1_150' title='bbox 1463 2058 1600 2132; x_wconf 84' lang='lat' dir='ltr'><strong>contra·</strong></span> 
     </span>
     <span class='ocr_line' id='line_1_16' title="bbox 317 2175 1600 2259; baseline 0.002 -22"><span class='ocrx_word' id='word_1_151' title='bbox 317 2176 465 2239; x_wconf 90' lang='lat' dir='ltr'><strong>dittione</strong></span> <span class='ocrx_word' id='word_1_152' title='bbox 489 2185 525 2239; x_wconf 91' lang='lat' dir='ltr'><strong>et</strong></span> <span class='ocrx_word' id='word_1_153' title='bbox 548 2175 608 2259; x_wconf 77' lang='lat' dir='ltr'><strong>gia</strong></span> <span class='ocrx_word' id='word_1_154' title='bbox 632 2197 671 2239; x_wconf 91' lang='lat' dir='ltr'><strong>se</strong></span> <span class='ocrx_word' id='word_1_155' title='bbox 694 2179 872 2259; x_wconf 89' lang='lat' dir='ltr'><strong>potrebbe</strong></span> <span class='ocrx_word' id='word_1_156' title='bbox 897 2178 962 2257; x_wconf 93' lang='lat' dir='ltr'><strong>dir,</strong></span> <span class='ocrx_word' id='word_1_157' title='bbox 986 2180 1052 2240; x_wconf 88' lang='lat' dir='ltr'><strong>che</strong></span> <span class='ocrx_word' id='word_1_158' title='bbox 1075 2178 1111 2239; x_wconf 93' lang='lat' dir='ltr'><strong>la</strong></span> <span class='ocrx_word' id='word_1_159' title='bbox 1134 2177 1249 2259; x_wconf 90' lang='lat' dir='ltr'><strong>hydra</strong></span> <span class='ocrx_word' id='word_1_160' title='bbox 1275 2176 1479 2239; x_wconf 89' lang='lat' dir='ltr'><strong>Lutherana</strong></span> <span class='ocrx_word' id='word_1_161' title='bbox 1502 2176 1600 2239; x_wconf 88' lang='lat' dir='ltr'><strong>fusse</strong></span> 
     </span>
     <span class='ocr_line' id='line_1_17' title="bbox 315 2284 1013 2366; baseline 0.006 -21"><span class='ocrx_word' id='word_1_162' title='bbox 315 2284 457 2365; x_wconf 87' lang='lat' dir='ltr'><strong>penitus</strong></span> <span class='ocrx_word' id='word_1_163' title='bbox 483 2284 629 2364; x_wconf 85' lang='lat' dir='ltr'><strong>extinta,</strong></span> <span class='ocrx_word' id='word_1_164' title='bbox 653 2285 748 2366; x_wconf 89' lang='lat' dir='ltr'><strong>quod</strong></span> <span class='ocrx_word' id='word_1_165' title='bbox 773 2285 871 2348; x_wconf 91' lang='lat' dir='ltr'><strong>Deus</strong></span> <span class='ocrx_word' id='word_1_166' title='bbox 894 2285 1013 2349; x_wconf 85' lang='lat' dir='ltr'><strong>faciat.</strong></span> 
     </span>
    </p>

    <p class='ocr_par' dir='ltr' id='par_1_3' title="bbox 314 2390 1601 3545">
     <span class='ocr_line' id='line_1_18' title="bbox 405 2390 1601 2475; baseline 0.001 -23"><span class='ocrx_word' id='word_1_167' title='bbox 405 2391 447 2453; x_wconf 89' lang='lat' dir='ltr'><strong>El</strong></span> <span class='ocrx_word' id='word_1_168' title='bbox 465 2390 742 2472; x_wconf 87' lang='lat' dir='ltr'><strong>Saltzburgense</strong></span> <span class='ocrx_word' id='word_1_169' title='bbox 768 2394 875 2475; x_wconf 90' lang='lat' dir='ltr'><strong>dopoi</strong></span> <span class='ocrx_word' id='word_1_170' title='bbox 900 2404 1020 2455; x_wconf 89' lang='lat' dir='ltr'><strong>nostre</strong></span> <span class='ocrx_word' id='word_1_171' title='bbox 1045 2396 1154 2456; x_wconf 91' lang='lat' dir='ltr'><strong>molte</strong></span> <span class='ocrx_word' id='word_1_172' title='bbox 1177 2390 1406 2471; x_wconf 85' lang='lat' dir='ltr'><strong>instruttioni,</strong></span> <span class='ocrx_word' id='word_1_173' title='bbox 1431 2392 1478 2452; x_wconf 90' lang='lat' dir='ltr'><strong>ha</strong></span> <span class='ocrx_word' id='word_1_174' title='bbox 1494 2410 1601 2474; x_wconf 90' lang='lat' dir='ltr'><strong>preso</strong></span> 
     </span>
     <span class='ocr_line' id='line_1_19' title="bbox 316 2497 1601 2579; baseline -0.001 -19"><span class='ocrx_word' id='word_1_175' title='bbox 316 2517 381 2579; x_wconf 88' lang='lat' dir='ltr'><strong>per</strong></span> <span class='ocrx_word' id='word_1_176' title='bbox 405 2497 632 2561; x_wconf 88' lang='lat' dir='ltr'><strong>conclusione</strong></span> <span class='ocrx_word' id='word_1_177' title='bbox 655 2497 830 2562; x_wconf 80' lang='lat' dir='ltr'><strong>reformat</strong></span> <span class='ocrx_word' id='word_1_178' title='bbox 854 2502 886 2563; x_wconf 91' lang='lat' dir='ltr'><strong>el</strong></span> <span class='ocrx_word' id='word_1_179' title='bbox 911 2502 1057 2563; x_wconf 89' lang='lat' dir='ltr'><strong>decreto</strong></span> <span class='ocrx_word' id='word_1_180' title='bbox 1075 2498 1111 2562; x_wconf 92' lang='lat' dir='ltr'><strong>di</strong></span> <span class='ocrx_word' id='word_1_181' title='bbox 1126 2507 1221 2562; x_wconf 90' lang='lat' dir='ltr'><strong>sorte</strong></span> <span class='ocrx_word' id='word_1_182' title='bbox 1239 2500 1306 2560; x_wconf 89' lang='lat' dir='ltr'><strong>che</strong></span> <span class='ocrx_word' id='word_1_183' title='bbox 1322 2518 1393 2560; x_wconf 94' lang='lat' dir='ltr'><strong>non</strong></span> <span class='ocrx_word' id='word_1_184' title='bbox 1411 2498 1439 2559; x_wconf 90' lang='lat' dir='ltr'><strong>si</strong></span> <span class='ocrx_word' id='word_1_185' title='bbox 1457 2508 1601 2578; x_wconf 88' lang='lat' dir='ltr'><strong>potesse</strong></span> 
     </span>
     <span class='ocr_line' id='line_1_20' title="bbox 315 2603 1601 2689; baseline 0.002 -23"><span class='ocrx_word' id='word_1_186' title='bbox 315 2604 513 2668; x_wconf 84' lang='lat' dir='ltr'><strong>rechiamar</strong></span> <span class='ocrx_word' id='word_1_187' title='bbox 544 2606 590 2668; x_wconf 76' lang='lat' dir='ltr'><strong>ne</strong></span> <span class='ocrx_word' id='word_1_188' title='bbox 620 2609 666 2669; x_wconf 88' lang='lat' dir='ltr'><strong>da</strong></span> <span class='ocrx_word' id='word_1_189' title='bbox 690 2606 867 2689; x_wconf 87' lang='lat' dir='ltr'><strong>Principi,</strong></span> <span class='ocrx_word' id='word_1_190' title='bbox 902 2609 945 2670; x_wconf 77' lang='lat' dir='ltr'><strong>ne</strong></span> <span class='ocrx_word' id='word_1_191' title='bbox 979 2608 1025 2668; x_wconf 87' lang='lat' dir='ltr'><strong>da</strong></span> <span class='ocrx_word' id='word_1_192' title='bbox 1057 2606 1180 2688; x_wconf 91' lang='lat' dir='ltr'><strong>populi</strong></span> <span class='ocrx_word' id='word_1_193' title='bbox 1206 2615 1242 2669; x_wconf 92' lang='lat' dir='ltr'><strong>et</strong></span> <span class='ocrx_word' id='word_1_194' title='bbox 1265 2615 1384 2668; x_wconf 88' lang='lat' dir='ltr'><strong>tamen</strong></span> <span class='ocrx_word' id='word_1_195' title='bbox 1408 2604 1437 2666; x_wconf 89' lang='lat' dir='ltr'><strong>si</strong></span> <span class='ocrx_word' id='word_1_196' title='bbox 1460 2603 1601 2667; x_wconf 84' lang='lat' dir='ltr'><strong>facesse</strong></span> 
     </span>
     <span class='ocr_line' id='line_1_21' title="bbox 315 2711 1600 2796; baseline 0.002 -22"><span class='ocrx_word' id='word_1_197' title='bbox 315 2711 472 2775; x_wconf 79' lang='lat' dir='ltr'><strong>l&#39;effetto</strong></span> <span class='ocrx_word' id='word_1_198' title='bbox 497 2715 563 2776; x_wconf 88' lang='lat' dir='ltr'><strong>cbe</strong></span> <span class='ocrx_word' id='word_1_199' title='bbox 588 2714 647 2775; x_wconf 89' lang='lat' dir='ltr'><strong>noi</strong></span> <span class='ocrx_word' id='word_1_200' title='bbox 671 2713 906 2793; x_wconf 72' lang='lat' dir='ltr'><strong>desiderem,</strong></span> <span class='ocrx_word' id='word_1_201' title='bbox 931 2715 960 2776; x_wconf 91' lang='lat' dir='ltr'><strong>si</strong></span> <span class='ocrx_word' id='word_1_202' title='bbox 984 2713 1155 2796; x_wconf 91' lang='lat' dir='ltr'><strong>possibile</strong></span> <span class='ocrx_word' id='word_1_203' title='bbox 1179 2714 1259 2781; x_wconf 82' lang='lat' dir='ltr'><strong>erit:</strong></span> <span class='ocrx_word' id='word_1_204' title='bbox 1285 2722 1321 2775; x_wconf 89' lang='lat' dir='ltr'><strong>et</strong></span> <span class='ocrx_word' id='word_1_205' title='bbox 1337 2711 1411 2775; x_wconf 86' lang='lat' dir='ltr'><strong>cosi</strong></span> <span class='ocrx_word' id='word_1_206' title='bbox 1425 2712 1502 2775; x_wconf 90' lang='lat' dir='ltr'><strong>heri</strong></span> <span class='ocrx_word' id='word_1_207' title='bbox 1519 2733 1600 2776; x_wconf 90' lang='lat' dir='ltr'><strong>sero</strong></span> 
     </span>
     <span class='ocr_line' id='line_1_22' title="bbox 315 2817 1600 2902; baseline 0 -20"><span class='ocrx_word' id='word_1_208' title='bbox 315 2817 353 2881; x_wconf 88' lang='lat' dir='ltr'><strong>fu</strong></span> <span class='ocrx_word' id='word_1_209' title='bbox 383 2820 472 2883; x_wconf 84' lang='lat' dir='ltr'><strong>fatto</strong></span> <span class='ocrx_word' id='word_1_210' title='bbox 504 2822 538 2882; x_wconf 91' lang='lat' dir='ltr'><strong>el</strong></span> <span class='ocrx_word' id='word_1_211' title='bbox 571 2822 716 2883; x_wconf 89' lang='lat' dir='ltr'><strong>decreto</strong></span> <span class='ocrx_word' id='word_1_212' title='bbox 750 2820 785 2883; x_wconf 93' lang='lat' dir='ltr'><strong>in</strong></span> <span class='ocrx_word' id='word_1_213' title='bbox 810 2821 1003 2902; x_wconf 85' lang='lat' dir='ltr'><strong>Alemano,</strong></span> <span class='ocrx_word' id='word_1_214' title='bbox 1038 2823 1069 2883; x_wconf 86' lang='lat' dir='ltr'><strong>el</strong></span> <span class='ocrx_word' id='word_1_215' title='bbox 1104 2823 1187 2902; x_wconf 91' lang='lat' dir='ltr'><strong>qual</strong></span> <span class='ocrx_word' id='word_1_216' title='bbox 1218 2821 1264 2883; x_wconf 91' lang='lat' dir='ltr'><strong>mi</strong></span> <span class='ocrx_word' id='word_1_217' title='bbox 1288 2821 1447 2882; x_wconf 79' lang='lat' dir='ltr'><strong>monstro</strong></span> <span class='ocrx_word' id='word_1_218' title='bbox 1472 2830 1600 2900; x_wconf 89' lang='lat' dir='ltr'><strong>questa</strong></span> 
     </span>
     <span class='ocr_line' id='line_1_23' title="bbox 315 2926 1598 3011; baseline -0.001 -21"><span class='ocrx_word' id='word_1_219' title='bbox 315 2947 418 2990; x_wconf 91' lang='lat' dir='ltr'><strong>mane</strong></span> <span class='ocrx_word' id='word_1_220' title='bbox 442 2927 477 2990; x_wconf 92' lang='lat' dir='ltr'><strong>in</strong></span> <span class='ocrx_word' id='word_1_221' title='bbox 503 2928 669 3009; x_wconf 92' lang='lat' dir='ltr'><strong>dilucul0,</strong></span> <span class='ocrx_word' id='word_1_222' title='bbox 694 2938 730 2991; x_wconf 90' lang='lat' dir='ltr'><strong>et</strong></span> <span class='ocrx_word' id='word_1_223' title='bbox 753 2927 836 2991; x_wconf 90' lang='lat' dir='ltr'><strong>dete</strong></span> <span class='ocrx_word' id='word_1_224' title='bbox 860 2931 895 2991; x_wconf 91' lang='lat' dir='ltr'><strong>la</strong></span> <span class='ocrx_word' id='word_1_225' title='bbox 919 2949 1003 2992; x_wconf 87' lang='lat' dir='ltr'><strong>cura</strong></span> <span class='ocrx_word' id='word_1_226' title='bbox 1027 2951 1048 2992; x_wconf 89' lang='lat' dir='ltr'><strong>a</strong></span> <span class='ocrx_word' id='word_1_227' title='bbox 1072 2927 1243 3011; x_wconf 89' lang='lat' dir='ltr'><strong>Spieghel</strong></span> <span class='ocrx_word' id='word_1_228' title='bbox 1268 2930 1304 2991; x_wconf 96' lang='lat' dir='ltr'><strong>lo</strong></span> <span class='ocrx_word' id='word_1_229' title='bbox 1329 2927 1467 2990; x_wconf 83' lang='lat' dir='ltr'><strong>facesse</strong></span> <span class='ocrx_word' id='word_1_230' title='bbox 1491 2926 1526 2989; x_wconf 94' lang='lat' dir='ltr'><strong>in</strong></span> <span class='ocrx_word' id='word_1_231' title='bbox 1552 2928 1598 2989; x_wconf 83' lang='lat' dir='ltr'><strong>la·</strong></span> 
     </span>
     <span class='ocr_line' id='line_1_24' title="bbox 314 3034 1600 3117; baseline 0 -22"><span class='ocrx_word' id='word_1_232' title='bbox 314 3035 390 3097; x_wconf 94' lang='lat' dir='ltr'><strong>tino</strong></span> <span class='ocrx_word' id='word_1_233' title='bbox 415 3045 450 3096; x_wconf 90' lang='lat' dir='ltr'><strong>et</strong></span> <span class='ocrx_word' id='word_1_234' title='bbox 474 3055 529 3096; x_wconf 93' lang='lat' dir='ltr'><strong>me</strong></span> <span class='ocrx_word' id='word_1_235' title='bbox 554 3036 588 3097; x_wconf 95' lang='lat' dir='ltr'><strong>lo</strong></span> <span class='ocrx_word' id='word_1_236' title='bbox 613 3036 891 3098; x_wconf 86' lang='lat' dir='ltr'><strong>communicasse</strong></span> <span class='ocrx_word' id='word_1_237' title='bbox 915 3045 1105 3117; x_wconf 87' lang='lat' dir='ltr'><strong>antequam</strong></span> <span class='ocrx_word' id='word_1_238' title='bbox 1130 3037 1175 3097; x_wconf 90' lang='lat' dir='ltr'><strong>ab</strong></span> <span class='ocrx_word' id='word_1_239' title='bbox 1200 3035 1321 3116; x_wconf 90' lang='lat' dir='ltr'><strong>aliquo</strong></span> <span class='ocrx_word' id='word_1_240' title='bbox 1345 3034 1600 3115; x_wconf 86' lang='lat' dir='ltr'><strong>deputatorum</strong></span> 
     </span>
     <span class='ocr_line' id='line_1_25' title="bbox 314 3140 1600 3223; baseline 0.001 -21"><span class='ocrx_word' id='word_1_241' title='bbox 314 3140 512 3213; x_wconf 87' lang='lat' dir='ltr'><strong>videretur;</strong></span> <span class='ocrx_word' id='word_1_242' title='bbox 547 3143 642 3223; x_wconf 94' lang='lat' dir='ltr'><strong>quod</strong></span> <span class='ocrx_word' id='word_1_243' title='bbox 674 3151 792 3204; x_wconf 87' lang='lat' dir='ltr'><strong>tamen</strong></span> <span class='ocrx_word' id='word_1_244' title='bbox 820 3162 891 3205; x_wconf 89' lang='lat' dir='ltr'><strong>non</strong></span> <span class='ocrx_word' id='word_1_245' title='bbox 917 3141 982 3205; x_wconf 81' lang='lat' dir='ltr'><strong>suit</strong></span> <span class='ocrx_word' id='word_1_246' title='bbox 1006 3141 1155 3223; x_wconf 86' lang='lat' dir='ltr'><strong>factum,</strong></span> <span class='ocrx_word' id='word_1_247' title='bbox 1187 3142 1266 3204; x_wconf 88' lang='lat' dir='ltr'><strong>anci</strong></span> <span class='ocrx_word' id='word_1_248' title='bbox 1290 3142 1338 3205; x_wconf 93' lang='lat' dir='ltr'><strong>da</strong></span> <span class='ocrx_word' id='word_1_249' title='bbox 1362 3140 1487 3203; x_wconf 85' lang='lat' dir='ltr'>XXII.</span> <span class='ocrx_word' id='word_1_250' title='bbox 1512 3141 1600 3203; x_wconf 88' lang='lat' dir='ltr'><strong>hore</strong></span> 
     </span>
     <span class='ocr_line' id='line_1_26' title="bbox 314 3247 1599 3331; baseline 0 -22"><span class='ocrx_word' id='word_1_251' title='bbox 314 3247 360 3309; x_wconf 86' lang='lat' dir='ltr'><strong>fin</strong></span> <span class='ocrx_word' id='word_1_252' title='bbox 386 3248 407 3310; x_wconf 74' lang='lat' dir='ltr'><strong>a</strong></span> <span class='ocrx_word' id='word_1_253' title='bbox 430 3248 543 3329; x_wconf 89' lang='lat' dir='ltr'><strong>quest’</strong></span> <span class='ocrx_word' id='word_1_254' title='bbox 561 3251 650 3312; x_wconf 88' lang='lat' dir='ltr'><strong>hora</strong></span> <span class='ocrx_word' id='word_1_255' title='bbox 680 3252 837 3313; x_wconf 89' lang='lat' dir='ltr'><strong>secunda</strong></span> <span class='ocrx_word' id='word_1_256' title='bbox 864 3260 901 3311; x_wconf 92' lang='lat' dir='ltr'><strong>et</strong></span> <span class='ocrx_word' id='word_1_257' title='bbox 923 3249 1068 3331; x_wconf 82' lang='lat' dir='ltr'><strong>meggia</strong></span> <span class='ocrx_word' id='word_1_258' title='bbox 1092 3248 1128 3311; x_wconf 93' lang='lat' dir='ltr'><strong>di</strong></span> <span class='ocrx_word' id='word_1_259' title='bbox 1152 3257 1250 3311; x_wconf 90' lang='lat' dir='ltr'><strong>notte</strong></span> <span class='ocrx_word' id='word_1_260' title='bbox 1275 3248 1300 3310; x_wconf 91' lang='lat' dir='ltr'><strong>li</strong></span> <span class='ocrx_word' id='word_1_261' title='bbox 1324 3247 1486 3329; x_wconf 90' lang='lat' dir='ltr'><strong>deputati</strong></span> <span class='ocrx_word' id='word_1_262' title='bbox 1510 3267 1599 3310; x_wconf 91' lang='lat' dir='ltr'><strong>sono</strong></span> 
     </span>
     <span class='ocr_line' id='line_1_27' title="bbox 314 3355 1599 3438; baseline 0 -21"><span class='ocrx_word' id='word_1_263' title='bbox 314 3357 395 3417; x_wconf 87' lang='lat' dir='ltr'><strong>stati</strong></span> <span class='ocrx_word' id='word_1_264' title='bbox 420 3356 455 3417; x_wconf 92' lang='lat' dir='ltr'><strong>in</strong></span> <span class='ocrx_word' id='word_1_265' title='bbox 480 3376 564 3418; x_wconf 88' lang='lat' dir='ltr'><strong>casa</strong></span> <span class='ocrx_word' id='word_1_266' title='bbox 588 3376 655 3420; x_wconf 89' lang='lat' dir='ltr'><strong>con</strong></span> <span class='ocrx_word' id='word_1_267' title='bbox 680 3357 880 3420; x_wconf 88' lang='lat' dir='ltr'><strong>sedunense</strong></span> <span class='ocrx_word' id='word_1_268' title='bbox 903 3377 1012 3438; x_wconf 89' lang='lat' dir='ltr'><strong>sopra</strong></span> <span class='ocrx_word' id='word_1_269' title='bbox 1036 3366 1162 3438; x_wconf 89' lang='lat' dir='ltr'><strong>questa</strong></span> <span class='ocrx_word' id='word_1_270' title='bbox 1187 3376 1280 3435; x_wconf 89' lang='lat' dir='ltr'><strong>cosa,</strong></span> <span class='ocrx_word' id='word_1_271' title='bbox 1306 3356 1364 3418; x_wconf 90' lang='lat' dir='ltr'><strong>del</strong></span> <span class='ocrx_word' id='word_1_272' title='bbox 1388 3357 1453 3417; x_wconf 91' lang='lat' dir='ltr'><strong>che</strong></span> <span class='ocrx_word' id='word_1_273' title='bbox 1471 3355 1599 3417; x_wconf 90' lang='lat' dir='ltr'><strong>deman</strong></span> 
     </span>
     <span class='ocr_line' id='line_1_28' title="bbox 314 3462 1298 3545; baseline 0.001 -21"><span class='ocrx_word' id='word_1_274' title='bbox 314 3462 495 3525; x_wconf 83' lang='lat' dir='ltr'><strong>solicitarb</strong></span> <span class='ocrx_word' id='word_1_275' title='bbox 520 3462 684 3526; x_wconf 77' lang='lat' dir='ltr'><strong>intendet</strong></span> <span class='ocrx_word' id='word_1_276' title='bbox 709 3472 744 3525; x_wconf 90' lang='lat' dir='ltr'><strong>et</strong></span> <span class='ocrx_word' id='word_1_277' title='bbox 767 3463 823 3526; x_wconf 82' lang='lat' dir='ltr'><strong>far</strong></span> <span class='ocrx_word' id='word_1_278' title='bbox 847 3466 880 3526; x_wconf 89' lang='lat' dir='ltr'><strong>el</strong></span> <span class='ocrx_word' id='word_1_279' title='bbox 904 3473 1001 3526; x_wconf 90' lang='lat' dir='ltr'><strong>resto</strong></span> <span class='ocrx_word' id='word_1_280' title='bbox 1025 3475 1159 3545; x_wconf 89' lang='lat' dir='ltr'><strong>quanto</strong></span> <span class='ocrx_word' id='word_1_281' title='bbox 1183 3463 1298 3544; x_wconf 79' lang='lat' dir='ltr'><strong>notro.</strong></span> 
     </span>
    </p>

    <p class='ocr_par' dir='ltr' id='par_1_4' title="bbox 403 3570 1599 3633">
     <span class='ocr_line' id='line_1_29' title="bbox 403 3570 1599 3633; baseline 0 -2"><span class='ocrx_word' id='word_1_282' title='bbox 403 3570 524 3631; x_wconf 69' lang='lat' dir='ltr'><strong>Remu</strong></span> <span class='ocrx_word' id='word_1_283' title='bbox 557 3580 593 3631; x_wconf 89' lang='lat' dir='ltr'><strong>et</strong></span> <span class='ocrx_word' id='word_1_284' title='bbox 625 3570 720 3632; x_wconf 90' lang='lat' dir='ltr'><strong>illme</strong></span> <span class='ocrx_word' id='word_1_285' title='bbox 753 3570 788 3632; x_wconf 92' lang='lat' dir='ltr'><strong>in</strong></span> <span class='ocrx_word' id='word_1_286' title='bbox 822 3572 871 3633; x_wconf 89' lang='lat' dir='ltr'><strong>tal</strong></span> <span class='ocrx_word' id='word_1_287' title='bbox 906 3572 1011 3633; x_wconf 92' lang='lat' dir='ltr'><strong>modo</strong></span> <span class='ocrx_word' id='word_1_288' title='bbox 1042 3590 1160 3633; x_wconf 85' lang='lat' dir='ltr'><strong>vanno</strong></span> <span class='ocrx_word' id='word_1_289' title='bbox 1189 3572 1222 3633; x_wconf 90' lang='lat' dir='ltr'><strong>le</strong></span> <span class='ocrx_word' id='word_1_290' title='bbox 1246 3589 1330 3632; x_wconf 91' lang='lat' dir='ltr'><strong>cose</strong></span> <span class='ocrx_word' id='word_1_291' title='bbox 1353 3579 1475 3632; x_wconf 89' lang='lat' dir='ltr'><strong>nostre</strong></span> <span class='ocrx_word' id='word_1_292' title='bbox 1499 3579 1599 3632; x_wconf 89' lang='lat' dir='ltr'><strong>tanto</strong></span> 
     </span>
    </p>
   </div>
   <div class='ocr_carea' id='block_1_3' title="bbox 197 3675 1599 3759">
    <p class='ocr_par' dir='ltr' id='par_1_5' title="bbox 197 3675 1599 3759">
     <span class='ocr_line' id='line_1_30' title="bbox 197 3675 1599 3759; baseline 0.001 -21"><span class='ocrx_word' id='word_1_293' title='bbox 197 3680 200 3681; x_wconf 47' lang='lat'><em>⁷</em></span> <span class='ocrx_word' id='word_1_294' title='bbox 314 3676 460 3758; x_wconf 88' lang='lat' dir='ltr'><strong>ancipiti</strong></span> <span class='ocrx_word' id='word_1_295' title='bbox 491 3685 527 3740; x_wconf 93' lang='lat' dir='ltr'><strong>et</strong></span> <span class='ocrx_word' id='word_1_296' title='bbox 555 3675 642 3759; x_wconf 82' lang='lat' dir='ltr'><strong>ogni</strong></span> <span class='ocrx_word' id='word_1_297' title='bbox 665 3677 699 3739; x_wconf 89' lang='lat' dir='ltr'><strong>dl</strong></span> <span class='ocrx_word' id='word_1_298' title='bbox 723 3677 907 3757; x_wconf 84' lang='lat' dir='ltr'><strong>variabili,</strong></span> <span class='ocrx_word' id='word_1_299' title='bbox 942 3681 1007 3741; x_wconf 90' lang='lat' dir='ltr'><strong>che</strong></span> <span class='ocrx_word' id='word_1_300' title='bbox 1033 3698 1102 3740; x_wconf 94' lang='lat' dir='ltr'><strong>non</strong></span> <span class='ocrx_word' id='word_1_301' title='bbox 1127 3678 1146 3741; x_wconf 75' lang='lat' dir='ltr'><strong>e</strong></span> <span class='ocrx_word' id='word_1_302' title='bbox 1170 3677 1316 3759; x_wconf 85' lang='lat' dir='ltr'><strong>ingenio</strong></span> <span class='ocrx_word' id='word_1_303' title='bbox 1347 3678 1504 3740; x_wconf 89' lang='lat' dir='ltr'><strong>humano</strong></span> <span class='ocrx_word' id='word_1_304' title='bbox 1533 3679 1599 3740; x_wconf 90' lang='lat' dir='ltr'><strong>che</strong></span> 
     </span>
    </p>
   </div>
   <div class='ocr_carea' id='block_1_4' title="bbox 312 3784 1598 4934">
    <p class='ocr_par' dir='ltr' id='par_1_6' title="bbox 312 3784 1598 4934">
     <span class='ocr_line' id='line_1_31' title="bbox 313 3784 1598 3863; baseline 0.002 -18"><span class='ocrx_word' id='word_1_305' title='bbox 313 3784 410 3863; x_wconf 91' lang='lat' dir='ltr'><strong>possi</strong></span> <span class='ocrx_word' id='word_1_306' title='bbox 434 3784 589 3846; x_wconf 85' lang='lat' dir='ltr'><strong>trovarci</strong></span> <span class='ocrx_word' id='word_1_307' title='bbox 612 3804 717 3848; x_wconf 88' lang='lat' dir='ltr'><strong>verso</strong></span> <span class='ocrx_word' id='word_1_308' title='bbox 741 3787 878 3862; x_wconf 89' lang='lat' dir='ltr'><strong>aleuno,</strong></span> <span class='ocrx_word' id='word_1_309' title='bbox 905 3787 997 3848; x_wconf 91' lang='lat' dir='ltr'><strong>etin</strong></span> <span class='ocrx_word' id='word_1_310' title='bbox 1022 3785 1185 3849; x_wconf 89' lang='lat' dir='ltr'><strong>omnibus</strong></span> <span class='ocrx_word' id='word_1_311' title='bbox 1209 3805 1280 3848; x_wconf 88' lang='lat' dir='ltr'><strong>non</strong></span> <span class='ocrx_word' id='word_1_312' title='bbox 1305 3785 1334 3848; x_wconf 87' lang='lat' dir='ltr'><strong>si</strong></span> <span class='ocrx_word' id='word_1_313' title='bbox 1358 3787 1449 3847; x_wconf 92' lang='lat' dir='ltr'><strong>vede</strong></span> <span class='ocrx_word' id='word_1_314' title='bbox 1467 3805 1505 3847; x_wconf 92' lang='lat' dir='ltr'><strong>se</strong></span> <span class='ocrx_word' id='word_1_315' title='bbox 1528 3805 1598 3847; x_wconf 94' lang='lat' dir='ltr'><strong>non</strong></span> 
     </span>
     <span class='ocr_line' id='line_1_32' title="bbox 314 3874 1598 3972; baseline 0.002 -22"><span class='ocrx_word' id='word_1_316' title='bbox 314 3889 461 3951; x_wconf 90' lang='lat' dir='ltr'><strong>dilation</strong></span> <span class='ocrx_word' id='word_1_317' title='bbox 487 3911 507 3952; x_wconf 95' lang='lat' dir='ltr'><strong>o</strong></span> <span class='ocrx_word' id='word_1_318' title='bbox 531 3889 662 3972; x_wconf 85' lang='lat' dir='ltr'><strong>privati</strong></span> <span class='ocrx_word' id='word_1_319' title='bbox 696 3874 838 3971; x_wconf 86' lang='lat' dir='ltr'><strong>affetti,</strong></span> <span class='ocrx_word' id='word_1_320' title='bbox 863 3894 929 3955; x_wconf 88' lang='lat' dir='ltr'><strong>che</strong></span> <span class='ocrx_word' id='word_1_321' title='bbox 956 3913 995 3956; x_wconf 88' lang='lat' dir='ltr'><strong>se</strong></span> <span class='ocrx_word' id='word_1_322' title='bbox 1020 3893 1130 3956; x_wconf 88' lang='lat' dir='ltr'><strong>Cesar</strong></span> <span class='ocrx_word' id='word_1_323' title='bbox 1153 3912 1222 3955; x_wconf 92' lang='lat' dir='ltr'><strong>non</strong></span> <span class='ocrx_word' id='word_1_324' title='bbox 1247 3891 1344 3955; x_wconf 86' lang='lat' dir='ltr'><strong>fusse</strong></span> <span class='ocrx_word' id='word_1_325' title='bbox 1369 3889 1442 3955; x_wconf 90' lang='lat' dir='ltr'><strong>cosi</strong></span> <span class='ocrx_word' id='word_1_326' title='bbox 1467 3893 1598 3969; x_wconf 91' lang='lat' dir='ltr'><strong>buono,</strong></span> 
     </span>
     <span class='ocr_line' id='line_1_33' title="bbox 313 3996 1597 4080; baseline 0.002 -23"><span class='ocrx_word' id='word_1_327' title='bbox 313 4005 430 4059; x_wconf 88' lang='lat' dir='ltr'><strong>actum</strong></span> <span class='ocrx_word' id='word_1_328' title='bbox 462 4008 566 4062; x_wconf 86' lang='lat' dir='ltr'><strong>esset.</strong></span> <span class='ocrx_word' id='word_1_329' title='bbox 614 3998 666 4060; x_wconf 90' lang='lat' dir='ltr'><strong>La</strong></span> <span class='ocrx_word' id='word_1_330' title='bbox 696 4001 802 4080; x_wconf 93' lang='lat' dir='ltr'><strong>colpa</strong></span> <span class='ocrx_word' id='word_1_331' title='bbox 825 4010 861 4061; x_wconf 88' lang='lat' dir='ltr'><strong>et</strong></span> <span class='ocrx_word' id='word_1_332' title='bbox 885 4019 1010 4075; x_wconf 86' lang='lat' dir='ltr'><strong>causa,</strong></span> <span class='ocrx_word' id='word_1_333' title='bbox 1042 4019 1151 4061; x_wconf 88' lang='lat' dir='ltr'><strong>ancor</strong></span> <span class='ocrx_word' id='word_1_334' title='bbox 1175 4000 1241 4061; x_wconf 84' lang='lat' dir='ltr'><strong>che</strong></span> <span class='ocrx_word' id='word_1_335' title='bbox 1265 3997 1305 4060; x_wconf 88' lang='lat' dir='ltr'><strong>sii</strong></span> <span class='ocrx_word' id='word_1_336' title='bbox 1332 3996 1476 4060; x_wconf 85' lang='lat' dir='ltr'><strong>difficile</strong></span> <span class='ocrx_word' id='word_1_337' title='bbox 1501 4018 1523 4059; x_wconf 89' lang='lat' dir='ltr'><strong>a</strong></span> <span class='ocrx_word' id='word_1_338' title='bbox 1546 4019 1597 4059; x_wconf 89' lang='lat' dir='ltr'><strong>sa·</strong></span> 
     </span>
     <span class='ocr_line' id='line_1_34' title="bbox 313 4104 1596 4187; baseline 0 -21"><span class='ocrx_word' id='word_1_339' title='bbox 313 4124 410 4184; x_wconf 89' lang='lat' dir='ltr'><strong>pere,</strong></span> <span class='ocrx_word' id='word_1_340' title='bbox 428 4106 618 4167; x_wconf 89' lang='lat' dir='ltr'><strong>tuttavolta</strong></span> <span class='ocrx_word' id='word_1_341' title='bbox 632 4105 669 4167; x_wconf 90' lang='lat' dir='ltr'><strong>in</strong></span> <span class='ocrx_word' id='word_1_342' title='bbox 681 4108 802 4168; x_wconf 87' lang='lat' dir='ltr'><strong>buona</strong></span> <span class='ocrx_word' id='word_1_343' title='bbox 816 4118 919 4187; x_wconf 88' lang='lat' dir='ltr'><strong>parte</strong></span> <span class='ocrx_word' id='word_1_344' title='bbox 932 4108 967 4167; x_wconf 86' lang='lat' dir='ltr'><strong>la</strong></span> <span class='ocrx_word' id='word_1_345' title='bbox 983 4106 1211 4187; x_wconf 90' lang='lat' dir='ltr'><strong>comprendo,</strong></span> <span class='ocrx_word' id='word_1_346' title='bbox 1228 4125 1286 4166; x_wconf 92' lang='lat' dir='ltr'><strong>ma</strong></span> <span class='ocrx_word' id='word_1_347' title='bbox 1303 4125 1372 4166; x_wconf 93' lang='lat' dir='ltr'><strong>non</strong></span> <span class='ocrx_word' id='word_1_348' title='bbox 1389 4105 1502 4167; x_wconf 89' lang='lat' dir='ltr'><strong>ausim</strong></span> <span class='ocrx_word' id='word_1_349' title='bbox 1515 4104 1596 4167; x_wconf 87' lang='lat' dir='ltr'><strong>scri·</strong></span> 
     </span>
     <span class='ocr_line' id='line_1_35' title="bbox 313 4211 1597 4294; baseline -0.002 -21"><span class='ocrx_word' id='word_1_350' title='bbox 313 4213 399 4274; x_wconf 90' lang='lat' dir='ltr'><strong>bere</strong></span> <span class='ocrx_word' id='word_1_351' title='bbox 420 4213 534 4293; x_wconf 84' lang='lat' dir='ltr'><strong>prima</strong></span> <span class='ocrx_word' id='word_1_352' title='bbox 555 4214 620 4275; x_wconf 90' lang='lat' dir='ltr'><strong>che</strong></span> <span class='ocrx_word' id='word_1_353' title='bbox 635 4212 669 4274; x_wconf 89' lang='lat' dir='ltr'><strong>io</strong></span> <span class='ocrx_word' id='word_1_354' title='bbox 683 4212 736 4275; x_wconf 92' lang='lat' dir='ltr'><strong>sia</strong></span> <span class='ocrx_word' id='word_1_355' title='bbox 750 4212 852 4275; x_wconf 88' lang='lat' dir='ltr'><strong>fuora</strong></span> <span class='ocrx_word' id='word_1_356' title='bbox 875 4212 910 4275; x_wconf 91' lang='lat' dir='ltr'><strong>di</strong></span> <span class='ocrx_word' id='word_1_357' title='bbox 927 4222 1053 4294; x_wconf 90' lang='lat' dir='ltr'><strong>questa</strong></span> <span class='ocrx_word' id='word_1_358' title='bbox 1067 4212 1279 4293; x_wconf 81' lang='lat' dir='ltr'><strong>Alemagna,</strong></span> <span class='ocrx_word' id='word_1_359' title='bbox 1305 4211 1423 4274; x_wconf 88' lang='lat' dir='ltr'><strong>donde</strong></span> <span class='ocrx_word' id='word_1_360' title='bbox 1439 4212 1597 4274; x_wconf 81' lang='lat' dir='ltr'><strong>scriverb</strong></span> 
     </span>
     <span class='ocr_line' id='line_1_36' title="bbox 313 4316 1598 4401; baseline 0 -21"><span class='ocrx_word' id='word_1_361' title='bbox 313 4338 397 4381; x_wconf 86' lang='lat' dir='ltr'><strong>cose</strong></span> <span class='ocrx_word' id='word_1_362' title='bbox 428 4321 493 4382; x_wconf 88' lang='lat' dir='ltr'><strong>che</strong></span> <span class='ocrx_word' id='word_1_363' title='bbox 518 4320 587 4382; x_wconf 86' lang='lat' dir='ltr'><strong>mai</strong></span> <span class='ocrx_word' id='word_1_364' title='bbox 610 4321 716 4382; x_wconf 91' lang='lat' dir='ltr'><strong>homo</strong></span> <span class='ocrx_word' id='word_1_365' title='bbox 741 4319 770 4381; x_wconf 91' lang='lat' dir='ltr'><strong>si</strong></span> <span class='ocrx_word' id='word_1_366' title='bbox 794 4321 971 4401; x_wconf 85' lang='lat' dir='ltr'><strong>potrebbe</strong></span> <span class='ocrx_word' id='word_1_367' title='bbox 995 4339 1126 4400; x_wconf 90' lang='lat' dir='ltr'><strong>pensar</strong></span> <span class='ocrx_word' id='word_1_368' title='bbox 1150 4319 1216 4380; x_wconf 83' lang='lat' dir='ltr'><strong>che</strong></span> <span class='ocrx_word' id='word_1_369' title='bbox 1232 4316 1305 4381; x_wconf 89' lang='lat' dir='ltr'><strong>cosi</strong></span> <span class='ocrx_word' id='word_1_370' title='bbox 1321 4318 1461 4382; x_wconf 78' lang='lat' dir='ltr'><strong>iussero</strong></span> <span class='ocrx_word' id='word_1_371' title='bbox 1478 4329 1513 4381; x_wconf 91' lang='lat' dir='ltr'><strong>et</strong></span> <span class='ocrx_word' id='word_1_372' title='bbox 1530 4338 1598 4400; x_wconf 91' lang='lat' dir='ltr'><strong>pur</strong></span> 
     </span>
     <span class='ocr_line' id='line_1_37' title="bbox 313 4424 1597 4508; baseline 0.001 -22"><span class='ocrx_word' id='word_1_373' title='bbox 313 4446 414 4497; x_wconf 85' lang='lat' dir='ltr'><strong>sono;</strong></span> <span class='ocrx_word' id='word_1_374' title='bbox 439 4447 496 4489; x_wconf 89' lang='lat' dir='ltr'><strong>ma</strong></span> <span class='ocrx_word' id='word_1_375' title='bbox 512 4427 668 4489; x_wconf 87' lang='lat' dir='ltr'><strong>scrivere</strong></span> <span class='ocrx_word' id='word_1_376' title='bbox 691 4427 736 4489; x_wconf 91' lang='lat' dir='ltr'><strong>de</strong></span> <span class='ocrx_word' id='word_1_377' title='bbox 760 4424 819 4508; x_wconf 89' lang='lat' dir='ltr'><strong>qul</strong></span> <span class='ocrx_word' id='word_1_378' title='bbox 845 4425 1051 4507; x_wconf 76' lang='lat' dir='ltr'><strong>epericoIO,</strong></span> <span class='ocrx_word' id='word_1_379' title='bbox 1077 4425 1121 4488; x_wconf 74' lang='lat' dir='ltr'><strong>ne</strong></span> <span class='ocrx_word' id='word_1_380' title='bbox 1142 4426 1230 4507; x_wconf 78' lang='lat' dir='ltr'><strong>pero</strong></span> <span class='ocrx_word' id='word_1_381' title='bbox 1251 4445 1313 4506; x_wconf 85' lang='lat' dir='ltr'><strong>per</strong></span> <span class='ocrx_word' id='word_1_382' title='bbox 1335 4425 1359 4487; x_wconf 93' lang='lat' dir='ltr'><strong>il</strong></span> <span class='ocrx_word' id='word_1_383' title='bbox 1376 4426 1446 4488; x_wconf 93' lang='lat' dir='ltr'><strong>mio</strong></span> <span class='ocrx_word' id='word_1_384' title='bbox 1463 4424 1597 4488; x_wconf 89' lang='lat' dir='ltr'><strong>scriver</strong></span> 
     </span>
     <span class='ocr_line' id='line_1_38' title="bbox 313 4531 1596 4616; baseline -0.001 -21"><span class='ocrx_word' id='word_1_385' title='bbox 313 4532 340 4595; x_wconf 85' lang='lat' dir='ltr'><strong>si</strong></span> <span class='ocrx_word' id='word_1_386' title='bbox 366 4536 543 4616; x_wconf 87' lang='lat' dir='ltr'><strong>potrebbe</strong></span> <span class='ocrx_word' id='word_1_387' title='bbox 573 4533 629 4596; x_wconf 87' lang='lat' dir='ltr'><strong>far</strong></span> <span class='ocrx_word' id='word_1_388' title='bbox 660 4536 750 4596; x_wconf 88' lang='lat' dir='ltr'><strong>altro</strong></span> <span class='ocrx_word' id='word_1_389' title='bbox 785 4535 829 4597; x_wconf 90' lang='lat' dir='ltr'><strong>de</strong></span> <span class='ocrx_word' id='word_1_390' title='bbox 861 4536 896 4596; x_wconf 94' lang='lat' dir='ltr'><strong>lo</strong></span> <span class='ocrx_word' id='word_1_391' title='bbox 931 4533 996 4595; x_wconf 90' lang='lat' dir='ltr'><strong>che</strong></span> <span class='ocrx_word' id='word_1_392' title='bbox 1028 4533 1058 4595; x_wconf 89' lang='lat' dir='ltr'><strong>si</strong></span> <span class='ocrx_word' id='word_1_393' title='bbox 1082 4533 1136 4611; x_wconf 84' lang='lat' dir='ltr'><strong>fa,</strong></span> <span class='ocrx_word' id='word_1_394' title='bbox 1170 4533 1228 4593; x_wconf 92' lang='lat' dir='ltr'><strong>del</strong></span> <span class='ocrx_word' id='word_1_395' title='bbox 1253 4533 1319 4594; x_wconf 91' lang='lat' dir='ltr'><strong>che</strong></span> <span class='ocrx_word' id='word_1_396' title='bbox 1344 4532 1390 4594; x_wconf 92' lang='lat' dir='ltr'><strong>mi</strong></span> <span class='ocrx_word' id='word_1_397' title='bbox 1413 4550 1549 4613; x_wconf 87' lang='lat' dir='ltr'><strong>creppa</strong></span> <span class='ocrx_word' id='word_1_398' title='bbox 1572 4531 1596 4594; x_wconf 94' lang='lat' dir='ltr'><strong>il</strong></span> 
     </span>
     <span class='ocr_line' id='line_1_39' title="bbox 313 4637 1595 4717; baseline -0.002 -15"><span class='ocrx_word' id='word_1_399' title='bbox 313 4661 395 4703; x_wconf 87' lang='lat' dir='ltr'><strong>core</strong></span> <span class='ocrx_word' id='word_1_400' title='bbox 420 4640 680 4703; x_wconf 87' lang='lat' dir='ltr'><strong>considerando</strong></span> <span class='ocrx_word' id='word_1_401' title='bbox 705 4642 771 4703; x_wconf 91' lang='lat' dir='ltr'><strong>che</strong></span> <span class='ocrx_word' id='word_1_402' title='bbox 796 4641 907 4703; x_wconf 91' lang='lat' dir='ltr'><strong>siamo</strong></span> <span class='ocrx_word' id='word_1_403' title='bbox 932 4637 1005 4702; x_wconf 88' lang='lat' dir='ltr'><strong>cosi</strong></span> <span class='ocrx_word' id='word_1_404' title='bbox 1030 4638 1165 4701; x_wconf 84' lang='lat' dir='ltr'><strong>trattati</strong></span> <span class='ocrx_word' id='word_1_405' title='bbox 1190 4659 1261 4700; x_wconf 94' lang='lat' dir='ltr'><strong>non</strong></span> <span class='ocrx_word' id='word_1_406' title='bbox 1287 4639 1346 4701; x_wconf 87' lang='lat' dir='ltr'><strong>noi</strong></span> <span class='ocrx_word' id='word_1_407' title='bbox 1371 4659 1428 4701; x_wconf 85' lang='lat' dir='ltr'><strong>ma</strong></span> <span class='ocrx_word' id='word_1_408' title='bbox 1452 4637 1537 4717; x_wconf 92' lang='lat' dir='ltr'><strong>Dio,</strong></span> <span class='ocrx_word' id='word_1_409' title='bbox 1562 4639 1595 4700; x_wconf 84' lang='lat' dir='ltr'><strong>la</strong></span> 
     </span>
     <span class='ocr_line' id='line_1_40' title="bbox 312 4744 1596 4829; baseline 0 -21"><span class='ocrx_word' id='word_1_410' title='bbox 312 4748 394 4809; x_wconf 79' lang='lat' dir='ltr'><strong>fede</strong></span> <span class='ocrx_word' id='word_1_411' title='bbox 427 4758 462 4810; x_wconf 92' lang='lat' dir='ltr'><strong>et</strong></span> <span class='ocrx_word' id='word_1_412' title='bbox 486 4747 509 4809; x_wconf 90' lang='lat' dir='ltr'><strong>il</strong></span> <span class='ocrx_word' id='word_1_413' title='bbox 527 4745 747 4812; x_wconf 84' lang='lat' dir='ltr'><strong>Santissimo.</strong></span> <span class='ocrx_word' id='word_1_414' title='bbox 784 4748 860 4810; x_wconf 91' lang='lat' dir='ltr'><strong>Ben</strong></span> <span class='ocrx_word' id='word_1_415' title='bbox 885 4746 1047 4829; x_wconf 87' lang='lat' dir='ltr'><strong>supplico</strong></span> <span class='ocrx_word' id='word_1_416' title='bbox 1067 4745 1110 4807; x_wconf 90' lang='lat' dir='ltr'><strong>V.</strong></span> <span class='ocrx_word' id='word_1_417' title='bbox 1129 4744 1166 4808; x_wconf 86' lang='lat' dir='ltr'><strong>S.</strong></span> <span class='ocrx_word' id='word_1_418' title='bbox 1191 4746 1267 4809; x_wconf 56' lang='grc' dir='ltr'><strong>ΚΜ</strong></span> <span class='ocrx_word' id='word_1_419' title='bbox 1291 4747 1357 4808; x_wconf 91' lang='lat' dir='ltr'><strong>che</strong></span> <span class='ocrx_word' id='word_1_420' title='bbox 1381 4744 1506 4827; x_wconf 79' lang='lat' dir='ltr'><strong>tenglti</strong></span> <span class='ocrx_word' id='word_1_421' title='bbox 1531 4765 1596 4827; x_wconf 87' lang='lat' dir='ltr'><strong>per</strong></span> 
     </span>
     <span class='ocr_line' id='line_1_41' title="bbox 313 4852 1596 4934; baseline -0.001 -19"><span class='ocrx_word' id='word_1_422' title='bbox 313 4863 410 4915; x_wconf 88' lang='lat' dir='ltr'><strong>certo</strong></span> <span class='ocrx_word' id='word_1_423' title='bbox 441 4853 463 4915; x_wconf 91' lang='lat' dir='ltr'><strong>l&#39;</strong></span> <span class='ocrx_word' id='word_1_424' title='bbox 481 4853 605 4917; x_wconf 86' lang='lat' dir='ltr'><strong>ordine</strong></span> <span class='ocrx_word' id='word_1_425' title='bbox 636 4855 730 4918; x_wconf 90' lang='lat' dir='ltr'><strong>delle</strong></span> <span class='ocrx_word' id='word_1_426' title='bbox 763 4874 846 4917; x_wconf 90' lang='lat' dir='ltr'><strong>cose</strong></span> <span class='ocrx_word' id='word_1_427' title='bbox 878 4873 976 4917; x_wconf 89' lang='lat' dir='ltr'><strong>esser</strong></span> <span class='ocrx_word' id='word_1_428' title='bbox 1008 4873 1107 4915; x_wconf 92' lang='lat' dir='ltr'><strong>come</strong></span> <span class='ocrx_word' id='word_1_429' title='bbox 1140 4852 1175 4915; x_wconf 92' lang='lat' dir='ltr'><strong>di</strong></span> <span class='ocrx_word' id='word_1_430' title='bbox 1207 4873 1315 4934; x_wconf 90' lang='lat' dir='ltr'><strong>sopra</strong></span> <span class='ocrx_word' id='word_1_431' title='bbox 1341 4852 1361 4914; x_wconf 77' lang='lat' dir='ltr'><strong>e</strong></span> <span class='ocrx_word' id='word_1_432' title='bbox 1384 4852 1523 4925; x_wconf 89' lang='lat' dir='ltr'><strong>scritto;</strong></span> <span class='ocrx_word' id='word_1_433' title='bbox 1560 4864 1596 4914; x_wconf 90' lang='lat' dir='ltr'><strong>et</strong></span> 
     </span>
    </p>
   </div>
   <div class='ocr_carea' id='block_1_5' title="bbox 0 0 1784 5734">
    <p class='ocr_par' dir='ltr' id='par_1_7' title="bbox 0 0 1784 5734">
     <span class='ocr_line' id='line_1_42' title="bbox 0 0 1784 5734; baseline 0 2"><span class='ocrx_word' id='word_1_434' title='bbox 0 0 1784 5734; x_wconf 95' lang='lat' dir='ltr'><strong> </strong></span> 
     </span>
    </p>
   </div>
  </div>
 </body>
</html>
