3559 5734
801 581 1047 639 0351ss&

286 731 336 794 rei
361 732 605 812 perpendere,
638 731 682 792 de
717 751 781 792 suo
814 739 849 792 et
880 729 994 791 tocius
1026 726 1300 790 Christianitatis
1328 726 1502 790 beneficio
1528 734 1566 787 et

288 837 407 920 quiete
420 838 490 920 agi,
515 837 543 899 si
560 837 616 898 his
633 835 813 899 erroribus
829 835 910 898 finis
926 835 1058 916 imponi
1074 834 1202 916 possit:
1221 834 1354 897 hortari
1371 843 1565 915 propterea

287 944 367 1008 illos
398 944 537 1026 imperii
568 943 749 1026 principes
784 954 822 1006 ut
853 963 926 1006 rem
959 942 1056 1005 cordi
1089 944 1244 1005 habeant
1272 961 1376 1023 quam
1407 939 1563 1021 alioquin

285 1050 395 1113 ceteri
419 1050 604 1133 negligere
629 1071 699 1113 non
722 1059 908 1132 poterunt;
940 1050 1036 1130 quod
1064 1048 1178 1130 ipsum
1202 1067 1267 1129 per
1292 1046 1477 1110 Caesarem
1508 1068 1565 1109 co·

284 1158 375 1220 mitti
399 1168 521 1240 posset
544 1156 620 1220 fieri
652 1168 686 1219 et
718 1158 880 1239 partibus
904 1156 1072 1219 Flandrie
1105 1164 1143 1217 ut
1179 1163 1214 1217 et
1244 1155 1351 1218 ilhinc
1384 1154 1567 1217 mittantur

286 1264 345 1346 qui
371 1264 447 1347 pari
474 1274 558 1326 voto
583 1285 657 1326 rem
675 1263 853 1326 adiuvent.
893 1263 951 1325 Ad
969 1265 1045 1342 hoc,
1064 1282 1172 1344 opere
1189 1262 1348 1344 precium
1373 1261 1568 1324 arbitrarer

286 1392 364 1434 esse
395 1372 490 1452 quod
527 1372 704 1435 Caesarea
735 1371 905 1434 Maiestas
936 1379 1056 1451 preter
1090 1370 1226 1432 litteras
1257 1371 1444 1450 generales
1476 1389 1566 1449 quas

286 1478 458 1541 emissura
481 1489 552 1559 est,
585 1491 644 1541 aut
668 1477 737 1541 iam
763 1487 965 1560 opportune
990 1476 1113 1556 emisit,
1138 1478 1309 1558 quasdam
1333 1486 1498 1557 preterea
1530 1486 1568 1537 et

285 1587 351 1647 has
384 1584 526 1667 quidem
558 1586 722 1666 proprias
747 1594 782 1647 et
813 1583 1078 1647 efficacissimas
1108 1583 1281 1646 scriberet
1311 1583 1355 1646 ad
1385 1583 1568 1664 principes

285 1691 425 1774 imperii
457 1694 689 1774 temporale8‚
723 1692 768 1755 ad
802 1691 964 1754 civitates
994 1691 1077 1753 item
1101 1690 1314 1772 imperialeS,
1341 1691 1566 1753 admonendo

287 1800 449 1879 eosdem,
474 1798 564 1861 sicut
589 1819 652 1862 sue
675 1797 857 1861 Maiestati
881 1798 1032 1880 negocio
1058 1796 1248 1860 convenire
1273 1797 1468 1859 videretur:
1500 1799 1568 1858 hec

287 1916 404 1969 autem
437 1905 554 1969 omnia
593 1904 622 1968 si
661 1904 816 1987 alioquin
856 1914 1018 1987 prestare
1052 1904 1239 1966 videantur
1269 1924 1354 1966 cura
1387 1924 1496 1986 opera
1530 1915 1568 1966 et

287 2013 473 2094 diligentia
496 2022 615 2075 vestre
640 2010 868 2074 beatitudinis
894 2011 1114 2074 conficienda
1139 2031 1217 2074 esse
1242 2032 1382 2074 censeo.

378 2117 450 2181 Sed
499 2139 591 2200 pene
630 2117 925 2200 pretermisissem
968 2119 1065 2199 quod
1106 2117 1247 2180 minime
1291 2120 1568 2199 pretereundum

287 2226 430 2290 fuisset:
456 2226 569 2289 videri
593 2225 676 2289 mihi
701 2247 772 2288 non
797 2228 862 2289 abs
886 2246 924 2289 re
956 2246 1051 2307 esse,
1083 2225 1188 2288 immo
1221 2225 1374 2288 maxime
1407 2247 1568 2288 necessa-

288 2333 376 2395 rium
401 2334 496 2415 quod
520 2342 641 2395 vestra
657 2332 861 2414 Beatitudo,
886 2333 1088 2415 quempiam
1103 2334 1262 2414 legatum
1279 2353 1298 2395 e
1315 2335 1427 2396 latere
1443 2334 1568 2396 eodem

288 2440 403 2503 mittat
418 2440 585 2502 idoneum
604 2439 822 2522 aptissimum
838 2459 880 2502 ac
896 2460 1012 2502 rerum
1029 2441 1292 2503 tractandarum
1308 2440 1570 2522 peritissimum,

289 2546 345 2609 cui
382 2566 498 2628 neque
523 2555 684 2629 potestas
708 2546 924 2628 amplissima
954 2545 1047 2608 desit
1081 2546 1110 2608 si
1139 2545 1232 2609 forte
1264 2547 1445 2631 quidpiam
1476 2559 1572 2610 esset

290 2655 385 2735 quod
411 2652 506 2716 illam
539 2655 746 2734 postularet,
778 2673 844 2716 nec
869 2655 916 2715 ab
945 2673 988 2716 eo
1016 2654 1189 2716 mittendo
1217 2673 1255 2717 se
1279 2653 1459 2717 contineat
1489 2654 1574 2735 quia

290 2760 349 2841 qui
374 2769 480 2823 antea
502 2760 599 2823 missi
623 2768 704 2822 sunt
727 2758 880 2822 fructum
905 2759 1032 2822 afferre
1057 2759 1282 2841 nequiverint
1314 2770 1350 2823 et
1380 2763 1494 2842 magis
1521 2763 1570 2824 lu-

290 2864 406 2929 dibrio
430 2865 542 2927 habiti
575 2876 656 2928 sunt
689 2886 794 2947 quam
827 2869 922 2949 quod
953 2869 1025 2930 ulla
1057 2867 1215 2951 ipsorum
1247 2867 1337 2929 ratio
1370 2869 1570 2930 duceretur.

290 2972 428 3035 Etenim
460 2992 528 3054 ego
561 2972 772 3036 crediderim
806 2975 903 3056 quod
931 2995 1002 3038 non
1038 2975 1162 3037 eadem
1198 2973 1289 3036 ratio
1320 2973 1365 3036 sit
1395 2975 1572 3055 presentis

291 3099 396 3160 quarn
421 3079 582 3177 preteriti
606 3081 776 3163 temporis
791 3081 868 3163 fuit,
892 3082 1179 3163 quandoquidem
1203 3100 1306 3143 nemo
1323 3091 1407 3143 tunc
1430 3102 1571 3163 persua·

291 3185 367 3248 deri
405 3186 517 3249 voluit
549 3187 666 3249 labem
702 3189 793 3251 hanc
829 3190 925 3270 quod
960 3188 1046 3251 fecit
1080 3197 1207 3270 postea
1239 3186 1425 3249 incomode
1459 3186 1570 3250 fuisse

290 3293 496 3375 parituram.
543 3293 621 3373 Jam
645 3305 762 3358 autem
787 3316 892 3359 nemo
919 3317 994 3370 ¹non
1025 3296 1124 3359 videt
1155 3295 1282 3377 quibus
1313 3293 1574 3357 calamitatibus

292 3400 473 3463 subiectus
499 3400 606 3463 luerit
629 3410 664 3464 et
687 3403 801 3485 magis
826 3424 905 3468 esse
928 3403 1041 3486 possit
1064 3402 1132 3466 nisi
1153 3401 1270 3465 omnia
1286 3402 1574 3483 redintegrentur

292 3517 331 3570 ut
355 3516 488 3570 certum
513 3507 558 3569 sit
581 3508 754 3572 rationem
779 3510 892 3591 ipsam
917 3531 987 3574 non
1012 3531 1090 3574 esse
1115 3508 1352 3573 necessariam
1376 3508 1410 3569 in
1430 3528 1572 3589 persua-

293 3613 419 3676 dendis
442 3613 511 3676 illis
535 3634 624 3695 quos
644 3616 723 3696 ipsa
745 3637 863 3679 rerum
878 3617 1101 3700 experientia
1124 3616 1209 3680 satis
1233 3635 1411 3697 superque
1443 3615 1573 3695 docuit,

293 3720 444 3804 proinde
468 3722 624 3803 legatum
649 3742 718 3784 non
743 3722 919 3787 incassum
943 3723 1070 3786 iturum
1095 3723 1293 3806 putaverim
1318 3720 1374 3784 cui
1399 3721 1503 3784 etiam
1528 3724 1573 3785 de

293 3827 429 3890 itineris
454 3828 643 3891 securitate
669 3828 863 3892 timendum
891 3850 962 3893 non
996 3831 1081 3911 erit,
1120 3850 1226 3912 quum
1261 3828 1487 3911 profecturus
1520 3839 1574 3891 est

293 3955 359 4018 per
382 3936 461 3997 loca
484 3935 696 3998 serenissimi
721 3936 893 4019 principis
916 3958 1028 4020 usque
1052 3957 1166 4019 prope
1190 3938 1390 4019 Augustam
1414 3956 1479 4018 per
1503 3936 1573 3999 die-

293 4051 380 4120 tam,
406 4052 441 4104 et
463 4044 557 4105 bene
580 4043 693 4124 possit
716 4044 897 4126 provideri
921 4045 1016 4126 quod
1041 4055 1077 4108 et
1099 4044 1272 4107 tutissime
1297 4044 1349 4107 ire
1373 4052 1410 4106 et
1431 4043 1572 4106 honori-

293 4147 519 4211 ficentissime
544 4149 660 4230 excipi
677 4150 804 4231 possit;
829 4152 893 4214 sed
916 4159 1038 4233 preter
1052 4153 1210 4234 legatum
1227 4151 1403 4213 conducet
1419 4149 1572 4212 maxime

295 4257 391 4337 quod
414 4255 605 4319 Beatitudo
630 4255 679 4318 V*
703 4256 828 4320 litteris
852 4257 924 4321 suis
947 4259 1108 4321 hortetur
1132 4267 1204 4320 tam
1228 4255 1409 4340 principes
1435 4256 1575 4338 imperii

297 4383 401 4446 quam
426 4362 531 4426 etiam
550 4363 771 4427 comissarios
786 4363 927 4429 Cesaris
951 4365 1041 4428 sicut
1064 4365 1143 4447 ipsa
1166 4365 1362 4447 prudenter
1385 4372 1422 4427 et
1445 4383 1574 4445 oppor-

296 4481 379 4534 tune
410 4470 549 4533 noverit
578 4491 656 4534 esse
688 4473 931 4535 adhortandos
962 4483 1034 4535 tam
1064 4492 1130 4554 pro
1162 4474 1239 4534 zelo
1268 4470 1353 4533 fidei
1384 4469 1576 4532 christiane

296 4598 402 4659 quam
433 4578 538 4640 etiam
558 4586 651 4641 statu
676 4589 711 4641 et
726 4581 861 4641 honore
878 4579 1119 4642 ecclesiastice
1134 4577 1319 4660 dignitatis
1336 4575 1575 4639 defendendo.

385 4685 587 4748 Proderunt
615 4685 682 4747 ista
716 4685 858 4748 comitia
887 4696 927 4748 ut
958 4686 1113 4748 arbitror
1142 4685 1292 4766 primum
1323 4691 1362 4745 ut
1386 4682 1505 4763 aliqua
1529 4702 1576 4744 ex

295 4801 399 4873 parte
424 4792 560 4854 heresis
584 4793 650 4855 hec
675 4792 834 4873 sopiatur
857 4795 951 4854 unde
976 4799 1029 4855 tot
1043 4791 1168 4873 rapine
1183 4789 1402 4852 vastationes
1417 4791 1575 4852 locorum

297 4899 404 4961 cedes
419 4899 583 4961 incendia
606 4909 659 4961 tot
683 4898 835 4981 denique
858 4898 995 4983 flagitia
1019 4906 1269 4981 processerunt
1297 4906 1333 4959 et
1357 4916 1462 4978 quum
1486 4897 1576 4958 ordo
