3559 5734
683 562 930 633 ratleo-³

257 715 374 807 Quum
404 715 647 787 sanctissimus
669 722 705 786 in
730 722 870 787 Christo
902 724 1011 787 Pater
1042 730 1078 787 et
1112 714 1284 787 Dominus
1316 700 1448 786 Noster

166 832 210 895 D.
227 832 301 896 Leo
321 832 441 896 divina
465 831 691 914 providentia
706 831 808 914 Papa
822 831 979 894 decimus
994 851 1059 913 per
1075 830 1267 913 specialem
1281 830 1447 895 nuncium

168 951 203 1003 et
228 950 407 1004 oratorem
433 960 497 1002 nos
521 939 696 1002 monuerit
720 948 756 1001 et
779 938 979 1020 requisierit
996 948 1171 1019 quatenus
1193 938 1296 1003 vobis
1319 947 1355 1002 et
1379 939 1448 1001 cui-

167 1048 255 1110 libet
267 1058 424 1111 vestrum
436 1047 715 1129 publicationem
729 1047 948 1128 quarundam
962 1045 1157 1109 litterarum
1174 1046 1449 1127 apostolicarum

168 1177 189 1217 a
213 1153 378 1236 praefato
403 1152 497 1216 SS¹¹1⁰
529 1154 611 1219 Dno
643 1166 765 1217 nostro
798 1154 900 1235 Papa
933 1153 1073 1215 Romae
1104 1153 1199 1235 apud
1233 1150 1269 1217 S.
1303 1154 1448 1217 Petrum

168 1282 262 1325 anno
286 1260 545 1325 Incarnationis
569 1260 778 1324 Dominicae
807 1259 997 1347 Millesimo
1034 1259 1319 1342 quingentesimo
1351 1259 1448 1341 vige·

168 1367 268 1442 simo,
286 1367 578 1450 decimoseptimo
595 1367 774 1431 Calendas
789 1366 871 1446 Julii
888 1365 1121 1430 Pontificatus
1141 1366 1193 1429 sui
1210 1387 1304 1430 anno
1320 1377 1449 1430 octavo

168 1484 422 1555 emanatarum,
448 1495 634 1538 erroneam
658 1475 796 1557 piarum
822 1473 990 1537 mentium
1015 1484 1051 1537 et
1072 1475 1281 1556 simplicium
1299 1474 1448 1538 seducti·

167 1602 249 1645 vam
282 1592 317 1644 et
348 1583 595 1644 damnatarum
631 1583 819 1645 haeresum
859 1584 1000 1662 plenam
1032 1581 1229 1645 doctrinam
1269 1581 1450 1645 cuiusdam

167 1690 288 1751 fratris
312 1690 456 1752 Martini
482 1690 616 1752 Luther
642 1687 776 1751 ordinis
807 1687 956 1750 fratrum
990 1688 1242 1752 heremitarum
1268 1687 1303 1751 S.
1329 1690 1447 1769 Augu-

169 1796 252 1859 stini
269 1796 560 1859 concernentium
576 1795 892 1866 committeremus:
909 1794 983 1857 Nos
1000 1796 1184 1876 cupientes
1201 1816 1246 1858 ex
1263 1797 1452 1877 pastoralis

170 1902 281 1968 officii
305 1903 417 1967 nostri
442 1904 565 1966 debito
590 1904 635 1966 ad
660 1904 810 1965 salutem
844 1904 1064 1965 subditorum
1094 1912 1312 1981 nostrorum,
1345 1901 1451 1966 fidem

171 2032 328 2093 quoque,
363 2011 550 2091 unionem,
581 2032 707 2094 pacem
748 2021 783 2073 et
815 2010 1106 2092 tranquillitatem
1139 2009 1293 2073 Sanctae
1326 2009 1452 2073 Matris

170 2119 354 2181 Ecclesiae
378 2127 531 2181 mentem
557 2129 711 2181 nostram
738 2118 894 2195 dirigere
919 2128 954 2180 et
975 2117 1192 2199 apostolicis,
1217 2126 1256 2180 ut
1279 2129 1451 2197 tenemur,

170 2247 298 2308 parere
323 2225 516 2298 mandatis;
541 2225 673 2288 idcirco
693 2226 794 2289 vobis
819 2225 981 2287 omnibus
1006 2233 1042 2287 et
1065 2225 1214 2307 singulis
1238 2226 1453 2307 supradictis

171 2343 207 2395 et
231 2342 388 2395 vestrum
413 2332 558 2395 cuilibet
582 2332 616 2395 in
650 2332 798 2394 solidum
834 2331 1082 2394 committimus
1114 2343 1220 2414 atque
1252 2333 1287 2394 in
1320 2332 1452 2394 virtute

171 2448 318 2502 sanctae
343 2439 569 2502 obedientiae
595 2442 661 2502 sub
685 2439 843 2502 censuris
873 2440 999 2521 paenis
1031 2440 1066 2502 in
1092 2439 1196 2502 dictis
1220 2440 1346 2502 litteris
1370 2459 1452 2521 apo-

170 2547 305 2610 stolicis
340 2546 515 2608 contentis
540 2545 698 2609 districte
724 2545 988 2627 praecipientes
1022 2548 1248 2627 mandamus,
1278 2557 1453 2627 quatenus

171 2655 309 2716 litteras
334 2654 550 2735 apostolicas
573 2653 791 2731 huiusmodi,
825 2662 1012 2735 postquam
1047 2653 1129 2717 illae
1161 2654 1236 2717 sive
1261 2656 1452 2718 earundem

171 2768 299 2841 copiae
340 2759 567 2822 authenticae
606 2760 724 2842 sigillo
763 2759 919 2823 Praelati
958 2769 994 2821 et
1030 2761 1158 2823 notarii
1191 2763 1452 2843 subscriptione

171 2868 327 2930 munitae
352 2887 416 2949 per
440 2879 667 2948 nostrumque
692 2867 727 2929 in
753 2866 996 2947 spiritualibus
1020 2867 1189 2931 vicarium
1221 2869 1452 2951 subsignatae

171 2976 573 3059 vobis-praesentatae,
606 2994 648 3036 ac
683 2975 801 3037 omnia
833 2986 869 3036 et
900 2976 1042 3055 singula
1071 2975 1104 3036 in
1138 2976 1190 3037 eis
1221 2986 1389 3039 contenta
1418 2977 1452 3040 in

171 3081 343 3144 Ecclesiis
367 3081 495 3144 vestris
519 3102 638 3144 coram
662 3081 786 3163 populi
803 3080 1028 3144 multitudine
1045 3081 1140 3144 fideli
1157 3082 1452 3165 interpretatione

172 3189 320 3272 praevia
343 3188 533 3270 publicetis
554 3202 588 3251 et
604 3189 782 3268 intimetiS,
807 3208 1000 3271 omnesque
1025 3190 1207 3271 utriusque
1232 3210 1339 3252 sexus
1357 3189 1453 3253 Chri-

173 3295 345 3358 stifideles
370 3305 407 3357 ut
431 3295 557 3358 litteris
579 3296 668 3377 ipsis
691 3296 898 3377 apostolicis
923 3296 1124 3360 memoratis
1155 3296 1230 3359 sive
1258 3297 1385 3361 Bullae
1417 3299 1454 3361 in

174 3403 338 3467 omnibus
363 3412 399 3464 et
422 3402 570 3482 singulis
595 3402 753 3465 articulis
776 3401 873 3484 ipsos
899 3412 934 3466 et
958 3424 1080 3465 eorum
1097 3403 1290 3484 quemlibet
1314 3425 1452 3487 respec-

173 3511 246 3573 tive
270 3509 569 3572 concernentibus
584 3513 649 3572 sub
667 3510 824 3572 censuris
850 3521 884 3571 et
906 3510 1031 3592 paenis
1055 3511 1089 3574 in
1115 3511 1248 3574 eisdem
1273 3515 1454 3594 expressis

176 3627 328 3700 pareant
352 3627 388 3677 et
412 3617 583 3679 obediant
605 3616 750 3679 realiter
765 3638 842 3679 cum
860 3616 990 3680 effectu
1005 3619 1180 3682 moneatis
1204 3629 1239 3681 et
1255 3620 1453 3701 requiratis,

175 3745 264 3806 quos
288 3743 355 3786 nos
379 3722 485 3786 etiam
510 3732 545 3785 et
569 3743 689 3786 eorum
715 3724 910 3804 quemlibet
933 3734 1059 3787 tenore
1083 3726 1323 3807 praesentium
1341 3729 1452 3808 requi·

176 3833 284 3895 rimus
308 3841 344 3893 et
369 3852 551 3894 monemus
575 3831 610 3893 in
635 3843 803 3914 quantum
828 3832 905 3915 ipsi,
930 3833 979 3894 sic
1004 3832 1126 3895 moniti
1151 3841 1187 3895 et
1209 3834 1379 3916 requisiti,
1404 3837 1453 3898 ul·

177 3940 309 4002 tionem
334 3938 490 4001 divinam
522 3948 557 4000 et
589 3937 743 4001 Sanctae
770 3938 1000 4020 Apostolicae
1026 3937 1130 4002 Sedis
1160 3939 1452 4022 indignationem,

178 4068 312 4130 paenas
336 4067 478 4128 quoque
511 4058 545 4108 et
578 4066 746 4107 censuras
777 4046 811 4109 in
843 4047 939 4109 dicta
969 4048 1065 4108 bulla
1098 4057 1284 4111 contentas
1317 4049 1452 4113 evitare

174 4152 368 4224 voluerint:
394 4152 638 4215 Certificnntes
662 4155 805 4215 eosdem
830 4153 880 4214 sic
905 4152 1057 4216 monitos
1086 4165 1121 4216 et
1144 4155 1334 4236 requisitos
1357 4158 1453 4239 quod

174 4261 249 4324 Nos
272 4260 498 4325 nibilominus
530 4270 655 4324 contra
679 4263 832 4324 rebelles
856 4270 892 4322 et
915 4261 1178 4343 inobedientes,
1214 4264 1243 4326 si
1268 4265 1371 4327 nobis
1395 4267 1452 4327 de·
1532 4298 1537 4307 ·

175 4368 330 4432 nunciati
355 4367 497 4447 fuerint,
521 4368 621 4430 iuxta
645 4378 682 4430 et
697 4370 889 4431 secundum
911 4369 1027 4432 dictae
1043 4369 1168 4432 Bullae
1188 4370 1268 4450 vim,
1293 4370 1452 4452 formam,

175 4476 428 4539 continentiam
453 4485 488 4537 et
512 4486 671 4539 tenorem
696 4497 738 4538 ac
762 4478 850 4538 alias
874 4487 980 4557 prout
1004 4477 1049 4538 de
1066 4477 1142 4539 iure
1166 4478 1359 4558 poterimus
1375 4500 1452 4562 pro-

175 4584 302 4647 cedere
326 4583 546 4662 curabimus,
576 4583 733 4664 ipsorum
757 4582 998 4646 inobedientia
1028 4605 1090 4645 seu
1116 4584 1310 4648 rebellione
1335 4585 1369 4647 in
1394 4586 1452 4648 ali·

175 4711 246 4772 quo
278 4710 348 4753 nou
383 4692 557 4753 obstante.
614 4691 746 4754 Datum
779 4700 845 4753 etc.
883 4694 949 4752 sub
982 4690 1091 4754 nostri
1124 4691 1314 4755 vicariatus
1347 4692 1452 4774 sigilli

175 4797 416 4880 impressione.
