3559 5734
817 523 1065 579 043148820

301 671 425 752 gulare
456 667 657 749 affectione,
689 670 717 731 si
742 671 1014 732 concederanno
1039 677 1146 749 tutte,
1178 670 1310 752 purchc
1341 691 1408 733 con
1434 670 1583 732 honesti

301 776 330 840 si
353 796 476 859 possa;
502 786 538 839 et
562 776 621 839 noi
644 777 783 840 facemo
807 775 894 857 ogni
918 798 1001 841 cosa
1025 776 1125 840 accio
1149 780 1183 840 el
1202 777 1298 841 dicto
1314 778 1437 859 signor
1453 797 1581 858 cogno-

301 904 362 947 sca
386 891 519 966 quanto
543 885 657 947 anche
683 883 742 946 noi
766 882 1003 947 desideriamo
1028 884 1251 967 compiacere
1266 882 1341 948 Sua
1356 882 1409 947 St·
1433 894 1468 946 et
1489 904 1579 947 mon·

301 989 472 1073 signori]
495 1011 652 1053 vescovo
677 1011 741 1054 suo
766 991 802 1054 di
827 991 1102 1075 Brandeburgh.

389 1097 431 1160 Li
455 1097 543 1161 avisi
566 1097 687 1179 vostri,
712 1099 806 1161 ultra
830 1098 939 1179 quelli
964 1100 1058 1161 della
1075 1098 1321 1163 commissione
1336 1108 1469 1179 vostra,
1493 1118 1582 1161 sono

300 1204 383 1269 stati
407 1225 428 1267 a
452 1202 526 1269 Sua
549 1204 777 1269 Beatitudine
801 1205 1009 1288 gratissimi3
1041 1226 1080 1269 se
1108 1207 1253 1269 attende
1278 1208 1366 1269 hora
1395 1208 1429 1268 la
1452 1207 1583 1269 resolu-

301 1313 398 1376 tione
428 1312 474 1376 de
506 1311 637 1375 Cesare
669 1323 802 1376 venuto
837 1314 904 1375 che
935 1313 988 1375 sia
1019 1312 1119 1376 costa
1142 1312 1316 1393 Martino,
1350 1312 1479 1396 poiche
1509 1310 1583 1375 cosi

299 1423 418 1483 hanno
442 1422 564 1483 voluto
589 1439 702 1501 segua
725 1429 850 1482 contra
874 1419 959 1502 ogni
983 1423 1124 1499 volere,
1155 1430 1191 1482 et
1214 1420 1352 1502 piaccia
1375 1442 1397 1484 a
1421 1420 1491 1483 Dio
1516 1422 1583 1483 che

300 1526 353 1590 sia
376 1546 441 1609 per
464 1525 490 1589 il
513 1526 644 1609 meglio
669 1547 769 1591 come
787 1526 917 1591 Cesare
943 1538 977 1590 et
1001 1527 1025 1589 ti
1050 1527 1126 1590 suoi
1151 1527 1347 1591 affirmano.
1388 1528 1467 1591 Non
1488 1548 1582 1590 man·

300 1641 379 1697 cate
403 1633 439 1697 di
465 1632 654 1715 ringratiar
678 1633 714 1696 di
739 1634 907 1697 continuo
932 1635 978 1697 da
1002 1645 1104 1717 parte
1129 1632 1291 1699 (1188αἱ
1316 1644 1352 1696 et
1376 1635 1412 1697 di
1436 1644 1533 1698 tuoto
1558 1633 1582 1696 il

299 1761 401 1804 sacro
426 1739 587 1823 Collegio
612 1751 648 1804 et
672 1750 794 1805 nostra
817 1741 841 1804 il
866 1762 938 1806 τεν.
965 1743 1082 1804 Padre
1106 1741 1312 1805 confessore
1337 1752 1372 1805 et
1398 1741 1582 1806 ricordarli

300 1868 424 1930 spesso
453 1848 486 1910 el
514 1850 608 1911 bene
632 1868 781 1911 comune
805 1849 902 1911 della
927 1848 1041 1911 difesa
1065 1849 1265 1913 universale
1290 1849 1385 1911 della
1409 1848 1582 1930 religione

301 1954 494 2018 christiana
527 1946 562 2017 et
586 1956 700 2018 anche
725 1955 820 2017 dello
844 1954 995 2037 imperio
1020 1953 1251 2034 Germanic0,
1287 1957 1393 2037 quale
1416 1956 1582 2036 depende

300 2064 347 2125 da
370 2058 497 2144 quest'a
520 2060 632 2124 Santa
656 2059 770 2133 Sede3
796 2071 831 2123 et
854 2061 1063 2144 persuadasi
1089 2059 1162 2124 Sua
1187 2062 1371 2125 Paternita
1394 2064 1459 2126 che
1485 2062 1527 2125 N.
1544 2061 1582 2125 S.

300 2190 372 2233 non
396 2168 416 2232 e
440 2189 504 2251 per
529 2166 769 2231 dimenticarsi
800 2167 836 2231 di
859 2168 968 2250 quelli
992 2168 1041 2250 pii
1066 2168 1173 2231 officii
1207 2172 1273 2231 che
1297 2170 1335 2232 la
1359 2180 1394 2233 et
1418 2171 1581 2233 exhorta-

300 2277 371 2340 tela
403 2284 438 2338 et
462 2274 635 2356 stringete
665 2284 797 2355 quanto
828 2275 888 2356 piu
921 2297 959 2338 se
991 2275 1063 2357 pub
1088 2276 1133 2337 ad
1157 2296 1407 2357 perseverare,
1442 2275 1516 2340 cosi
1546 2276 1581 2340 in

300 2404 404 2447 nome
430 2382 465 2446 di
482 2380 556 2446 Sua
579 2382 807 2446 Beatitudine
831 2403 932 2446 come
957 2383 993 2444 di
1016 2393 1115 2446 tucta
1138 2384 1172 2446 la
1189 2383 1318 2448 Chiesa
1342 2395 1377 2448 et
1401 2395 1522 2448 nostro
1547 2396 1583 2448 et

301 2489 475 2554 offeritele
507 2491 541 2552 le
565 2488 700 2552 faculta
730 2488 766 2552 di
789 2499 916 2571 questa
940 2487 1073 2553 Sancta
1097 2489 1193 2553 Sede
1227 2499 1261 2553 et
1285 2501 1406 2556 nostre
1430 2491 1581 2574 particu-

300 2596 376 2660 lari.
417 2596 476 2659 Ad
500 2595 558 2658 voi
583 2617 627 2659 ne
651 2597 785 2659 aceade
810 2596 962 2679 replicar
979 2599 1069 2661 altro
1094 2597 1221 2679 poiche
1246 2598 1278 2661 ci
1302 2600 1432 2663 lassate
1456 2601 1536 2662 loco
1560 2620 1583 2662 a

302 2725 372 2768 non
397 2703 601 2767 desiderare
625 2703 686 2786 pii1
711 2706 804 2767 ultra
828 2703 863 2766 di
888 2706 1007 2787 quello
1032 2706 1098 2769 che
1122 2704 1195 2768 cosi
1220 2708 1488 2770 ardentemente
1502 2727 1581 2788 pro·

301 2822 433 2878 curate.
479 2811 525 2874 Et
547 2813 641 2874 bene
665 2813 794 2875 valete.
841 2811 1044 2876 Florentiae
1069 2812 1113 2875 V.
1139 2813 1227 2894 Apr.
1258 2833 1350 2892 ¹52¹·

917 3204 971 3269 bo.

416 3321 617 3402 Publical-io
644 3320 773 3401 Bullae
801 3324 926 3402 oontm
951 3321 1149 3402 bulherum
1177 3323 1277 3404 facta
1304 3322 1466 3405 Traiecti

664 3461 765 3533 (Acta
783 3458 1063 3519 wirmatlemla
1080 3458 1139 3519 fol
1157 3460 1214 3529 57.)

817 3560 853 3627 (5.
873 3561 962 3627 April.
985 3565 1069 3625 1521·)

390 3680 596 3742 Reinardus
620 3690 687 3741 etc.
738 3677 922 3741 Universis
954 3688 1000 3741 et·
1021 3677 1171 3758 singulis
1195 3677 1434 3742 Ecclesiarum
1458 3699 1577 3742 saecu·
1607 3715 1610 3718 ⁴

301 3788 426 3851 larium
476 3786 692 3868 regularium
743 3806 785 3848 ac
830 3783 1123 3848 monasteriorum
1165 3785 1337 3866 Prelatis,
1380 3785 1582 3866 abbatibus,

302 3892 538 3977 PraepositiS,
571 3892 744 3973 DecaniS,
786 3891 989 3973 Prioribus,
1029 3891 1265 3971 Guardianis,
1304 3892 1519 3956 Custodibus
1548 3904 1584 3956 et

299 4000 471 4064 Ministris
496 4019 797 4082 quorumcumque
820 3998 984 4062 ordinum
1009 3999 1116 4062 etiam
1134 3998 1419 4077 mendicantium,
1444 4020 1584 4063 necnon

302 4107 458 4172 Decanis
481 4106 611 4171 nostris
635 4106 810 4170 ruralibus
834 4128 875 4169 ac
897 4106 1171 4189 parochialibus,
1196 4106 1433 4169 Ecclesiarum
1451 4107 1583 4170 Recto·

301 4216 410 4295 ribuS,
435 4214 616 4294 Plebanis,
642 4213 907 4296 ViceplebaniS,
932 4213 1137 4293 Canonicis,
1162 4213 1376 4294 CapellaniS,
1401 4214 1584 4277 Altaristis

301 4321 522 4405 presbyteris
546 4342 587 4384 ac
612 4319 751 4383 clericis
775 4319 1055 4403 quibuscumque
1079 4319 1301 4384 beneficiatis
1325 4330 1361 4383 et
1383 4342 1451 4383 non
1476 4323 1581 4385 bene·

301 4428 428 4492 liciatis
452 4449 518 4510 per
541 4427 711 4491 diocesim
735 4437 892 4491 nostram
916 4428 1066 4491 ubilibet
1095 4427 1313 4507 constitutis,
1346 4428 1581 4509 omnibusque

303 4535 381 4599 aliis
405 4557 446 4599 ac
471 4535 621 4617 singulis
646 4535 691 4597 ad
708 4555 797 4617 quos
813 4544 1000 4615 presentes
1024 4544 1168 4598 nostrae
1185 4532 1325 4598 litterae
1342 4534 1583 4616 pervenerint,

304 4663 463 4727 quosque
496 4640 757 4724 infrascriptum
791 4641 908 4723 tangit
941 4641 1128 4723 negocium
1164 4663 1227 4706 seu
1267 4653 1417 4723 tangere
1450 4641 1584 4723 poterit

303 4747 571 4832 quomodolibet
594 4748 629 4810 in
661 4747 826 4825 futurum,
851 4750 1001 4810 salutem
1025 4748 1060 4810 in
1085 4748 1238 4811 Domino
1262 4760 1299 4810 et
1313 4748 1443 4811 nostris
1465 4747 1583 4812 huius·

302 4855 399 4922 modi
423 4856 492 4919 imo
516 4855 636 4919 verius
661 4855 872 4938 apostolicis
895 4854 1041 4918 firmiter
1065 4855 1212 4918 obedire
1237 4853 1422 4919 mandatis.
