3559 5734
818 536 1045 594 ›⁴39on

291 700 420 742 errare.
468 680 536 743 Hic
569 682 713 764 cogitet
742 683 995 747 illustrissimus
1020 685 1121 764 Dux,
1153 684 1220 745 iam
1251 692 1303 773 tot
1336 684 1504 764 saeculis,
1536 684 1572 746 in

290 788 417 869 quibus
441 798 511 850 tam
537 791 646 851 multa
671 799 706 851 et
730 793 820 854 adeo
845 794 1032 873 praeclara
1055 791 1200 873 ingenia
1224 790 1428 871 floruerunt,
1457 813 1573 874 neque

291 894 481 957 defuerunt
511 897 628 959 multis
662 898 769 960 animi
802 899 847 961 ad
880 899 1135 981 insurgendum
1169 908 1294 961 contra
1328 898 1574 981 Apostolicam

291 1001 437 1081 Sedem,
478 1015 513 1066 et
547 1004 774 1086 rejiciendum
807 1006 928 1089 iugum
960 1005 1187 1069 obedientiae
1218 1006 1428 1087 spiritualis,
1467 1026 1574 1087 quam

290 1110 465 1173 Romanis
490 1111 722 1177 Pontificibus
753 1112 1018 1196 praestiterunt.
1066 1113 1210 1196 Cogitet
1241 1112 1409 1199 (inquam)
1435 1124 1471 1175 et
1494 1132 1574 1194 per-

290 1219 442 1298 pendat,
476 1239 521 1280 an
547 1219 592 1282 sit
615 1221 806 1284 verisimile
831 1242 954 1285 omnes
979 1242 1117 1283 errasse
1141 1228 1177 1284 et
1201 1229 1300 1282 tanto
1326 1230 1487 1301 tempore
1511 1220 1574 1282 Ec-

291 1325 434 1388 clesiam
459 1347 481 1388 a
504 1325 638 1408 Spiritu
663 1326 796 1391 Sancto
821 1328 930 1391 fuisse
955 1329 1170 1407 destitutam,
1196 1340 1231 1389 et
1254 1327 1445 1391 Martinum
1470 1328 1574 1390 duos-

291 1453 359 1513 que
384 1441 445 1495 aut
468 1444 541 1496 tres
566 1436 641 1496 eius
665 1436 858 1518 complices
882 1436 977 1498 solos
1002 1444 1098 1497 recte
1118 1436 1259 1501 sentire.
1296 1435 1461 1517 Quinimo
1479 1436 1577 1497 dicat

292 1540 409 1620 potius
440 1543 514 1604 dux
545 1548 622 1605 cum
649 1543 762 1606 Beato
786 1543 967 1626 Cypriano
999 1563 1133 1629 paucos
1157 1544 1244 1606 istos
1267 1546 1313 1605 ab
1337 1542 1499 1605 Ecclesia
1522 1563 1575 1604 re-

292 1648 441 1712 cessisse
467 1661 501 1711 et
525 1650 653 1714 fecisse
677 1651 839 1732 schisma,
864 1672 935 1714 non
960 1661 1077 1714 autem
1103 1671 1168 1713 nos
1191 1652 1238 1712 ab
1255 1650 1339 1712 illis:
1372 1649 1418 1711 Et
1433 1659 1577 1730 repetat

293 1755 465 1818 subinde
490 1777 608 1819 secum
633 1758 719 1820 illud
745 1758 818 1821 divi
843 1758 1071 1840 Hieronymi:
1108 1758 1201 1838 Quid
1227 1757 1329 1820 nobis
1345 1777 1475 1820 novam
1492 1757 1575 1819 doc-

227 1846 231 1851 *
292 1861 419 1924 trinam
450 1862 578 1926 affers?
611 1873 693 1927 ante
727 1876 780 1928 tot
810 1868 954 1928 saecula
985 1867 1121 1947 absque
1151 1875 1212 1927 tua
1236 1864 1399 1927 doctrina
1423 1864 1577 1926 mundus

291 1968 358 2030 fuit
383 1969 617 2044 Christianus
642 1972 737 2034 illam
762 1993 873 2036 senex
898 1975 1029 2036 tenebo
1054 1972 1176 2051 fidem,
1202 1973 1235 2034 in
1262 1992 1332 2053 qua
1357 1991 1448 2052 puer
1472 1981 1577 2033 natus

292 2098 377 2139 sum.
425 2077 628 2142 Meminerit
658 2079 763 2143 etiam
788 2080 881 2144 illius
905 2079 1085 2143 horribilis
1109 2080 1194 2142 dicti
1218 2078 1292 2141 divi
1316 2077 1428 2159 patris
1452 2077 1576 2160 Augu·

293 2185 375 2247 stini
398 2182 434 2247 in
459 2185 551 2248 libro
576 2186 621 2249 de
644 2186 715 2250 fide
740 2187 938 2251 Catholica:
962 2186 1161 2250 firmissime
1189 2197 1288 2265 tene,
1314 2195 1350 2247 et
1374 2187 1578 2248 nullatenus

293 2292 434 2355 dubites
466 2314 605 2356 omnem
638 2295 854 2357 haereticum
884 2297 943 2358 vol
975 2294 1236 2357 schismaticum
1267 2312 1345 2354 cum
1370 2292 1514 2354 diabolo
1539 2302 1577 2353 et

292 2399 430 2480 angelis
461 2400 537 2463 eius
568 2402 703 2465 aeterni
734 2402 827 2483 ignis
862 2401 1026 2465 incendio
1060 2399 1360 2483 participandum;
1395 2398 1462 2461 nisi
1491 2410 1575 2460 ante

292 2507 398 2569 finem
430 2505 525 2570 vitae
549 2508 731 2571 Catholice
761 2508 868 2572 suerit
892 2509 1139 2591 incorporatus
1164 2516 1199 2570 et
1223 2508 1487 2588 redintegratus
1511 2505 1573 2568 Ec·

292 2615 433 2678 clesiae.
481 2615 526 2678 Et
555 2616 590 2679 in
616 2618 742 2679 eodem
774 2617 886 2679 libro:
935 2615 1040 2679 Omni
1063 2614 1196 2677 homini
1220 2616 1280 2695 qui
1304 2614 1486 2677 Ecclesiae
1511 2613 1575 2676 Ca-

293 2722 448 2785 tholicae
473 2743 543 2785 non
568 2733 667 2786 tenet
684 2724 866 2801 unitatem,
892 2744 1008 2804 neque
1023 2722 1220 2804 baptismus
1237 2743 1351 2803 neque
1369 2723 1577 2804 elemosyna

293 2830 474 2911 quaelibet
501 2831 656 2912 copiosa,
693 2852 808 2913 neque
841 2851 936 2893 mors
971 2852 1036 2912 pro
1072 2829 1213 2892 nomine
1247 2829 1375 2892 Christi
1409 2838 1577 2910 suscepta

294 2936 470 3020 proficere
494 2937 625 3019 poterit
649 2939 694 3000 ad
719 2940 878 3001 salutem.
926 2938 994 2999 Hic
1022 2936 1224 2999 consideret
1248 2937 1348 3015 Dux,
1382 2957 1426 2999 an
1459 2955 1576 3018 neque

294 3065 408 3126 nunc,
438 3066 553 3126 neque
578 3045 648 3108 iam
672 3045 766 3109 mille
791 3046 892 3108 annis
916 3044 1077 3107 Ecclesia
1103 3044 1286 3106 Catholica
1309 3044 1416 3106 luerit
1440 3043 1474 3105 in
1500 3052 1576 3105 toto

294 3155 397 3235 orbe,
423 3163 458 3214 et
483 3174 535 3233 ea,
560 3151 761 3215 novissimis
785 3153 1006 3235 temporibus
1031 3152 1065 3214 in
1090 3152 1166 3213 solo
1191 3150 1346 3213 Martino
1371 3150 1415 3213 sit
1440 3161 1575 3213 renata.

294 3260 325 3324 Ο
350 3260 496 3323 miseros
520 3260 629 3343 igitur
653 3282 718 3324 nos
741 3262 840 3341 alios,
874 3261 1020 3323 miseros
1045 3268 1167 3340 patres
1190 3267 1226 3321 et
1251 3259 1400 3340 majores
1425 3268 1575 3338 nostros

294 3369 441 3431 miseros
465 3369 619 3449 denique
643 3389 783 3448 omnes,
816 3368 876 3449 qui
901 3378 983 3450 post
1006 3365 1222 3449 quingentos
1246 3386 1358 3428 annos
1382 3364 1456 3427 nati
1480 3373 1575 3428 sunt:

293 3476 320 3539 si
346 3479 442 3539 nulla
465 3476 606 3538 interim
631 3475 814 3539 Catholica
839 3475 1000 3539 Ecclesia
1032 3475 1111 3547 fuit;
1145 3473 1228 3556 quin
1263 3473 1381 3554 potius
1416 3472 1575 3534 dicamus

295 3582 403 3646 fuisse
428 3603 568 3664 semper
589 3584 793 3647 Ecclesiam.
833 3584 993 3648 Christus
1018 3582 1111 3645 enim
1136 3579 1261 3659 oravit,
1286 3601 1330 3643 ne
1355 3600 1399 3643 ea
1422 3599 1576 3661 unquam

295 3689 477 3753 deficeret:
509 3691 573 3753 sed
604 3691 673 3753 iam
704 3692 893 3753 advenisse
925 3688 1134 3752 novissimos
1163 3688 1240 3751 dies
1264 3687 1298 3750 in
1324 3687 1452 3768 quibus
1475 3688 1575 3768 prae·¹

295 3798 424 3860 dictum
457 3808 512 3860 est
537 3808 741 3879 venturum,
775 3819 845 3861 non
869 3798 930 3879 qui
955 3818 1033 3860 eam
1058 3796 1216 3876 corrigat
1239 3795 1346 3876 (quod
1371 3795 1576 3875 Lutherani,

295 3904 438 3997 Martini
472 3925 583 3987 opera
612 3917 648 3967 et
678 3905 803 3987 spiritu
834 3904 918 3967 novi
942 3903 1103 3966 Danielis
1127 3902 1337 3985 praedicant
1360 3900 1577 3985 faciendum)

296 4013 358 4073 sed
384 4012 442 4093 qui
467 4033 544 4075 eam
569 4014 614 4074 ad
639 4013 780 4094 aliquod
806 4022 945 4093 tempus
966 4011 1112 4087 dividat,
1137 4021 1173 4074 et
1189 4012 1387 4077 subvertat:
1413 4009 1575 4072 antichri-

296 4130 370 4181 stus
393 4118 524 4199 utique,
549 4120 606 4200 qui
633 4122 748 4182 nullus
772 4119 862 4182 alius
886 4121 1027 4183 videtur
1051 4120 1139 4198 fore,
1165 4138 1270 4199 quam
1295 4117 1478 4179 Martinus.

385 4226 465 4290 Non
490 4247 636 4289 necesse
661 4236 715 4289 est
739 4248 878 4290 errores
902 4227 1005 4289 huius
1028 4226 1180 4288 hominis
1211 4244 1483 4303 connumerare,
1517 4224 1576 4304 qui

297 4337 405 4398 multo
436 4334 576 4415 plurimi
605 4343 641 4395 et
670 4334 811 4397 maximi
843 4320 938 4397 sunt:
973 4335 1164 4415 dicantque
1197 4333 1367 4396 Oratores
1398 4352 1467 4393 non
1500 4351 1577 4394 eam

297 4445 344 4504 ob
375 4462 516 4504 causam
545 4462 583 4504 se
607 4442 707 4521 illuc,
741 4464 763 4504 a
794 4442 925 4505 Cesare
959 4441 1101 4520 missOS‚
1135 4449 1172 4503 ut
1197 4438 1342 4501 Lutheri
1371 4450 1489 4501 errata
1521 4439 1578 4501 vel

298 4559 543 4631 percenseant,
568 4554 625 4612 vel
650 4549 847 4612 confutent:
882 4569 989 4630 quum
1014 4549 1120 4612 etiam
1145 4546 1254 4609 libros
1278 4546 1398 4628 ipsiuS,
1425 4568 1456 4625 a,
1482 4546 1578 4608 Sede

299 4657 509 4738 Apostolica
532 4659 718 4720 damnatos
742 4660 865 4740 legere
889 4666 951 4719 aut
974 4667 1123 4737 tangere
1148 4653 1250 4716 nefas
1267 4653 1321 4716 sit.
1359 4652 1432 4715 Sed
1448 4651 1579 4714 iudicet

300 4764 557 4826 lllustrissimus
580 4765 664 4826 Dux
689 4766 794 4845 quale
818 4764 863 4827 sit
886 4763 983 4843 illud,
1009 4760 1246 4825 combussisse
1271 4761 1416 4822 decreta
1433 4760 1578 4821 Patrum

299 4884 334 4936 et
358 4882 411 4934 tot
434 4883 634 4935 sanctorum
653 4872 762 4935 libros
780 4882 832 4934 tot
849 4870 998 4934 saeculis
1014 4871 1245 4952 approbatos,
1270 4868 1456 4930 damnasse
1472 4865 1578 4929 etiarn
