3559 5734
836 525 1066 583 0:373&

310 678 376 743 cile
401 699 422 742 a
445 680 582 758 sedare,
607 696 706 739 come
730 674 812 738 tutti
836 674 976 738 dicono.
1002 658 1031 737 E
1055 675 1207 753 diverso,
1233 674 1256 737 il
1279 673 1489 739 Cancellieri
1513 675 1593 740 dice

310 807 428 851 essere
459 784 679 868 impossibile
708 785 848 864 (saltem
879 785 1015 862 absque
1049 778 1215 865 concilio)
1248 791 1284 844 et
1314 783 1410 864 quod
1433 781 1509 846 fata
1532 785 1592 846 ob·

309 904 404 957 stant
437 904 473 955 et
502 901 628 975 questo
659 892 678 954 t
709 889 734 952 il
765 909 828 952 suo
860 888 1064 970 proverbio.
1112 888 1152 951 El
1185 888 1371 953 confessor
1403 889 1482 952 dice
1513 892 1593 952 chel

309 1003 401 1064 vede
429 999 489 1081 gia
519 997 621 1081 quasi
648 997 670 1060 l'
687 995 853 1059 incendio
878 1015 1024 1075 acceso,
1057 995 1083 1057 li
1107 995 1265 1077 Principi
1289 1016 1354 1078 par
1378 997 1445 1059 che
1469 997 1591 1059 dubbi-

309 1119 393 1170 tano
426 1106 537 1187 assai,
572 1105 596 1168 li
619 1104 754 1167 Prelati
787 1112 928 1165 temeno
960 1112 996 1163 et
1027 1122 1098 1165 non
1129 1102 1158 1164 si
1189 1111 1293 1165 trova
1322 1103 1380 1165 via
1404 1102 1440 1165 di
1465 1114 1593 1166 metter

308 1212 466 1277 timedio.
502 1211 594 1275 Anci
611 1210 719 1293 quelli
738 1208 932 1288 medesimi,
957 1211 1023 1270 che
1047 1216 1189 1271 temeno
1213 1209 1404 1291 disputano
1428 1210 1463 1272 in
1488 1209 1593 1275 favor

308 1320 344 1383 di
369 1319 512 1386 Luther.
559 1317 680 1381 Andai
710 1315 771 1399 poi
801 1337 823 1379 a
847 1312 1056 1379 Sedunense
1087 1316 1122 1378 in
1153 1317 1188 1378 la
1217 1316 1273 1378 cui
1307 1327 1429 1379 stanza
1452 1315 1491 1379 fu
1514 1317 1593 1379 heri

307 1448 388 1490 sero
412 1425 502 1489 fatto
528 1427 561 1487 el
585 1423 733 1488 consilio
757 1441 865 1504 sopra
889 1420 955 1487 cio.
980 1422 1023 1483 nd
1048 1421 1077 1484 si
1100 1424 1162 1503 pol
1183 1422 1488 1488 manifestamente
1505 1424 1592 1486 tirar

308 1537 354 1597 da
377 1536 454 1596 loro
479 1552 579 1595 come
603 1531 631 1593 si
657 1531 848 1603 conclude;
877 1538 997 1592 tamen
1019 1530 1066 1591 ho
1091 1548 1157 1610 per
1172 1532 1292 1593 buona
1306 1530 1366 1593 via
1380 1532 1446 1593 che
1461 1530 1591 1593 voleno

308 1642 374 1703 che
399 1640 427 1702 si
451 1639 673 1719 extinguano
697 1637 721 1700 li
745 1636 837 1718 libri,
868 1647 905 1699 et
929 1638 995 1699 che
1020 1638 1146 1699 eodem
1171 1640 1338 1701 mandato
1362 1638 1392 1699 si
1416 1638 1474 1701 citi
1500 1639 1591 1700 Mar·
1704 1640 1706 1649 '

307 1748 392 1829 tino,
416 1767 482 1828 per
505 1746 743 1828 interrogarlo
767 1743 797 1807 si
821 1745 867 1805 ha
891 1743 1014 1807 scritto
1038 1743 1101 1806 tali
1125 1744 1221 1825 libri,
1255 1755 1290 1808 et
1314 1765 1353 1807 se
1377 1745 1402 1808 li
1426 1746 1508 1807 vole
1533 1747 1591 1806 de·

307 1854 451 1934 fender,
485 1862 520 1917 et
553 1852 611 1915 nel
641 1861 737 1915 resto
766 1851 823 1914 far
854 1870 955 1914 come
985 1851 1020 1914 in
1052 1851 1120 1914 mie
1147 1853 1237 1915 altre
1260 1852 1338 1915 heri
1362 1852 1495 1915 scrissi:
1543 1851 1594 1914 Mi

308 1961 403 2024 disse
418 1961 595 2041 Tudense,
621 1959 675 2045 ehH'
692 1958 718 2021 il
741 1959 909 2022 mandato
925 1958 943 2022 ὲ
961 1978 1071 2021 ancor
1094 1960 1338 2022 tantummodo
1356 1959 1390 2021 in
1410 1960 1593 2036 Alemano,

308 2079 343 2130 et
374 2066 651 2131 demandandoli
683 2066 718 2129 io
752 2086 852 2129 come
884 2067 1037 2129 adunca·
1056 2068 1186 2129 havete
1218 2068 1418 2130 consultato
1443 2067 1477 2128 in
1502 2069 1593 2129 ello?

307 2176 412 2238 Disse
437 2177 503 2238 che
528 2196 567 2239 se
590 2174 742 2237 faceano
766 2173 822 2235 dir
847 2176 882 2235 la
906 2174 1083 2237 sententia
1106 2175 1152 2236 de
1177 2175 1335 2237 clausula
1359 2174 1395 2237 in
1424 2175 1592 2249 clausula,

309 2293 345 2346 et
368 2284 434 2345 che
458 2302 567 2364 sopra
590 2281 646 2344 cio
671 2280 938 2344 deliberavano.
974 2280 1019 2342 Et
1033 2282 1177 2344 tandem
1199 2282 1219 2344 l’
1230 2283 1350 2345 hanno
1366 2283 1451 2344 dato
1467 2292 1595 2363 questa

308 2410 412 2453 mane
444 2411 466 2453 a
490 2387 664 2472 Spieghel
694 2407 761 2470 per
788 2389 823 2450 lo
854 2386 911 2450 iar
935 2387 1045 2450 latino
1068 2397 1106 2451 et
1130 2388 1431 2469 comunicarcelo,
1464 2409 1503 2450 se
1527 2407 1595 2469 pur

307 2499 342 2560 lo
366 2496 528 2577 faraone,
553 2497 620 2559 che
644 2495 690 2557 mi
714 2493 874 2574 dubbit0,
900 2494 967 2557 che
990 2492 1104 2575 prima
1129 2496 1420 2558 concluderanno
1444 2498 1510 2558 che
1535 2496 1594 2559 noi

307 2604 485 2686 possiamo
510 2605 621 2666 veder
643 2604 743 2665 detto
768 2603 951 2664 mandato:
987 2600 1030 2663 El
1055 2601 1241 2665 confessor
1264 2622 1335 2665 non
1359 2602 1398 2665 fu
1416 2603 1594 2666 chiamato

208 2726 211 2733 ’
307 2734 328 2773 a
352 2720 478 2793 questa
508 2708 785 2790 consultatione,
810 2709 906 2790 quod
933 2717 988 2771 est
1011 2720 1135 2772 contra
1159 2709 1418 2774 ordinationem
1443 2709 1595 2791 Cesaris,

307 2829 343 2882 et
374 2839 429 2881 me
464 2817 638 2899 displace,
673 2836 717 2879 no
748 2816 797 2879 lui
830 2835 896 2897 par
928 2836 1026 2879 esser
1050 2816 1086 2878 di
1110 2815 1165 2879 cio
1191 2824 1370 2880 contento.
1418 2817 1460 2880 El
1484 2818 1594 2912 Iletto

307 2926 419 3009 hoggi
443 2925 490 2988 ad
514 2924 658 3006 meggio
684 2924 829 3004 giorn0,
862 2942 980 2986 venne
1005 2923 1073 3004 qul
1090 2924 1144 2986 ad
1168 2944 1244 3005 me,
1278 2934 1314 2987 et
1338 2924 1385 2987 mi
1410 2925 1504 2988 disse
1529 2926 1595 2987 che

307 3033 522 3112 advertisse,
559 3033 624 3094 che
659 3040 827 3113 questoro
860 3031 1124 3093 imbrattavano
1159 3032 1192 3094 el
1225 3030 1339 3113 foglio
1372 3031 1595 3094 intriccando

307 3161 376 3202 una
407 3160 491 3203 cosa
519 3158 585 3201 con
611 3137 632 3201 l'
650 3140 759 3217 altra,
794 3146 829 3199 et
853 3138 920 3199 che
944 3146 1038 3200 sotto
1063 3148 1230 3219 pretexto
1255 3139 1291 3201 di
1323 3139 1413 3202 citar
1436 3139 1592 3201 Martino

307 3268 376 3311 non
408 3246 436 3309 si
468 3246 618 3309 sarebbe
649 3266 694 3309 ne
721 3245 741 3307 l'
759 3266 805 3306 un
832 3246 875 3307 ne
901 3244 923 3308 l⁷
939 3246 1045 3308 altro:
1094 3245 1247 3309 Dissemi
1271 3265 1407 3309 ancora
1431 3248 1497 3308 che
1522 3246 1591 3308 mai

306 3355 387 3418 vide
412 3355 462 3417 tal
486 3352 695 3416 confusione
719 3354 785 3415 che
809 3351 892 3414 tutti
915 3354 1153 3433 tumultuano‚
1190 3361 1225 3416 et
1255 3372 1458 3416 conoscano
1492 3364 1590 3415 tanta

306 3462 417 3542 ruina,
442 3462 484 3523 ne
510 3459 538 3522 si
562 3480 648 3523 sano
672 3460 841 3522 resolvet.
883 3460 976 3521 Anci
1000 3459 1035 3522 in
1062 3479 1132 3522 una
1156 3460 1245 3522 hora
1260 3459 1338 3523 dice
1357 3461 1389 3524 el
1406 3460 1591 3524 confessor

306 3569 372 3632 che
396 3578 500 3631 trova
522 3566 608 3650 ogni
631 3586 715 3629 cosa
739 3567 917 3646 conclusa,
942 3575 979 3628 et
1002 3568 1047 3628 de
1071 3568 1094 3628 ll
1119 3566 1165 3628 ad
1188 3566 1244 3628 un'
1262 3567 1352 3630 hora
1373 3568 1516 3631 minimo
1532 3587 1588 3630 ne·

306 3675 411 3757 goeio
436 3672 554 3737 omnia
577 3675 730 3737 turbata.
765 3673 805 3735 In
829 3674 879 3736 tal
904 3674 1010 3735 modo
1035 3692 1123 3735 sono
1145 3674 1179 3736 le
1194 3693 1277 3738 cose
1293 3683 1414 3738 nostre
1431 3673 1589 3753 confuse,

306 3784 371 3845 che
396 3803 434 3846 se
449 3780 518 3844 Dio
543 3782 620 3844 solo
643 3801 715 3844 non
739 3781 907 3861 remedia,
933 3790 1031 3844 certo
1055 3780 1214 3864 ingegno
1237 3783 1392 3845 humano
1416 3802 1487 3844 non
1509 3782 1533 3842 li
1550 3802 1590 3844 sa

307 3901 428 3952 trovar
452 3888 587 3969 ordine,
612 3888 655 3951 ne
680 3889 800 3951 modo:
849 3888 909 3950 Ad
933 3889 1002 3951 due
1027 3890 1114 3951 hore
1139 3887 1175 3951 di
1199 3888 1326 3970 giorno
1351 3900 1477 3970 questa
1504 3898 1588 3950 mat-

306 3996 380 4060 tina
410 3997 619 4059 intrassemo
643 3995 678 4058 in
702 4015 843 4058 camera
868 3997 926 4057 del
957 3997 1027 4059 Re.
1066 3995 1109 4058 El
1134 3994 1266 4079 Signor
1289 3995 1427 4059 Nuncio
1451 3995 1590 4058 Messer

306 4103 496 4185 Raphaele
528 4112 563 4166 et
596 4102 648 4181 io,
682 4112 719 4165 et
749 4114 940 4184 expetamo
972 4102 997 4165 il
1020 4102 1079 4165 Re
1103 4101 1163 4184 piu
1188 4103 1224 4165 di
1248 4104 1429 4179 duehore
1454 4121 1590 4183 grosse,

306 4214 339 4275 el
373 4213 455 4293 qual
487 4231 549 4274 era
579 4213 611 4273 al
644 4210 802 4273 conselio
833 4230 897 4272 suo
931 4211 966 4272 di
999 4229 1107 4291 sopra
1132 4212 1224 4272 dove
1249 4209 1297 4272 lui
1322 4230 1383 4272 era
1407 4219 1500 4272 stato
1524 4230 1590 4291 per

306 4320 442 4400 grande
476 4317 592 4399 spatio
624 4317 659 4378 di
692 4326 827 4398 tempo:
875 4317 1020 4380 Interim
1054 4319 1137 4380 dum
1164 4328 1406 4399 expectamus,
1438 4319 1472 4380 el
1497 4317 1584 4380 Mar·

306 4427 412 4489 chese
431 4424 612 4504 Joacchim
627 4424 786 4487 Elettore
804 4423 836 4485 ci
853 4423 1049 4486 consiliava
1065 4426 1130 4488 che
1154 4445 1220 4506 per
1243 4424 1364 4488 niente
1387 4426 1590 4488 lassassimo

306 4532 428 4596 venire
453 4532 587 4595 Luther
609 4532 741 4613 perche
767 4534 921 4594 sarebbe
946 4551 1035 4613 gran
1061 4533 1248 4611 scandalo,
1280 4533 1412 4614 perche
1436 4534 1507 4595 ben
1532 4552 1589 4594 ve·

306 4642 398 4703 deva
431 4638 479 4701 lui
512 4639 534 4701 l'
550 4638 668 4701 animo
701 4648 737 4701 et
769 4637 939 4703 intendea
961 4639 985 4702 li
1010 4640 1145 4703 consilii
1170 4640 1205 4701 di
1231 4639 1346 4721 questi
1371 4639 1530 4720 Principi
1554 4649 1590 4700 et

306 4747 439 4830 populi.
477 4746 547 4810 Dio
578 4747 610 4810 ci
634 4746 719 4810 volii
744 4749 948 4828 gubernare
971 4747 1007 4809 in
1031 4755 1131 4808 tanta
1154 4747 1265 4811 ruina.
1314 4747 1379 4809 Poi
1403 4747 1541 4808 discese
1566 4745 1589 4807 il

306 4854 366 4917 Re
387 4855 526 4936 abass0,
552 4862 588 4916 et
607 4864 706 4917 certo
725 4873 837 4936 parea
854 4874 924 4916 non
939 4855 1047 4916 molto
1064 4864 1242 4937 content0,
1259 4855 1367 4918 credo
1384 4874 1449 4937 per
1463 4864 1589 4936 queste
