3559 5734
811 523 1059 590 &ama-³

292 676 467 763 possimus
492 672 672 744 devotioni
697 683 779 745 tuae
803 680 980 746 affirmare
1005 681 1092 746 nihil
1117 700 1182 745 nos
1206 698 1272 744 nec
1297 675 1483 744 iucundius
1507 674 1575 743 lroc

293 798 467 870 tempore,
492 809 557 851 nec
580 798 619 851 ut
644 787 750 852 etiam
774 788 988 853 arbitramur
1012 791 1057 853 ad
1089 810 1273 853 comunem
1304 789 1457 853 omnium
1490 787 1575 851 fide-

294 895 377 957 lium
411 897 560 960 salutem
593 896 858 959 accomodatius
890 896 1055 979 accipere
1087 897 1257 980 potuisse.
1305 897 1345 958 Si
1376 896 1468 959 enim
1493 895 1575 958 huic

293 1004 448 1065 Sanctae
473 1000 559 1065 Sedi
584 1003 826 1084 Apostolicae,
851 1003 907 1067 cui
931 1004 1052 1068 divina
1075 1004 1306 1066 Providentia
1330 1003 1575 1085 praesidemus

294 1109 412 1172 omnia
441 1112 617 1172 debentur
642 1131 663 1172 a
695 1111 812 1190 nobis,
847 1097 1083 1190 gratissimam
1115 1089 1310 1174 habeamus
1341 1130 1488 1173 necesse
1521 1118 1577 1171 est

294 1216 369 1279 eius
393 1237 458 1298 per
481 1228 516 1279 te
541 1229 742 1299 susceptam
767 1218 1111 1300 propugnationem;
1144 1219 1173 1282 si
1198 1239 1285 1281 vero
1309 1238 1375 1299 pro
1400 1216 1576 1280 catholica

293 1324 444 1386 veritate
477 1325 610 1386 tuenda
635 1335 670 1386 et
693 1345 759 1407 pro
784 1343 897 1405 grege
922 1335 1044 1388 nostro
1068 1346 1090 1387 a
1114 1326 1251 1408 laqueis
1280 1324 1459 1388 Sathenae
1490 1323 1574 1386 libe-

292 1432 405 1493 rando
440 1440 476 1493 et
500 1431 618 1493 omnia
649 1430 810 1512 perferre
842 1433 1004 1514 quamvis
1034 1453 1163 1514 aspera
1198 1443 1233 1495 et
1266 1432 1392 1512 gravia
1422 1442 1458 1494 et
1486 1430 1576 1494 mori

292 1538 398 1601 etiam
423 1558 624 1619 possumuS,
649 1558 718 1619 quo
743 1538 958 1620 accipiemus
981 1539 1113 1620 gaudio
1130 1542 1237 1602 talem
1261 1560 1326 1621 per
1350 1549 1385 1600 te
1409 1537 1575 1620 publicae

293 1645 397 1708 saluti
422 1656 587 1708 navatam
612 1665 769 1726 operam,
794 1667 839 1707 ex
864 1666 934 1727 qua
958 1646 1075 1708 aditus
1098 1646 1215 1710 factus
1239 1647 1298 1725 sit,
1330 1647 1376 1708 ad
1399 1648 1491 1707 hanc
1515 1644 1574 1707 im-

294 1773 433 1815 manem
458 1763 595 1834 pestem
620 1773 666 1814 ex
691 1753 859 1815 cordibus
884 1762 920 1815 et
945 1754 1121 1816 mentibus
1144 1752 1329 1816 christiani
1359 1751 1483 1834 populi
1515 1771 1574 1813 ex·

293 1860 506 1924 cidendam?
554 1859 656 1940 Quod
683 1880 761 1921 cum
786 1860 835 1921 ita
860 1859 916 1939 sit,
941 1879 1069 1941 resque
1086 1861 1165 1922 Deo
1182 1864 1328 1942 auspice
1352 1861 1445 1921 bene
1470 1867 1576 1939 cepta

292 1987 358 2050 per
392 1977 488 2029 tuam
523 1967 688 2029 virtutem
724 1976 760 2028 et
793 1966 989 2028 charissimi
1023 1968 1056 2028 in
1092 1966 1233 2029 Christo
1257 1964 1319 2028 filii
1354 1964 1464 2028 nostri
1490 1963 1574 2026 Cae-

292 2074 381 2137 saris
426 2073 532 2136 animi
575 2072 844 2149 excellentiam,
887 2083 1180 2154 caeterorumque
1218 2093 1406 2155 procerum
1441 2083 1575 2135 rectam

295 2183 514 2243 voluntatem
539 2182 584 2242 ad
609 2190 706 2243 tuum
730 2191 911 2261 speratum
936 2179 1042 2243 finem
1067 2181 1203 2242 directa
1226 2179 1282 2260 sit,
1306 2189 1341 2242 te
1368 2200 1437 2242 non
1462 2180 1575 2242 solum

294 2289 524 2350 vehementer
560 2286 847 2350 commendamus
885 2286 921 2348 in
961 2286 1124 2364 domino,
1161 2288 1224 2350 sed
1260 2287 1406 2369 insuper
1440 2285 1575 2367 gratias

293 2395 449 2475 agimus,
484 2413 686 2475 quanquam
714 2404 750 2454 te
781 2394 942 2456 volumus
975 2394 1009 2455 in
1045 2403 1120 2456 toto
1144 2396 1212 2456 hoc
1237 2393 1389 2474 negocio
1414 2413 1483 2455 non
1509 2412 1575 2454 nos
1672 2435 1675 2444 ,

294 2500 392 2582 ipsos
415 2501 614 2583 gratiamve
633 2509 799 2580 nostram,
824 2502 886 2561 sed
904 2501 1018 2563 Deum
1040 2510 1075 2562 et
1088 2502 1157 2564 Dei
1180 2500 1286 2570 fidem
1304 2514 1339 2562 et
1356 2500 1575 2581 reipublicae

293 2610 442 2670 salutem
466 2608 606 2672 intueri.
654 2607 787 2669 Verum
811 2608 900 2669 haec
925 2627 1067 2689 quoque
1091 2628 1280 2671 accessura
1304 2617 1385 2670 sunt
1409 2627 1501 2689 quae
1525 2606 1574 2667 ita

293 2716 397 2778 nobis
421 2716 454 2778 in
481 2713 598 2778 animo
623 2726 704 2777 sunt
728 2713 839 2776 infixa
864 2726 902 2776 ut
926 2717 1039 2778 donec
1064 2726 1159 2777 tuam
1193 2714 1377 2797 egregiam
1409 2714 1574 2776 virtutem

293 2811 410 2905 aliquo
436 2832 579 2885 nostrae
604 2821 828 2885 liberalitatis
848 2822 980 2904 insigni
1005 2822 1206 2886 testimonio
1232 2842 1302 2885 non
1319 2820 1573 2898 ornaverimus,

294 2951 363 2993 non
400 2930 485 2993 satis
510 2929 694 2992 videamur
718 2949 796 2991 esse
830 2929 1003 3010 quieturi,
1039 2931 1128 2992 sicut
1162 2929 1268 2992 latius
1304 2938 1420 2992 tecum
1454 2925 1573 2988 nuncii

293 3037 403 3101 nostri
420 3048 542 3100 nostro
559 3037 701 3100 nomine
718 3038 915 3118 loquentur,
941 3038 1069 3118 quibus
1092 3037 1197 3099 fidem
1214 3036 1375 3099 habebis.
1424 3035 1504 3096 Dat.
1538 3032 1573 3095 in

292 3146 376 3208 villa
401 3157 524 3208 nostra
547 3145 728 3217 Malliana,
753 3143 810 3205 die
835 3144 950 3225 prima
974 3144 1059 3207 Maii
1090 3165 1184 3223 1521.

906 3591 958 3657 86.

612 3707 679 3789 Leo
707 3708 750 3790 X,
778 3707 1002 3788 Electaribus
1031 3704 1250 3787 Germaniae.

746 3856 846 3925 (liunt.
865 3855 991 3914 German.
1009 3855 1040 3913 Ῑι.
1059 3854 1113 3925 ΘΟ.)

707 3975 785 4042 (Cum
805 3977 900 4025 litteris
923 3988 961 4040 14.
981 3976 1046 4024 Maii
1070 3973 1156 4044 1521.)

381 4101 456 4163 Etsi
486 4100 614 4163 litteris
644 4120 786 4181 quoque
817 4099 1024 4162 nunciorum
1056 4111 1257 4164 nostrorum
1290 4097 1572 4180 testimoniisque

292 4212 497 4288 multorum,
529 4217 602 4269 tum
634 4207 713 4288 ipsa
743 4205 915 4286 imprimis
947 4205 1042 4267 fama
1074 4206 1281 4289 divulgante
1313 4228 1406 4289 quae
1438 4207 1570 4269 nullum

291 4319 419 4381 clarius
444 4316 576 4378 lactum
601 4315 712 4376 latere
748 4312 851 4390 sinit,
887 4312 933 4373 ad
958 4333 1022 4373 nos
1054 4316 1229 4394 perlatum
1262 4327 1316 4376 est
1340 4313 1570 4377 Nobilitatem

292 4435 387 4487 tuam
411 4423 445 4485 in
471 4425 538 4485 hac
563 4441 670 4483 causa
694 4420 729 4482 in
754 4439 825 4501 qua
841 4419 1039 4481 catholicae
1063 4417 1146 4482 fidei
1163 4424 1258 4484 salus
1282 4431 1318 4484 et
1341 4421 1473 4484 veritas
1490 4442 1570 4483 con-

292 4532 460 4610 sistebat,
494 4541 629 4592 tantam
661 4526 859 4609 prestitisse
883 4526 1049 4589 virtutem
1081 4548 1122 4590 ac
1151 4528 1359 4591 damnandis
1390 4528 1572 4591 erroribus

292 4637 436 4702 Martini
461 4634 606 4700 Lutheri
630 4634 781 4716 ipsoque
805 4653 871 4715 pro
895 4633 1094 4714 haeretico,
1126 4644 1165 4696 ut
1188 4634 1330 4716 quidem
1364 4646 1438 4712 est,
1468 4656 1570 4719 repu-

292 4747 402 4808 tando
434 4755 568 4806 tantam
600 4741 805 4804 adhibuisse
837 4751 872 4801 et
902 4738 1111 4821 religionem
1142 4741 1243 4804 simul
1276 4751 1312 4802 et
1335 4742 1570 4823 prudentiam,

292 4863 330 4919 ut
364 4864 461 4914 certe
494 4851 571 4912 Deo
607 4848 742 4930 gratias
775 4846 947 4909 maximas
983 4867 1092 4929 agere
1126 4849 1320 4911 debeamus
1349 4851 1444 4930 quod
1480 4853 1570 4913 tales
