3559 5734
846 507 1093 566 comtum

328 650 525 714 catholicae
549 651 627 715 orbi
651 653 817 719 universo
840 657 1053 738 largiretur?
1089 656 1158 738 Qui
1181 677 1307 738 pacem
1335 659 1535 739 (parentem
1560 676 1613 720 re·

327 776 404 819 rum
428 759 594 841 omnIum)
618 762 769 825 nutriret
792 784 833 826 ac
858 763 1016 844 foveret,
1042 765 1078 826 id
1103 765 1197 846 quod
1222 774 1260 828 ut
1283 764 1320 826 io
1343 763 1470 827 diebus
1493 764 1613 826 adhuc

327 864 457 928 nostris
487 866 667 942 accideret
698 889 838 932 oramus
873 882 909 934 et
932 872 1205 954 ingemiscimus.
1253 871 1439 934 Postremo
1473 868 1611 933 deside·

325 971 416 1035 rium
441 981 477 1036 et
499 982 620 1037 votum
637 985 795 1039 nostrum
815 987 878 1040 est.
919 975 1099 1060 Siquidem
1122 998 1267 1060 operam
1288 998 1387 1040 suam
1409 985 1445 1040 et
1459 976 1613 1040 amicum

326 1078 429 1142 nobis
464 1079 617 1145 anImum
649 1083 767 1164 Ampl.
793 1083 837 1149 V.
861 1083 909 1148 R.
939 1085 974 1147 in
1011 1084 1283 1158 necessitatibus
1317 1084 1447 1147 nostris
1479 1082 1613 1147 offerre

326 1185 476 1268 dignata
500 1197 570 1252 est:
607 1201 645 1252 ut
668 1190 698 1253 si
733 1191 903 1273 temporis
926 1211 1121 1274 progressu
1157 1190 1290 1273 aliquid
1313 1191 1349 1254 in
1374 1191 1494 1273 Ampl.
1520 1191 1565 1256 V.
1589 1211 1615 1254 a

326 1294 429 1382 nobis
460 1296 615 1360 delatum
638 1297 750 1378 foret,
786 1298 958 1380 singulari
982 1299 1161 1381 peticione
1196 1309 1231 1361 et
1254 1298 1511 1361 intercessione
1543 1318 1616 1380 pro

325 1401 439 1476 nobis,
464 1403 614 1484 primum
631 1405 677 1467 ad
694 1402 961 1469 Sanctissimum
976 1405 1196 1487 Pontificem,
1219 1417 1292 1468 tum
1309 1407 1448 1468 demum
1466 1424 1613 1486 quoque

325 1510 371 1570 ad
405 1506 674 1575 Serenissimum
705 1512 908 1595 Principem
942 1514 1131 1576 Dominum
1165 1512 1354 1576 Dominum
1387 1511 1615 1575 Ludovicum

325 1615 534 1699 Hungariae
566 1629 602 1681 et
625 1619 819 1682 Bohemiae
843 1619 987 1702 Regem
1020 1640 1061 1682 ac
1085 1621 1189 1685 Dom.
1214 1631 1372 1683 nostrum
1396 1618 1612 1701 gratiosissi-

325 1742 417 1785 mum
442 1724 487 1786 ad
513 1724 739 1808 Ceterosque‘
754 1726 958 1809 Principes,
993 1747 1142 1809 quorum
1166 1747 1236 1809 ope
1266 1726 1453 1811 negocium
1478 1726 1611 1789 Christi

325 1841 446 1913 posset
469 1834 604 1913 augeri,
629 1834 860 1898 intercedere.

413 1957 554 2038 Pragae
578 1956 636 2021 die
657 1957 807 2021 Decima
829 1959 1199 2024 mensis'Novembris
1215 1960 1323 2023 Anno
1339 1957 1483 2022 Domini
1512 1978 1609 2038 1524.

859 2172 1067 2189 mwwwvwwwv

927 2408 1001 2474 179.

645 2547 648 2554 “
758 2531 971 2635 Campegius
999 2530 1171 2614 Sadoleto.
1211 2491 1216 2503 ’
1265 2553 1268 2557 ·

703 2671 879 2741 (Nuntiat.
900 2670 1214 2744 trerminum.)
1314 2706 1318 2714 ·

785 2778 839 2845 (17.
860 2782 1019 2832 Novembris
1041 2781 1130 2849 1524.)

413 2905 452 2966 L'
470 2904 591 2968 ultime
616 2905 683 2968 mie
708 2905 836 2969 iurono
861 2907 906 2969 de
930 2905 993 2986 IV,
1022 2907 1101 2969 alIe‘
1116 2904 1226 2988 quali,
1243 2925 1321 2978 ,non
1347 2906 1499 2969 essendo
1523 2917 1601 2987 p'ar·

320 3012 385 3074 tita
410 3014 444 3075 la
467 3022 572 3094 posta
589 3013 649 3076 aIli
666 3014 804 3095 cinque,
829 3013 968 3095 agiunsi
985 3014 1042 3076 un'
1059 3016 1150 3076 altra
1164 3013 1234 3076 mia
1255 3015 1366 3085 breve
1391 3013 1456 3075 che
1473 3012 1602 3076 diceva

321 3119 345 3181 il
369 3119 530 3201 recapito
556 3121 600 3182 de
625 3122 658 3183 le
683 3122 718 3183 di
742 3120 787 3185 V.
813 3120 848 3183 S.
875 3122 920 3183 de
945 3121 1023 3182 XX
1048 3132 1083 3185 et
1108 3120 1222 3183 XXV
1246 3119 1306 3182 del
1332 3130 1500 3201 passato.
1536 3119 1601 3183 Poi

320 3227 349 3288 si
374 3247 462 3289 sono
486 3228 619 3289 havute
644 3227 677 3287 le
701 3247 765 3289 sue
788 3229 900 3290 breve
925 3227 970 3289 de
995 3226 1132 3289 XXIX
1155 3228 1189 3289 le
1213 3226 1309 3309 quali
1333 3226 1517 3308 capitaron
1542 3227 1615 3290 alii·

321 3334 412 3395 XIII
437 3355 502 3397 con
527 3334 761 3416 promissione
786 3334 821 3396 di
845 3335 1056 3417 rispondere
1080 3336 1149 3397 alle
1164 3333 1233 3397 mie
1257 3334 1390 3397 fratre
1414 3333 1542 3416 giomi,
1565 3345 1600 3398 et

320 3438 393 3502 cosi
417 3441 477 3503 alli
502 3441 575 3503 XV
600 3462 688 3504 sono
712 3462 898 3524 comparse
923 3442 1040 3523 quelle
1064 3440 1100 3502 di
1123 3441 1174 3503 ΙΙΙ
1199 3452 1235 3504 et
1259 3440 1295 3503 di
1318 3450 1471 3523 quattr0.
1519 3443 1600 3504 Alle

320 3547 415 3628 quali
438 3547 553 3629 prima
576 3550 642 3611 che
666 3548 978 3630 particularmente
1005 3547 1176 3630 risponda
1209 3547 1287 3610 diro
1318 3566 1417 3610 come
1447 3546 1599 3611 'l-Gran

320 3654 479 3717 Maestro
504 3655 540 3717 di
565 3656 710 3718 Prussia
734 3654 852 3738 capito
877 3653 937 3737 qui
963 3654 1022 3717 alli
1045 3655 1114 3734 sei,
1147 3655 1181 3722 el
1209 3655 1292 3736 qual
1316 3653 1433 3716 subito
1458 3653 1600 3716 mandai

319 3782 340 3822 a
365 3760 510 3824 visitare
535 3761 716 3824 facendoli
750 3761 935 3825 intendere
970 3761 1024 3824 ch'
1053 3761 1087 3825 io
1119 3761 1331 3825 desideravo
1366 3759 1528 3842 parlarli,
1565 3771 1600 3824 et

319 3866 393 3930 cosi
417 3867 454 3931 iu
479 3888 579 3931 meco
603 3869 629 3931 il
653 3870 687 3930 di
712 3878 886 3950 seguente
917 3877 952 3933 et
975 3879 1058 3950 post
1090 3868 1274 3950 generalia
1305 3867 1357 3951 gli
1387 3866 1533 3930 mostrai
1566 3868 1598 3931 el

318 3975 436 4038 Breve
460 3978 525 4038 che
550 3975 597 4037 mi
620 3975 758 4038 scrivea
782 3975 825 4040 N.
851 3973 888 4039 S.
913 3996 1021 4057 sopra
1040 3977 1077 4042 ,le
1102 3995 1184 4038 cose
1209 3996 1290 4053 sue,
1318 3975 1343 4038 il
1374 3976 1457 4057 qual
1489 3976 1598 4037 molto

318 4081 369 4163 gli
393 4082 559 4144 satisfece
585 4092 620 4143 et
644 4082 694 4163 gli
718 4081 904 4165 soggiunsi
938 4083 1057 4164 quello
1088 4085 1154 4144 che
1177 4081 1224 4144 mi
1248 4102 1358 4163 parve
1383 4082 1598 4165 expediente

318 4189 354 4252 in
378 4189 459 4251 farIi
483 4209 677 4252 conoscere
702 4199 834 4271 quanta
868 4210 929 4251 era
960 4192 995 4252 la
1027 4187 1211 4272 benigniti
1242 4189 1284 4250 di>
1304 4189 1346 4251 N.
1371 4187 1407 4252 S.
1432 4209 1538 4253 verso
1563 4189 1599 4252 di

319 4296 368 4358 Iui
393 4305 428 4358 et
451 4297 486 4358 la
516 4315 579 4358 soa
611 4295 785 4378 religione
817 4304 854 4359 et
885 4296 920 4358 lo
953 4316 1073 4359 amore
1105 4298 1170 4358 che
1204 4315 1343 4377 sempre
1374 4296 1421 4356 ha
1455 4304 1599 4376 portato

319 4404 389 4465 alla
412 4403 491 4466 iIl¹1¹⁵
514 4423 577 4465 soa
601 4422 684 4466 casa
708 4402 860 4466 dicendo
886 4412 978 4465 tutto
1003 4403 1121 4484 quello
1146 4404 1211 4465 che
1228 4401 1394 4464 iudicavo
1419 4421 1539 4464 essere
1563 4402 1597 4464 in

317 4510 513 4592 proposito.
560 4510 686 4573 Donde
721 4509 856 4572 infinite
888 4510 985 4572 volte
1020 4508 1192 4590 ringratio
1228 4506 1265 4571 S.
1294 4506 1347 4570 Si*
1382 4506 1598 4572 offerendosi

317 4617 426 4678 molto
459 4617 529 4678 alla
559 4615 763 4679 obedientia
793 4626 829 4678 et
860 4616 1025 4678 comandi
1056 4614 1092 4676 di
1125 4611 1160 4676 S.
1192 4616 1254 4677 ΒΜ
1284 4623 1319 4677 et
1347 4611 1467 4678 disseli
1498 4615 1544 4677 de
1575 4614 1598 4677 li

316 4722 427 4787 Brevi
451 4723 504 4785 ch'
521 4722 555 4785 io
579 4725 695 4786 havea
718 4723 778 4786 alli
803 4722 927 4786 arbitri
951 4721 986 4785 in
1011 4723 1045 4784 la
1063 4741 1169 4784 causa
1185 4742 1258 4804 soa,
1284 4720 1495 4785 offerendoli
1512 4721 1598 4806 ogni

318 4851 429 4915 opera
453 4831 539 4906 mia;
567 4850 633 4912 per
664 4832 697 4893 eI
721 4831 786 4893 che
811 4830 855 4897 mi
879 4850 1028 4920 respose
1052 4830 1118 4899 che
1142 4850 1164 4891 a
1187 4827 1361 4896 Possonio
1384 4829 1518 4914 luogho
1544 4839 1599 4894 tra
