3559 5734
858 476 1092 531 ΜΒΝΕᾺ

340 632 458 686 menta
490 622 688 686 indubitata
723 622 906 703 deposuit,
938 630 974 685 et
1007 621 1132 685 litteris
1162 644 1183 683 a
1210 643 1249 683 se
1274 619 1414 702 scriptis
1444 639 1514 680 uno
1540 638 1618 680 con-

341 729 455 791 iunxit
486 728 674 791 volumine.
737 728 921 809 Epistolae
952 729 1053 810 ipsae
1085 750 1177 810 quae
1212 731 1258 790 ad
1293 728 1458 790 nuncium
1492 724 1619 786 missae

340 844 430 914 sunt,
454 833 557 896 nobis
581 854 624 897 eo
648 834 878 916 pretiosiores
902 836 1097 897 extiterunt
1114 834 1206 916 quia,
1224 854 1328 915 quum
1347 834 1520 915 epistolae
1538 833 1618 894 Ale-

340 942 440 1005 andri
465 942 719 1023 chronologico
745 941 868 1003 ordine
895 941 1085 1004 destitutae
1119 939 1326 1024 plerumque
1359 937 1621 1019 chronologicis

340 1048 433 1112 notis
463 1058 643 1127 carerent,
674 1049 798 1110 harum
832 1049 964 1111 auxilio
989 1060 1092 1111 notas
1122 1048 1218 1130 ipsas
1250 1048 1455 1126 restituere,
1490 1044 1619 1124 saepis·

340 1156 427 1218 sime
463 1155 539 1218 sine
571 1155 809 1234 dubitatione,
843 1157 1035 1235 aliquando
1068 1155 1222 1218 maxima
1256 1153 1526 1237 probabilitate,
1560 1171 1619 1231 po-

340 1263 478 1326 tuimus

430 1369 534 1450 Quod
569 1370 615 1432 ad
653 1369 783 1432 Brevia
814 1369 996 1452 pontificia
1028 1371 1173 1447 attinet,
1223 1370 1386 1449 Regesta
1423 1364 1620 1448 originalia,

300 1518 302 1523 -
341 1475 493 1539 alienatas
516 1476 579 1558 (uti
612 1472 756 1562 vocant)
785 1476 994 1558 originales,
1024 1477 1219 1558 duplicata,
1251 1475 1285 1537 in
1321 1472 1503 1536 tabulariis
1535 1472 1619 1532 vati-

341 1583 439 1646 canis
463 1592 646 1645 asservata
669 1583 918 1646 consuluimus.

431 1688 547 1753 Caroli
572 1690 617 1768 V,
652 1689 870 1752 Ferdinandi
896 1690 1128 1769 Archiducis,
1160 1689 1300 1753 Alberti
1326 1686 1524 1751 Cardinalis
1548 1684 1618 1745 Mo·

339 1796 488 1878 guntini,
502 1796 665 1875 Joachini
678 1797 1023 1877 Brandeburgensis,
1041 1799 1178 1860 Ducum
1195 1796 1380 1873 Bavariae,
1395 1795 1621 1871 Margaretao

342 1904 562 1983 Austriacae,
574 1902 742 1985 Episcopi
754 1902 964 1984 Tridentini,
980 1905 1090 1966 Ducis
1103 1903 1366 1985 Lotharingiae,
1381 1899 1525 1963 Henrici
1538 1898 1620 1959 Vlll

343 2009 498 2091 Angliae
523 2019 558 2072 et
583 2008 878 2072 GustaviWasae
905 2008 1055 2073 Sueciae
1080 2012 1186 2092 regis,
1211 2010 1360 2090 Joannis
1385 2008 1531 2085 Haueri,
1550 2007 1620 2067 Ro-

341 2117 424 2179 rarii
448 2117 666 2197 aliorumque
690 2118 877 2179 multorum
902 2118 1113 2198 principum,
1137 2117 1395 2199 episcoporum,
1412 2117 1621 2195 scriptorum

340 2223 510 2305 epistolas
535 2245 581 2286 ex
604 2224 838 2304 originalibus
863 2225 1163 2305 transcripsimuS,
1195 2244 1286 2305 quae
1318 2225 1491 2285 collectae
1516 2221 1623 2282 variis

341 2331 595 2410 voluminibus,
620 2332 748 2412 quibus
772 2342 826 2393 est
849 2332 988 2394 titulus:
1014 2331 1185 2415 Eprslolac
1207 2331 1383 2393 antrorum
1406 2331 1453 2391 nd
1478 2329 1623 2390 (flemen-

341 2443 404 2501 iam
444 2439 528 2510 VIL·
558 2438 633 2501 sive
669 2437 841 2523 Epistulae
865 2437 1068 2522 principum
1100 2448 1161 2501 aut
1188 2437 1342 2520 propriis
1371 2435 1487 2517 capsis
1519 2438 1623 2496 collo·

343 2554 463 2623 eatae,
498 2565 567 2606 non
601 2545 837 2626 transcriptae
862 2547 925 2607 sed
950 2546 1159 2625 originales,
1200 2553 1437 2607 asservantur.
1492 2543 1623 2603 Brevia

343 2652 517 2733 quaedam
543 2672 587 2713 ex
611 2650 756 2714 minutis
778 2652 890 2733 ipsius
915 2654 1040 2731 Jacobi
1066 2651 1224 2714 Sadoleti
1249 2652 1447 2720 hausimus,
1473 2671 1549 2711 cum
1575 2651 1622 2709 ul-

344 2759 428 2820 tima
451 2767 568 2820 tamen
603 2758 814 2840 scriptione,
853 2780 917 2840 pro
951 2759 1204 2821 mutationibus
1236 2759 1426 2839 aliquando
1458 2778 1478 2819 a
1510 2755 1621 2837 ponti-

343 2863 409 2926 fice
433 2864 547 2944 factis,
573 2865 808 2928 conferentes.

434 2971 619 3054 Campegii
644 2972 814 3053 epistolas
839 2993 883 3034 ex
910 2972 1087 3034 volumine
1113 2973 1194 3034 LIlI
1217 2972 1452 3035 Germanicae
1474 2969 1620 3032 Nuncia·

344 3088 444 3140 turae
469 3080 770 3159 transcripsimus:
804 3079 837 3141 in
874 3079 951 3161 ipso
977 3081 1154 3142 volumine
1179 3081 1302 3142 eadem
1334 3079 1523 3159 originalia
1554 3097 1622 3138 ser·

344 3193 482 3248 vantur.
1034 3252 1047 3271 .

433 3292 590 3354 Tandem
629 3314 744 3374 pauca
786 3295 999 3355 documenta
1035 3295 1321 3377 transcripsimus
1361 3315 1404 3355 ex
1445 3291 1623 3354 volumine

344 3399 524 3461 Tabularii
549 3398 703 3462 Sanctae
728 3400 854 3480 Sedis,
885 3402 939 3461 cui
973 3403 1110 3463 titulus:
1148 3401 1257 3481 lcrksf,
1285 3400 1433 3481 lirnrmr,
1461 3398 1575 3461 Blosri'
1595 3406 1627 3461 r!

344 3504 493 3568 altorum
516 3507 695 3590 aposlolne,
720 3528 790 3588 quo
808 3520 952 3569 ⁴exacta
984 3518 1019 3569 et
1048 3511 1201 3589 probata
1232 3509 1427 3589 aliquarum
1460 3508 1621 3588 epistola-

345 3632 423 3674 rum
447 3614 658 3694 apographa
682 3613 915 3676 continentur.
1522 3675 1524 3678 ,

435 3718 484 3780 Ut
516 3729 632 3781 tamen
681 3720 888 3801 cuicumque
931 3721 1047 3783 facilis
1079 3723 1254 3785 habeatur
1285 3732 1428 3785 nostrae
1460 3720 1624 3783 editionis

345 3846 422 3887 cum
463 3825 695 3907 originalibus
728 3828 964 3889 monumentis
1000 3829 1161 3907 collatio,
1198 3830 1469 3911 uniuscuiusque
1505 3849 1623 3890 monu-

346 3933 453 3995 menti
478 3935 592 3995 locum
617 3932 771 3996 fideliter
796 3934 1005 3997 notavimus.
1061 3936 1370 3999 Monumentorum
1395 3958 1416 3997 a
1440 3935 1622 3998 Friedrich

346 4040 518 4102 editorum
544 4040 725 4103 variantes
750 4042 940 4121 lectiones,
973 4063 1015 4104 eo
1045 4045 1140 4124 quod
1172 4047 1318 4123 longum
1343 4054 1378 4106 et
1401 4044 1476 4105 sere
1501 4042 1624 4104 inutile

346 4167 435 4227 opus
451 4146 642 4226 videretur,
666 4168 736 4209 non
753 4149 1010 4217 recensuimus:
1035 4151 1275 4213 recensuimus
1290 4151 1429 4232 quidem
1445 4150 1625 4212 variantes

347 4253 518 4316 lectiones
550 4265 853 4317 monumentorum
884 4278 905 4317 a
939 4258 1124 4320 Laemmer
1156 4258 1331 4320 editorum
1363 4266 1469 4339 prout
1498 4278 1622 4339 oppor-

345 4370 467 4422 tunum
492 4360 605 4422 visum
630 4370 693 4424 est.

439 4467 496 4529 Ad
537 4468 793 4548 perlectionem
834 4470 1054 4532 collectionis
1087 4486 1230 4534 nostrae
1267 4471 1419 4534 fortasse
1456 4470 1623 4553 optimum

347 4573 536 4636 videbatur
569 4584 604 4636 et
635 4574 705 4637 alia
738 4576 920 4638 notissima
943 4589 1170 4639 monumenta
1202 4578 1384 4641 historiam
1409 4577 1623 4640 Reformati-

349 4680 428 4741 onis
452 4680 666 4743 illustrantia
698 4684 851 4745 addere:
890 4685 954 4744 sed
985 4685 1096 4765 haec,
1128 4684 1211 4765 quia
1241 4685 1423 4747 notissima
1455 4696 1489 4745 et
1518 4684 1625 4747 obvia

348 4786 485 4871 cuique,
511 4806 555 4847 no
580 4790 744 4850 volumen
770 4789 940 4851 inutiliter
957 4802 1158 4871 augeretur,
1176 4791 1373 4864 omisimus;
1399 4800 1624 4855 monumenta
