3559 5734
809 1000 884 1065 237.

631 1115 764 1196 Eokius
792 1115 964 1196 Clementi
991 1116 1068 1197 VII.

260 1256 372 1325 (Pontii.
390 1260 487 1333 imper.
505 1260 592 1328 uouit,
604 1261 714 1321 hermi
732 1263 786 1323 eto.
805 1263 952 1337 epistolam
971 1264 1046 1321 Arm.
1066 1262 1181 1321 mn.
1199 1263 1232 1321 u.
1251 1264 1273 1321 L
1291 1262 1337 1322 iol
1355 1263 1426 1333 2³0.)

718 1380 772 1450 (25.
791 1383 858 1449 Julii
881 1385 967 1446 1525.)

297 1511 384 1574 Post
408 1517 530 1576 oscula
552 1518 682 1596 pedum
707 1520 892 1579 beatorum
926 1516 978 1579 sui
1012 1516 1239 1580 humillimam
1268 1519 1488 1580 commenda·

207 1615 349 1682 tionem.
397 1620 509 1683 Miror
539 1624 745 1704 plurimum,
772 1622 982 1686 Beatissime
1023 1624 1148 1704 Pater,
1181 1624 1264 1706 quid
1292 1635 1489 1687 remoretur

208 1727 266 1788 vel
291 1724 327 1789 S.
354 1728 392 1789 T.
417 1732 473 1791 vel
504 1729 574 1792 Re.
605 1711 829 1794 Cardin'alem
863 1731 954 1793 tituli
985 1730 1196 1793 Sanctorum
1229 1742 1488 1813 coronatorum,

210 1852 271 1895 cur
286 1832 399 1896 minus
416 1838 634 1900 subveniatis
651 1837 744 1917 mihi,
771 1838 989 1900 subveniatis
1014 1859 1140 1901 causae
1160 1837 1254 1918 fidei,
1270 1838 1489 1903 subveniatis

210 1941 336 2003 honori
350 1939 454 2005 Sedis
467 1945 710 2026 Apostolicae,
724 1965 802 2007 cum
815 1944 1052 2026 inquisitionis
1065 1965 1153 2007 onus
1166 1945 1269 2007 michi
1285 1968 1305 2008 a
1323 1947 1443 2008 Leone
1456 1944 1493 2007 X

210 2048 254 2112 fe.
268 2069 317 2110 re.
332 2049 526 2113 iniunctum
540 2052 636 2115 iussu
650 2051 753 2114 Sedis
764 2052 996 2134 Apostolicae
1009 2052 1119 2132 legati
1132 2053 1200 2114 R¹¹¹¹
1219 2052 1361 2116 Domini
1375 2052 1494 2115 Cardi-

211 2157 300 2219 nalis
318 2159 362 2219 de
378 2157 582 2241 Campegiis
607 2168 731 2221 contra
747 2158 1008 2241 Wolfgangum
1024 2159 1272 2242 Woeckinger
1298 2164 1494 2223 luteranum

213 2264 442 2329 exercuerim.
490 2265 600 2347 Rogo
618 2265 784 2328 obnixius
799 2268 954 2348 supplex
971 2263 1007 2327 S.
1025 2266 1068 2329 V.
1094 2265 1260 2346 dignetur
1284 2267 1376 2329 tueri
1399 2267 1496 2330 facta

213 2392 290 2432 mea
321 2372 514 2434 secundum
544 2371 733 2435 iussionem
765 2373 909 2435 Domini
940 2372 1053 2454 legati
1085 2372 1204 2454 potius
1236 2393 1339 2455 quam
1373 2373 1495 2437 favere

213 2478 313 2541 fratri
329 2478 510 2558 haeretici,
530 2479 585 2541 cui
602 2480 662 2542 ille
679 2480 714 2541 in
731 2479 893 2541 fraudem
911 2479 1017 2542 cessit
1033 2500 1077 2541 ne
1102 2479 1131 2541 is
1155 2480 1246 2562 legis
1266 2500 1383 2562 poena
1401 2481 1496 2544 affici

213 2585 334 2669 possit.
382 2584 462 2648 Non
491 2586 564 2648 scio
588 2588 669 2667 plus
694 2585 824 2665 dicere,
856 2586 943 2648 satis
972 2606 1149 2668 superque
1181 2586 1259 2649 aliis
1291 2587 1418 2650 litteris
1447 2588 1495 2650 in·

213 2692 328 2755 dicavi
352 2694 446 2755 mala
471 2704 506 2754 et
531 2693 699 2754 scandala
724 2713 815 2775 quae
840 2692 1000 2754 oriuntur
1025 2713 1070 2755 ex
1102 2692 1163 2755 illa
1194 2693 1425 2776 impeditione
1459 2703 1495 2757 et

214 2801 291 2883 quis
316 2813 370 2864 est
393 2810 616 2882 contemptus
641 2800 700 2863 Se.
727 2801 795 2881 Ap.

303 2907 522 2972 Seditionem
554 2906 763 2968 rusticorum
797 2916 928 2969 motam
964 2909 1097 2970 dudum
1129 2907 1329 2990 significavi
1368 2908 1495 2971 litteris

214 3016 300 3080 meis
324 3014 361 3079 S.
385 3015 445 3086 T.;
471 3033 563 3097 quae
587 3034 728 3095 semper
751 3013 982 3093 incrudescit,
1014 3015 1097 3077 licet
1125 3015 1160 3076 in
1189 3015 1307 3078 multis
1340 3013 1427 3077 locis
1451 3013 1496 3076 sit

214 3126 347 3203 sedata,
373 3122 422 3185 uti
448 3142 513 3204 pro
538 3141 617 3183 mea
641 3121 676 3182 in
710 3118 804 3182 Sede
831 3120 1042 3202 Apostolica
1073 3131 1109 3184 et
1138 3121 1173 3187 S.
1199 3124 1237 3186 T.
1268 3121 1496 3184 observantia

214 3235 249 3295 in
274 3232 406 3293 scheda
423 3229 481 3291 hic
502 3227 702 3309 conscripta
722 3227 939 3300 transmitto;
956 3228 1162 3309 diligentius
1176 3229 1267 3292 enim
1288 3229 1405 3311 quoad
1419 3228 1494 3291 fieri

214 3339 329 3423 potuit
353 3336 471 3400 omnia
496 3335 722 3416 consignavi:
747 3334 900 3397 restituti
926 3347 1007 3397 sunt
1023 3336 1189 3418 Episcopi
1209 3335 1494 3417 Argentinensis,

215 3446 404 3531 Spirensis»,
418 3442 703 3525 Herbipolensis,
714 3454 749 3504 et
760 3443 1046 3524 Bambergensis,
1060 3445 1247 3506 sedadhuc
1261 3443 1401 3525 spoliati
1416 3451 1496 3505 sunt

216 3555 446 3629 BrixinensiS,
459 3550 696 3629 Tridentinus,
711 3561 746 3611 et
759 3550 1031 3631 salzburgensis
1048 3550 1245 3613 Cardinalis
1266 3550 1448 3612 obsidetur
1458 3550 1492 3612 in

215 3683 307 3726 arce.
333 3659 504 3740 Princeps
512 3678 610 3720 meus
624 3656 836 3719 Wilhelmus
854 3655 946 3718 misit
963 3656 1109 3720 fratrem
1124 3677 1222 3720 suum
1242 3658 1367 3719 ducem
1379 3656 1491 3719 Ludo·

214 3771 329 3831 vicum
362 3769 408 3828 ad
438 3765 721 3847 componendum
752 3764 941 3845 negocium
972 3765 1062 3826 inter
1095 3765 1317 3826 Cardinalem
1351 3773 1386 3825 et
1414 3765 1491 3824 sub·

216 3875 308 3938 ditos
333 3886 369 3936 et
392 3875 507 3935 adhuc
532 3891 644 3953 parva
669 3891 752 3953 spes
776 3881 830 3932 est
854 3870 970 3952 pacis,
1007 3871 1171 3952 quoniam
1204 3872 1327 3932 nolunt
1361 3870 1492 3932 subditi

216 4003 339 4065 pacem
364 3991 565 4061 acceptare,
591 3978 655 4040 nisi
682 3976 870 4039 cardinalis
896 3977 999 4039 cedat
1023 3977 1195 4058 regimini,
1221 3988 1257 4040 et
1280 3977 1420 4059 publice
1445 3976 1492 4039 fa-

216 4102 334 4152 tentur
357 4088 492 4150 incolas
517 4085 702 4148 comitatus
722 4083 857 4164 Tyrolii
882 4084 934 4146 eis
958 4084 1161 4165 promisisse
1185 4084 1365 4147 auxilium.
1412 4084 1493 4146 Non

216 4199 343 4260 desunt
368 4194 426 4277 qui
451 4203 653 4274 suspectum
678 4192 834 4252 habeant
858 4190 1083 4252 archiducem
1112 4191 1209 4253 velut
1233 4190 1388 4252 dominia
1412 4191 1492 4253 Car·

217 4303 343 4367 dinalis
368 4313 402 4364 et
427 4301 687 4381 Episcoporum
714 4305 972 4379 reppetentem,
997 4297 1086 4360 sicut
1110 4308 1145 4359 et
1162 4297 1307 4359 Fiessen
1324 4297 1494 4379 oppidum

216 4409 385 4492 Episcopi
410 4406 611 4489 Augustani
637 4404 834 4486 occupavit,
860 4406 954 4485 quod
971 4405 1031 4467 vix
1057 4404 1176 4467 credo.
1223 4401 1421 4466 Miserrima
1437 4423 1495 4466 res

216 4515 428 4583 Germaniae
460 4526 494 4578 et
519 4515 610 4576 iusta
642 4512 710 4575 Dei
739 4512 809 4585 ira;
843 4531 909 4593 per
940 4512 1092 4574 rusticos
1119 4510 1250 4593 passim
1281 4511 1495 4573 monasteria

217 4626 345 4703 diruta,
385 4620 558 4685 ecclesiae
590 4621 854 4701 prophanatae,
894 4630 1097 4681 sanctorum
1134 4616 1304 4698 reliquiae
1342 4616 1495 4680 ludibrio

216 4732 372 4811 habitae,
398 4729 575 4792 abiectum
600 4727 804 4790 venerabile
829 4737 1085 4789 sacramentum
1102 4723 1355 4805 Eucharistiae,
1380 4726 1496 4787 clerus

217 4839 400 4922 spoliatus.
447 4837 487 4899 ln
512 4835 716 4898 civitatibus
739 4832 992 4915 imperialibus,
1024 4835 1083 4896 ubi
1103 4853 1172 4895 non
1196 4839 1277 4894 sunt
1292 4830 1495 4912 seditiones,

216 4955 393 5030 augentur
416 4953 535 5007 tamen
559 4945 744 5019 haereses,
768 4939 889 5002 divina
912 4952 1053 5004 cessant
1089 4938 1223 5018 officia,
1262 4938 1425 5001 monachi
1460 4946 1496 5000 et

244 5072 325 5120 Balari,
337 5072 482 5110 Documenta
491 5069 628 5108 Luthernna.
1273 5112 1277 5128 ι
1301 5043 1336 5096 32
