3559 5734
690 547 937 611 ομ<ἰῖ339ἑ>ό

171 699 246 782 liri,
280 720 350 764 non
374 699 473 784 prius
496 699 635 784 pacatis
667 700 710 764 iis
744 700 919 782 dissidiis,
958 722 1049 783 quae
1085 697 1311 764 Germaniam
1349 707 1454 780 tuam,

171 829 277 890 quam
299 810 409 890 longa
433 811 575 891 lataque
601 817 665 889 est,
689 811 736 871 ob
752 810 843 871 hanc
864 807 1200 891 perniciosissimam
1216 807 1453 871 Lutheranam

173 925 307 979 sectam
332 915 451 980 multis
475 915 653 999 variisque
677 915 812 996 modis,
844 936 866 978 a
899 915 1021 979 debita
1052 915 1116 978 tibi
1151 913 1356 978 obedientia
1378 915 1454 978 sere

171 1021 477 1088 abalienaverunt.
535 1022 609 1086 Nos
643 1043 730 1086 vero
765 1023 830 1086 etsi
863 1021 915 1108 (ut
948 1022 1111 1107 superius
1145 1021 1312 1104 diximus)
1348 1040 1452 1103 quae-

171 1149 321 1211 cumque
351 1129 530 1211 potuimus
568 1138 604 1193 et
633 1129 819 1193 debuimus
851 1131 1010 1194 remedia
1038 1138 1163 1193 contra
1192 1130 1284 1192 hanc
1317 1139 1452 1212 pestem

171 1236 344 1302 adhibere
359 1235 457 1300 enixi
481 1256 612 1317 sumus,
636 1235 799 1300 dabimus
815 1247 932 1299 tamen
949 1245 1124 1318 perpetuo
1142 1256 1287 1320 operam
1308 1235 1454 1298 favente

172 1365 225 1423 eo,
251 1342 312 1425 qui
336 1342 450 1406 Nobis
474 1342 557 1407 licet
580 1342 735 1426 indignis
759 1342 812 1407 sui
835 1343 958 1426 gregis
982 1364 1102 1406 curam
1127 1341 1315 1423 commisit,
1346 1351 1385 1404 ut
1408 1361 1453 1404 ne

171 1451 341 1533 Majestas
370 1450 447 1515 Tua
482 1458 542 1513 aut
577 1450 666 1513 alius
702 1449 908 1532 quisquam,
944 1450 1040 1532 quod
1074 1458 1259 1532 praestare
1294 1458 1454 1512 tenemur

171 1556 338 1639 officium,
361 1557 398 1622 in
421 1556 535 1621 Nobis
558 1557 684 1622 merito
710 1556 899 1622 desideret.

261 1683 403 1748 Datum.

261 1806 488 1870 Hieronimus
531 1806 715 1870 Aleander
757 1807 886 1890 Typon
932 1806 1036 1871 huius
1083 1805 1284 1887 Apostolici
1323 1805 1452 1870 Brevis

171 1914 389 1995 composuit:
414 1897 497 1977 licet
511 1934 582 1977 non
599 1915 715 1996 ipsum
730 1915 858 1996 Breve,
881 1916 945 1978 sed
966 1935 1119 1996 sequens
1135 1913 1330 1993 instructio,
1346 1912 1451 1976 etiam

172 2023 217 2085 ab
241 2040 285 2084 eo
309 2022 524 2104 composita,
556 2022 664 2085 fuerit
687 2022 733 2085 ad
758 2023 925 2087 Cesarem
959 2023 1074 2088 missa.
1123 2020 1239 2102 Quum
1264 2019 1314 2083 sic
1339 2019 1451 2083 visum

172 2137 267 2193 esset
290 2128 323 2191 ei
347 2128 406 2211 qui
431 2128 549 2191 omnia
573 2139 714 2212 poterat
738 2129 834 2211 apud
858 2129 1075 2193 Clementem
1099 2128 1179 2192 VII.

709 2334 916 2347 mmm

775 2583 849 2649 154.

197 2701 391 2781 menenio
415 2701 593 2782 mittenda
619 2702 665 2782 ad
683 2701 838 2782 Nuntios
861 2701 1074 2803 apostolicos
1101 2702 1197 2802 apud
1215 2700 1424 2782 Gaesaream

504 2824 730 2926 Maiestatem
756 2847 864 2926 super
891 2847 928 2905 ra
955 2825 1113 2908 lutheri.

579 2974 663 3041 (Aeta
679 2973 896 3032 wormatiensis
913 2971 959 3031 fol
978 2973 1045 3045 m)

625 3077 691 3158 (snb
711 3093 761 3142 fine
779 3093 883 3157 Aprilis
906 3091 994 3161 1524.)

511 3245 559 3308 In
590 3247 632 3309 la
664 3264 798 3309 causa
829 3244 1102 3308 Lutherana.

251 3365 308 3441 ,Se
338 3379 446 3450 potra
469 3370 626 3433 advertir
657 3372 691 3433 la
714 3369 870 3433 Cesarea
893 3367 1034 3433 Maesta
1064 3371 1130 3432 che
1154 3389 1225 3433 non
1255 3371 1450 3435 solamente

172 3476 205 3537 la
228 3475 388 3538 Saxonia
412 3497 469 3539 ma
492 3485 569 3539 tuta
591 3478 627 3541 la
643 3476 846 3559 Alemagna
870 3478 944 3541 alta
968 3486 1004 3540 et
1027 3476 1143 3557 bassa,
1168 3486 1204 3540 et
1226 3477 1251 3539 li
1275 3478 1327 3540 soi
1351 3478 1451 3560 paesi

173 3582 216 3644 de
239 3583 454 3662 Brabantia,
479 3593 515 3646 et
537 3583 722 3666 Flandria,
748 3583 912 3667 Phrysia,
937 3582 1338 3666 Zelandia,·Holandia,
1362 3606 1450 3649 sono

171 3689 305 3772 peggio
335 3691 401 3753 che
424 3689 495 3753 mai
517 3689 634 3753 infetti
658 3690 706 3754 da
729 3699 856 3772 questa
879 3698 997 3772 peste,
1029 3708 1129 3753 come
1154 3689 1450 3756 verisimelmente

171 3793 243 3859 Sua
267 3795 405 3860 Maesta
430 3797 521 3860 deve
545 3818 643 3861 esser
666 3796 844 3860 advertita
867 3798 915 3859 da
937 3796 962 3859 li
986 3795 1050 3859 soi.

258 3920 304 3983 Et
334 3941 443 3985 ancor
473 3924 539 3986 che
571 3942 616 3986 ne
639 3922 664 3985 li
688 3921 740 3986 soi
764 3920 865 4005 paesi
895 3921 929 3983 d’
944 3919 1090 3985 Austria
1120 3930 1205 4000 etc,
1235 3921 1451 3986 l'Arciduca

171 4026 313 4090 fratello
338 4028 382 4090 de
400 4026 474 4090 Sua
488 4029 627 4093 Maesta
651 4030 728 4112 pari
753 4031 819 4092 che
843 4027 915 4092 faci
939 4027 1057 4092 officio
1082 4029 1200 4109 degno
1225 4027 1270 4091 de
1287 4050 1351 4092 sua
1372 4049 1449 4112 pro-

171 4134 294 4216 genie,
319 4144 356 4199 et
378 4137 491 4218 bono,
522 4146 557 4200 et
581 4138 756 4200 catholico
781 4135 968 4218 Principe,
999 4133 1230 4214 nondimen0,
1262 4155 1283 4198 o
1307 4136 1349 4199 sii
1373 4157 1450 4219 per-

171 4242 233 4305 che
248 4241 284 4316 ,li
307 4243 432 4306 vecchi
455 4244 643 4308 conselieri
674 4245 719 4307 de
743 4243 851 4326 quelli
876 4242 977 4325 paesi
1007 4241 1112 4305 furno
1136 4262 1276 4326 sempre
1307 4244 1378 4306 mal
1402 4243 1450 4307 di·

170 4349 282 4431 sposti
305 4369 411 4413 verso
435 4360 561 4432 questa
585 4350 698 4414 Santa
721 4349 827 4432 Sede,
852 4371 873 4414 ο
898 4370 963 4432 per
986 4352 1076 4412 altra
1101 4369 1227 4430 causa,
1252 4350 1337 4432 ogni
1361 4351 1398 4413 di
1421 4351 1451 4415 si

170 4456 261 4519 vede
292 4458 443 4538 qualche
468 4477 557 4540 gran
582 4460 800 4538 desordene,
836 4469 872 4520 et
895 4457 966 4520 mal
990 4457 1155 4540 exemplo
1188 4457 1232 4521 de
1256 4459 1290 4522 le
1314 4479 1397 4523 cose
1421 4459 1451 4522 si

172 4561 278 4626 fanno
302 4567 458 4628 secundo
482 4576 609 4647 questa
632 4567 825 4629 maledetta
848 4573 951 4627 setta.

257 4669 347 4733 Item
371 4672 405 4734 le
429 4670 513 4735 citti
536 4673 685 4736 franche
710 4693 810 4736 come
830 4671 1088 4753 Noremberga,
1112 4658 1287 4754 Augusta,
1312 4674 1451 4758 Argen·

173 4774 263 4857 tina,
299 4774 424 4861 Spita,
459 4781 525 4844 che
559 4782 705 4844 soleano
736 4799 877 4862 sempre
902 4777 1112 4861 gobernarsi
1145 4782 1451 4870 prudentemente,

174 4901 258 4947 sono
292 4885 386 4949 assai
416 4887 478 4969 piir
501 4890 740 4954 contaminate
771 4888 836 4951 che
860 4887 885 4950 li
910 4885 991 4950 altri
1014 4883 1148 4968 populi.
1195 4886 1254 5038 Et,
1270 4913 1335 5016 per
1366 4904 1451 4984 ogni

1255 4986 1272 5038 2
