3559 5734
760 506 1007 562 0<3286t>w

243 645 349 709 feceli
381 668 491 710 ancor
524 649 765 713 admonitione
797 655 862 715 che
887 655 939 715 sel
968 674 1032 716 suo
1057 655 1181 716 ordine
1214 675 1235 716 ο
1260 654 1410 735 qualche
1444 674 1527 716 con-

245 762 351 815 vento
375 753 471 817 fusse
496 755 622 819 infetto
647 759 682 820 di
707 758 778 840 cio,
813 759 854 823 N.
881 757 917 825 S.
942 762 1102 824 harebbe
1127 764 1246 823 buona
1271 781 1378 823 causa
1400 782 1422 824 a
1445 780 1527 842 pro-

245 861 352 923 ceder
384 872 419 924 et
449 862 514 925 dar
537 862 572 926 in
597 866 709 946 preda
740 864 764 928 li
792 867 869 928 loro
902 868 984 930 beni
1015 868 1075 930 alli
1098 867 1223 947 vicini,
1259 868 1325 929 che
1357 868 1457 929 molti
1487 889 1529 929 se

245 970 509 1032 troverebbeno
533 972 721 1052 mordenti,
745 981 844 1036 tanto
869 974 929 1055 piir
955 974 1087 1056 perche
1104 974 1214 1037 Cesar
1238 973 1530 1038 condescenderit

245 1075 432 1138 volentieri
462 1079 509 1139 ad
533 1080 581 1140 tal
606 1099 690 1142 cosa
719 1100 786 1162 per
808 1081 913 1163 vigor
943 1083 1001 1144 del
1026 1103 1089 1144 suo
1114 1082 1236 1146 editt0.
1284 1080 1419 1162 Questo
1452 1101 1528 1143 are-

245 1183 355 1245 cordo
381 1193 416 1244 ct
440 1205 461 1246 a
485 1184 573 1248 detti
590 1185 766 1249 Cartusini
791 1198 827 1251 et
851 1187 897 1250 ad
921 1189 1002 1251 altri
1026 1188 1185 1270 religiosi
1209 1188 1320 1251 ricchi
1343 1189 1391 1251 ha
1410 1208 1530 1250 messo

246 1289 280 1352 in
306 1290 450 1354 orechia
485 1294 538 1354 tal
558 1293 675 1374 pulice
709 1296 767 1356 del
792 1298 857 1358 che
892 1296 970 1357 loro
995 1316 1064 1358 non
1090 1316 1314 1379 pensavan0,
1350 1295 1416 1357 che
1449 1314 1531 1376 pro·

247 1407 355 1460 metto
380 1420 401 1461 a
425 1399 468 1461 V.
494 1398 530 1463 S.
555 1401 651 1464 Rma
675 1404 741 1464 che
765 1423 809 1465 ne
833 1403 1024 1466 vederemo
1049 1407 1144 1466 buon
1169 1402 1290 1465 frutto.

336 1504 464 1568 Visitai
496 1528 629 1571 ancora
652 1509 675 1570 li
701 1509 952 1591 Augustiniani
984 1510 1019 1572 di
1049 1512 1147 1574 detto
1172 1511 1330 1591 Bruges,
1358 1509 1409 1591 gli
1434 1508 1532 1590 quali

248 1632 317 1675 non
350 1634 438 1675 sono
461 1614 521 1696 gia
546 1620 618 1677 cosl
650 1616 767 1679 infetti
802 1638 903 1679 come
933 1619 1015 1679 tutti
1039 1618 1062 1681 li
1087 1617 1279 1700 Augustini
1305 1617 1341 1679 di
1366 1615 1534 1679 Anversa

248 1730 284 1781 et
314 1740 384 1782 una
407 1731 510 1801 parte
534 1722 570 1782 di
594 1723 703 1804 quelli
727 1723 763 1785 di
788 1723 911 1803 Gand,
948 1733 984 1787 et
1007 1734 1133 1806 questo
1165 1745 1221 1786 me
1245 1724 1373 1787 dicono
1398 1723 1533 1806 perche

248 1827 273 1888 li
290 1827 483 1907 Augustini
507 1829 542 1889 di
559 1830 700 1910 Bruges
724 1852 812 1893 sono
838 1832 933 1894 della
956 1832 1103 1913 antiqua
1126 1831 1356 1911 institutione,
1381 1841 1416 1895 et
1437 1832 1461 1894 li
1485 1831 1534 1894 de

249 1934 414 1997 Anversa
437 1934 495 1996 del
514 1936 706 2016 Vicariat0,
731 1958 831 2000 come
856 1938 1046 2001 &Martino
1071 1948 1106 2001 et
1131 1938 1239 2021 quelli
1265 1939 1299 2000 di
1317 1938 1421 2002 Gand
1443 1959 1533 2001 sono

250 2041 354 2104 divisi
378 2043 411 2104 in
438 2054 562 2124 queste
586 2045 653 2106 due
677 2044 827 2127 fattioni,
854 2046 972 2108 donde
997 2045 1021 2108 li
1038 2045 1207 2108 vicariani
1223 2066 1375 2108 cercano
1392 2065 1535 2126 sempre

250 2151 408 2213 scacciar
431 2151 455 2212 li
479 2151 570 2229 altri,
595 2155 682 2233 pero
707 2153 799 2215 intra
823 2153 900 2216 loro
925 2153 944 2215 ὲ
968 2153 1105 2235 grande
1130 2152 1223 2216 odio.
1264 2153 1399 2232 Questa
1416 2152 1462 2213 mi
1485 2152 1534 2213 ha

251 2268 364 2337 parso'
389 2256 447 2338 piu
473 2277 563 2338 gran
589 2280 696 2323 causa
726 2262 792 2323 che
817 2260 840 2322 li
866 2259 1057 2343 Augustini
1089 2261 1125 2321 di
1149 2260 1289 2339 Bruges
1320 2258 1390 2321 mai
1413 2260 1533 2321 hanno

251 2362 502 2446 favoreggiato
527 2365 662 2429 Luther
692 2367 762 2429 imo
794 2367 839 2430 ne
871 2367 939 2429 mai
970 2369 1005 2429 lo
1029 2367 1230 2429 nominano.
1277 2366 1316 2428 Io
1348 2366 1372 2427 li
1405 2364 1475 2427 feci
1498 2367 1533 2428 le

252 2471 545 2536 demonstrationi
579 2474 699 2536 debite
728 2484 764 2565 et
787 2473 921 2536 intimai
944 2475 979 2536 la
1002 2474 1106 2536 Bulla
1136 2482 1172 2535 et
1196 2472 1307 2535 editto
1332 2480 1367 2535 et
1391 2492 1533 2535 receve-

252 2581 353 2643 ronla
384 2600 463 2642 cum
495 2580 615 2644 debita
639 2602 830 2643 reverenza
861 2589 897 2643 et
920 2580 1116 2662 promisero
1147 2579 1203 2642 far
1231 2568 1416 2653 el'dever3
1453 2599 1534 2661 sup·

252 2687 441 2769 plicavano
474 2688 562 2768 perd
595 2690 661 2750 che
685 2689 706 2750 ’l
732 2686 796 2749 8¹³⁰
821 2709 890 2751 non
924 2688 948 2749 li
972 2691 1124 2750 lassasse
1152 2688 1315 2769 expellor
1346 2687 1431 2749 dalli
1455 2688 1537 2750 altri

253 2794 446 2877 Augustini
469 2794 651 2859 vicariani.
697 2796 736 2859 Io
768 2795 792 2858 li
817 2796 902 2858 dissi
936 2797 1002 2857 che
1026 2792 1100 2857 Sua
1123 2792 1264 2858 Santita
1296 2814 1366 2857 non
1390 2795 1416 2856 li
1440 2815 1536 2857 man-

254 2905 429 2982 carebbe‚
464 2903 618 2965 maxime
643 2924 681 2965 se
705 2902 844 2966 fussero
869 2901 1046 2966 constanti
1070 2911 1195 2964 contra
1227 2910 1353 2983 questa
1376 2899 1535 2968 heresia:

253 3013 463 3092 besognava
497 3011 584 3091 perd
625 3012 690 3073 che
727 3011 819 3073 oltra
858 3020 985 3092 questo
1022 3009 1204 3071 vivessero
1245 3007 1536 3089 religiosamente

255 3138 359 3180 senza
382 3118 601 3180 scandalizor
626 3118 659 3180 el
682 3119 834 3200 popu10,
859 3117 883 3179 il
908 3118 973 3179 che
998 3117 1015 3179 i
1040 3136 1148 3179 causa
1172 3135 1295 3196 spesse
1319 3117 1416 3178 volte
1441 3115 1537 3178 della

256 3225 426 3289 mutation
451 3226 487 3286 di
512 3225 678 3288 conventi
702 3236 738 3289 et
763 3224 889 3287 ordini.

345 3334 417 3396 Per
445 3333 546 3396 venir
576 3334 623 3396 da
647 3333 786 3413 Bruges
817 3353 838 3394 a
862 3332 1052 3394 Bruxelles
1083 3329 1153 3393 feci
1184 3330 1241 3392 un'
1266 3332 1357 3392 altra
1388 3329 1493 3393 visita
1516 3351 1539 3392 a

258 3442 362 3503 Gand
387 3451 423 3503 et
447 3461 502 3503 me
527 3440 655 3503 dicono
679 3440 703 3502 li
728 3439 941 3502 mendicanti
966 3436 1095 3501 essersi
1120 3436 1205 3518 ogni
1238 3436 1274 3499 dl
1298 3437 1357 3518 piu
1383 3445 1539 3500 corretta

258 3549 377 3629 quella
407 3557 503 3610 terra
534 3559 569 3610 et
600 3551 634 3610 lo
659 3567 887 3629 cognosceno
920 3546 1015 3608 dalla
1040 3544 1281 3617 confessione;
1317 3544 1406 3623 imo,
1442 3544 1540 3625 quod

259 3655 428 3736 optimum
453 3665 523 3737 est,
554 3677 610 3719 me
635 3655 764 3718 dicono
789 3653 877 3717 detti
902 3652 1118 3717 mendicanti
1142 3654 1208 3714 che
1233 3652 1303 3713 alla
1327 3650 1420 3713 festa
1444 3650 1542 3712 della

260 3763 492 3845 Assumption
523 3783 611 3826 sono
636 3772 732 3826 certe
756 3760 976 3844 indulgentie
1007 3759 1052 3822 ad
1077 3778 1148 3820 una
1172 3757 1301 3821 Chiesa
1331 3758 1424 3819 dove
1448 3755 1540 3818 fatto

259 3871 297 3933 fu
321 3870 380 3953 piu
399 3891 571 3935 concorso
596 3872 654 3934 dei
671 3869 853 3934 confitenti
877 3878 913 3931 et
937 3869 982 3930 de
1006 3866 1114 3948 quelli
1130 3867 1196 3928 che
1214 3863 1410 3928 offerivano
1435 3863 1456 3924 l'
1471 3865 1541 3925 ele-

260 3978 397 4041 mosina
420 3999 485 4060 per
507 3979 620 4040 haver
643 3979 676 4040 le
700 3975 922 4056 indulgentie
946 3995 1017 4036 una
1041 3974 1139 4036 volta
1163 3981 1199 4034 et
1222 3970 1366 4053 meggia
1390 3970 1449 4052 pin
1474 3971 1543 4032 che

260 4086 319 4170 gia
345 4086 441 4149 molti
465 4086 549 4149 anni
572 4085 706 4168 passati
730 4105 802 4147 non
827 4084 868 4146 sii
893 4092 948 4145 sta
971 4081 1072 4144 fatto.

352 4194 389 4256 In
416 4194 597 4257 Antversa
621 4193 641 4256 e
664 4202 806 4256 tornato
830 4192 950 4274 quello
974 4189 1072 4272 prior
1096 4188 1141 4250 de
1165 4184 1376 4269 Augustini,
1402 4185 1435 4248 el
1459 4186 1544 4266 qual

261 4324 403 4386 sempre
426 4301 621 4385 predicava
650 4301 684 4364 la
709 4299 865 4363 dottrioa
889 4298 925 4360 di
949 4298 1099 4376 Luther,
1133 4294 1179 4357 ad
1203 4302 1303 4356 tanto
1334 4293 1401 4355 che
1426 4293 1457 4355 el
1482 4311 1544 4373 po-

262 4413 365 4495 pulo,
402 4409 554 4474 essendo
587 4409 647 4472 noi
680 4430 702 4471 a
724 4407 877 4470 Vormes
911 4405 980 4487 qua
1012 4403 1041 4465 si
1066 4422 1180 4465 messe
1209 4399 1245 4465 in
1276 4420 1383 4462 arme.
1430 4398 1475 4461 Et
1499 4398 1546 4461 de

264 4520 404 4605 questui
418 4521 576 4597 Erasm0,
600 4517 635 4580 in
659 4536 729 4578 una
743 4535 808 4577 sua
823 4513 975 4601 epistola
990 4512 1163 4592 impressa
1178 4507 1293 4571 scrive
1310 4507 1392 4569 che:
1420 4504 1547 4589 „Prior

265 4625 640 4711 Augustinianensium
662 4621 896 4703 Antwerpiae
920 4621 1015 4681 solus
1038 4636 1132 4699 pene
1150 4614 1326 4677 Christum
1349 4610 1545 4695 predicat.“

264 4740 342 4803 Hor
373 4744 499 4819 questo
531 4733 629 4816 prior
661 4752 723 4795 era
754 4730 803 4792 ito
834 4750 855 4791 a
878 4738 1001 4790 trovar
1024 4721 1179 4786 Martino
1212 4719 1321 4802 dopoi
1351 4719 1375 4781 il
1399 4718 1547 4780 decreto

266 4847 302 4917 di
318 4846 484 4915 Wormes
508 4853 545 4913 et
568 4845 602 4905 al
619 4847 786 4931 presente
810 4838 1038 4914 eretornato,
1063 4840 1099 4893 et
1115 4832 1184 4892 ben
1202 4830 1268 4891 che
1283 4825 1547 4910 publicamente
