<?xml version="1.0" encoding="UTF-8"?>
<!DOCTYPE html PUBLIC "-//W3C//DTD XHTML 1.0 Transitional//EN"
    "http://www.w3.org/TR/xhtml1/DTD/xhtml1-transitional.dtd">
<html xmlns="http://www.w3.org/1999/xhtml" xml:lang="en" lang="en">
 <head>
  <title>
</title>
<meta http-equiv="Content-Type" content="text/html;charset=utf-8" />
  <meta name='ocr-system' content='tesseract 3.04.00' />
  <meta name='ocr-capabilities' content='ocr_page ocr_carea ocr_par ocr_line ocrx_word'/>
</head>
<body>
  <div class='ocr_page' id='page_1' title='image "./monumentareform01vatigoog/monumentareform01vatigoog_0295.png"; bbox 0 0 3559 5734; ppageno 0'>
   <div class='ocr_carea' id='block_1_1' title="bbox 745 528 992 587">
    <p class='ocr_par' dir='ltr' id='par_1_1' title="bbox 745 528 992 587">
     <span class='ocr_line' id='line_1_1' title="bbox 745 528 992 587; baseline -0.008 0"><span class='ocrx_word' id='word_1_1' title='bbox 745 531 895 587; x_wconf 60' lang='lat'>0-4326?</span> <span class='ocrx_word' id='word_1_2' title='bbox 934 528 992 585; x_wconf 60' lang='grc' dir='ltr'>ΕῊ</span> 
     </span>
    </p>
   </div>
   <div class='ocr_carea' id='block_1_2' title="bbox 228 673 1511 1617">
    <p class='ocr_par' dir='ltr' id='par_1_2' title="bbox 228 673 1511 974">
     <span class='ocr_line' id='line_1_2' title="bbox 228 673 1511 759; baseline -0.006 -18"><span class='ocrx_word' id='word_1_3' title='bbox 228 689 324 759; x_wconf 82' lang='lat' dir='ltr'>rato,</span> <span class='ocrx_word' id='word_1_4' title='bbox 357 689 392 742; x_wconf 89' lang='lat' dir='ltr'>et</span> <span class='ocrx_word' id='word_1_5' title='bbox 415 679 450 741; x_wconf 92' lang='lat' dir='ltr'>in</span> <span class='ocrx_word' id='word_1_6' title='bbox 483 698 563 742; x_wconf 91' lang='lat' dir='ltr'>essa</span> <span class='ocrx_word' id='word_1_7' title='bbox 591 698 629 741; x_wconf 90' lang='lat' dir='ltr'>se</span> <span class='ocrx_word' id='word_1_8' title='bbox 655 676 779 740; x_wconf 87' lang='lat' dir='ltr'>satisfa</span> <span class='ocrx_word' id='word_1_9' title='bbox 803 697 822 739; x_wconf 91' lang='lat' dir='ltr'>e</span> <span class='ocrx_word' id='word_1_10' title='bbox 847 678 954 742; x_wconf 88' lang='lat' dir='ltr'>lauda</span> <span class='ocrx_word' id='word_1_11' title='bbox 977 678 1011 739; x_wconf 90' lang='lat' dir='ltr'>la</span> <span class='ocrx_word' id='word_1_12' title='bbox 1035 674 1284 738; x_wconf 89' lang='lat' dir='ltr'>conservation</span> <span class='ocrx_word' id='word_1_13' title='bbox 1314 673 1373 734; x_wconf 90' lang='lat' dir='ltr'>del</span> <span class='ocrx_word' id='word_1_14' title='bbox 1396 673 1511 734; x_wconf 90' lang='lat' dir='ltr'>honor</span> 
     </span>
     <span class='ocr_line' id='line_1_3' title="bbox 231 781 1509 867; baseline -0.006 -19"><span class='ocrx_word' id='word_1_15' title='bbox 231 787 313 849; x_wconf 90' lang='lat' dir='ltr'>dela</span> <span class='ocrx_word' id='word_1_16' title='bbox 337 784 433 849; x_wconf 86' lang='lat' dir='ltr'>Sede</span> <span class='ocrx_word' id='word_1_17' title='bbox 459 785 669 866; x_wconf 90' lang='lat' dir='ltr'>Apostolica</span> <span class='ocrx_word' id='word_1_18' title='bbox 700 785 919 867; x_wconf 87' lang='lat' dir='ltr'>reguardata</span> <span class='ocrx_word' id='word_1_19' title='bbox 950 786 997 846; x_wconf 90' lang='lat' dir='ltr'>da</span> <span class='ocrx_word' id='word_1_20' title='bbox 1026 782 1087 845; x_wconf 91' lang='lat' dir='ltr'>vui</span> <span class='ocrx_word' id='word_1_21' title='bbox 1119 791 1155 844; x_wconf 88' lang='lat' dir='ltr'>et</span> <span class='ocrx_word' id='word_1_22' title='bbox 1182 782 1216 843; x_wconf 96' lang='lat' dir='ltr'>la</span> <span class='ocrx_word' id='word_1_23' title='bbox 1240 781 1416 863; x_wconf 84' lang='lat' dir='ltr'>prudente</span> <span class='ocrx_word' id='word_1_24' title='bbox 1440 800 1509 841; x_wconf 91' lang='lat' dir='ltr'>ma-</span> 
     </span>
     <span class='ocr_line' id='line_1_4' title="bbox 229 890 1167 974; baseline -0.005 -18"><span class='ocrx_word' id='word_1_25' title='bbox 229 892 328 956; x_wconf 87' lang='lat' dir='ltr'>niera</span> <span class='ocrx_word' id='word_1_26' title='bbox 352 913 419 956; x_wconf 93' lang='lat' dir='ltr'>con</span> <span class='ocrx_word' id='word_1_27' title='bbox 442 894 478 955; x_wconf 92' lang='lat' dir='ltr'>la</span> <span class='ocrx_word' id='word_1_28' title='bbox 501 893 606 974; x_wconf 90' lang='lat' dir='ltr'>quale</span> <span class='ocrx_word' id='word_1_29' title='bbox 630 892 759 954; x_wconf 89' lang='lat' dir='ltr'>havete</span> <span class='ocrx_word' id='word_1_30' title='bbox 782 891 819 954; x_wconf 91' lang='lat' dir='ltr'>in</span> <span class='ocrx_word' id='word_1_31' title='bbox 843 900 936 954; x_wconf 91' lang='lat' dir='ltr'>tutto</span> <span class='ocrx_word' id='word_1_32' title='bbox 959 890 1167 974; x_wconf 82' lang='lat' dir='ltr'>proceduto</span> 
     </span>
    </p>

    <p class='ocr_par' dir='ltr' id='par_1_3' title="bbox 229 995 1511 1617">
     <span class='ocr_line' id='line_1_5' title="bbox 319 995 1511 1078; baseline -0.005 -16"><span class='ocrx_word' id='word_1_33' title='bbox 319 1001 390 1063; x_wconf 90' lang='lat' dir='ltr'>Del</span> <span class='ocrx_word' id='word_1_34' title='bbox 414 1010 536 1062; x_wconf 88' lang='lat' dir='ltr'>vostro</span> <span class='ocrx_word' id='word_1_35' title='bbox 561 998 695 1062; x_wconf 89' lang='lat' dir='ltr'>ritorno</span> <span class='ocrx_word' id='word_1_36' title='bbox 720 998 834 1061; x_wconf 88' lang='lat' dir='ltr'>farete</span> <span class='ocrx_word' id='word_1_37' title='bbox 859 1019 960 1061; x_wconf 90' lang='lat' dir='ltr'>come</span> <span class='ocrx_word' id='word_1_38' title='bbox 985 997 1072 1078; x_wconf 86' lang='lat' dir='ltr'>dite,</span> <span class='ocrx_word' id='word_1_39' title='bbox 1103 997 1270 1060; x_wconf 79' lang='lat' dir='ltr'>lassando</span> <span class='ocrx_word' id='word_1_40' title='bbox 1296 998 1386 1058; x_wconf 90' lang='lat' dir='ltr'>cossl</span> <span class='ocrx_word' id='word_1_41' title='bbox 1418 995 1511 1057; x_wconf 90' lang='lat' dir='ltr'>dove</span> 
     </span>
     <span class='ocr_line' id='line_1_6' title="bbox 229 1102 1509 1189; baseline -0.005 -19"><span class='ocrx_word' id='word_1_42' title='bbox 229 1106 432 1189; x_wconf 89' lang='lat' dir='ltr'>bisognassi</span> <span class='ocrx_word' id='word_1_43' title='bbox 465 1109 560 1171; x_wconf 91' lang='lat' dir='ltr'>bono</span> <span class='ocrx_word' id='word_1_44' title='bbox 590 1106 714 1170; x_wconf 88' lang='lat' dir='ltr'>ordine</span> <span class='ocrx_word' id='word_1_45' title='bbox 746 1117 781 1169; x_wconf 91' lang='lat' dir='ltr'>et</span> <span class='ocrx_word' id='word_1_46' title='bbox 813 1107 978 1169; x_wconf 86' lang='lat' dir='ltr'>havendo</span> <span class='ocrx_word' id='word_1_47' title='bbox 1009 1103 1210 1167; x_wconf 81' lang='lat' dir='ltr'>avertentia</span> <span class='ocrx_word' id='word_1_48' title='bbox 1234 1123 1334 1167; x_wconf 91' lang='lat' dir='ltr'>como</span> <span class='ocrx_word' id='word_1_49' title='bbox 1358 1102 1393 1164; x_wconf 93' lang='lat' dir='ltr'>vi</span> <span class='ocrx_word' id='word_1_50' title='bbox 1418 1122 1509 1164; x_wconf 89' lang='lat' dir='ltr'>com·</span> 
     </span>
     <span class='ocr_line' id='line_1_7' title="bbox 230 1208 1511 1295; baseline -0.004 -19"><span class='ocrx_word' id='word_1_51' title='bbox 230 1215 366 1278; x_wconf 87' lang='lat' dir='ltr'>metteti</span> <span class='ocrx_word' id='word_1_52' title='bbox 390 1235 412 1276; x_wconf 93' lang='lat' dir='ltr'>a</span> <span class='ocrx_word' id='word_1_53' title='bbox 435 1214 573 1279; x_wconf 90' lang='lat' dir='ltr'>camino</span> <span class='ocrx_word' id='word_1_54' title='bbox 597 1234 663 1295; x_wconf 88' lang='lat' dir='ltr'>per</span> <span class='ocrx_word' id='word_1_55' title='bbox 687 1214 712 1276; x_wconf 89' lang='lat' dir='ltr'>il</span> <span class='ocrx_word' id='word_1_56' title='bbox 735 1216 838 1277; x_wconf 89' lang='lat' dir='ltr'>caldo</span> <span class='ocrx_word' id='word_1_57' title='bbox 863 1222 899 1276; x_wconf 91' lang='lat' dir='ltr'>et</span> <span class='ocrx_word' id='word_1_58' title='bbox 923 1234 989 1295; x_wconf 85' lang='lat' dir='ltr'>per</span> <span class='ocrx_word' id='word_1_59' title='bbox 1013 1214 1045 1275; x_wconf 91' lang='lat' dir='ltr'>le</span> <span class='ocrx_word' id='word_1_60' title='bbox 1068 1212 1141 1291; x_wconf 88' lang='lat' dir='ltr'>vie,</span> <span class='ocrx_word' id='word_1_61' title='bbox 1167 1223 1204 1273; x_wconf 91' lang='lat' dir='ltr'>et</span> <span class='ocrx_word' id='word_1_62' title='bbox 1226 1212 1285 1273; x_wconf 91' lang='lat' dir='ltr'>nel</span> <span class='ocrx_word' id='word_1_63' title='bbox 1309 1208 1421 1291; x_wconf 86' lang='lat' dir='ltr'>partir</span> <span class='ocrx_word' id='word_1_64' title='bbox 1444 1209 1511 1272; x_wconf 87' lang='lat' dir='ltr'>che</span> 
     </span>
     <span class='ocr_line' id='line_1_8' title="bbox 229 1306 1510 1401; baseline -0.005 -17"><span class='ocrx_word' id='word_1_65' title='bbox 229 1321 344 1384; x_wconf 81' lang='lat' dir='ltr'>latete</span> <span class='ocrx_word' id='word_1_66' title='bbox 369 1323 465 1384; x_wconf 88' lang='lat' dir='ltr'>dalla</span> <span class='ocrx_word' id='word_1_67' title='bbox 489 1321 644 1385; x_wconf 84' lang='lat' dir='ltr'>Cesarea</span> <span class='ocrx_word' id='word_1_68' title='bbox 667 1320 806 1384; x_wconf 72' lang='lat' dir='ltr'>Maesta</span> <span class='ocrx_word' id='word_1_69' title='bbox 831 1306 866 1383; x_wconf 85' lang='lat' dir='ltr'>et</span> <span class='ocrx_word' id='word_1_70' title='bbox 891 1321 938 1382; x_wconf 92' lang='lat' dir='ltr'>da</span> <span class='ocrx_word' id='word_1_71' title='bbox 961 1318 1043 1401; x_wconf 93' lang='lat' dir='ltr'>quei</span> <span class='ocrx_word' id='word_1_72' title='bbox 1068 1316 1213 1401; x_wconf 86' lang='lat' dir='ltr'>Signori</span> <span class='ocrx_word' id='word_1_73' title='bbox 1228 1318 1319 1398; x_wconf 84' lang='lat' dir='ltr'>tutti,</span> <span class='ocrx_word' id='word_1_74' title='bbox 1344 1336 1388 1378; x_wconf 90' lang='lat' dir='ltr'>ve</span> <span class='ocrx_word' id='word_1_75' title='bbox 1404 1316 1510 1379; x_wconf 89' lang='lat' dir='ltr'>ricor-</span> 
     </span>
     <span class='ocr_line' id='line_1_9' title="bbox 231 1423 1510 1510; baseline -0.005 -20"><span class='ocrx_word' id='word_1_76' title='bbox 231 1430 355 1492; x_wconf 90' lang='lat' dir='ltr'>darete</span> <span class='ocrx_word' id='word_1_77' title='bbox 378 1427 434 1491; x_wconf 87' lang='lat' dir='ltr'>far</span> <span class='ocrx_word' id='word_1_78' title='bbox 458 1430 577 1510; x_wconf 91' lang='lat' dir='ltr'>quello</span> <span class='ocrx_word' id='word_1_79' title='bbox 602 1427 721 1492; x_wconf 85' lang='lat' dir='ltr'>officio</span> <span class='ocrx_word' id='word_1_80' title='bbox 744 1448 811 1510; x_wconf 90' lang='lat' dir='ltr'>per</span> <span class='ocrx_word' id='word_1_81' title='bbox 835 1427 894 1491; x_wconf 90' lang='lat' dir='ltr'>noi</span> <span class='ocrx_word' id='word_1_82' title='bbox 919 1428 984 1489; x_wconf 93' lang='lat' dir='ltr'>che</span> <span class='ocrx_word' id='word_1_83' title='bbox 1002 1426 1176 1489; x_wconf 89' lang='lat' dir='ltr'>conviene</span> <span class='ocrx_word' id='word_1_84' title='bbox 1200 1426 1271 1487; x_wconf 92' lang='lat' dir='ltr'>alla</span> <span class='ocrx_word' id='word_1_85' title='bbox 1295 1423 1427 1487; x_wconf 80' lang='lat' dir='ltr'>servitu</span> <span class='ocrx_word' id='word_1_86' title='bbox 1451 1424 1510 1485; x_wconf 94' lang='lat' dir='ltr'>ha·</span> 
     </span>
     <span class='ocr_line' id='line_1_10' title="bbox 230 1534 1511 1617; baseline -0.004 -20"><span class='ocrx_word' id='word_1_87' title='bbox 230 1557 334 1599; x_wconf 90' lang='lat' dir='ltr'>vemo</span> <span class='ocrx_word' id='word_1_88' title='bbox 360 1556 425 1599; x_wconf 91' lang='lat' dir='ltr'>con</span> <span class='ocrx_word' id='word_1_89' title='bbox 451 1538 569 1617; x_wconf 91' lang='lat' dir='ltr'>quella</span> <span class='ocrx_word' id='word_1_90' title='bbox 595 1544 630 1599; x_wconf 91' lang='lat' dir='ltr'>et</span> <span class='ocrx_word' id='word_1_91' title='bbox 653 1536 710 1598; x_wconf 85' lang='lat' dir='ltr'>all&#39;</span> <span class='ocrx_word' id='word_1_92' title='bbox 736 1555 857 1598; x_wconf 85' lang='lat' dir='ltr'>amore</span> <span class='ocrx_word' id='word_1_93' title='bbox 882 1534 1063 1616; x_wconf 88' lang='lat' dir='ltr'>singulare</span> <span class='ocrx_word' id='word_1_94' title='bbox 1092 1534 1157 1596; x_wconf 91' lang='lat' dir='ltr'>che</span> <span class='ocrx_word' id='word_1_95' title='bbox 1182 1542 1345 1615; x_wconf 90' lang='lat' dir='ltr'>portamo</span> <span class='ocrx_word' id='word_1_96' title='bbox 1376 1552 1397 1592; x_wconf 91' lang='lat' dir='ltr'>a</span> <span class='ocrx_word' id='word_1_97' title='bbox 1421 1538 1511 1592; x_wconf 88' lang='lat' dir='ltr'>tutte</span> 
     </span>
    </p>
   </div>
   <div class='ocr_carea' id='block_1_3' title="bbox 229 1643 1378 1826">
    <p class='ocr_par' dir='ltr' id='par_1_4' title="bbox 229 1643 1378 1826">
     <span class='ocr_line' id='line_1_11' title="bbox 229 1643 477 1726; baseline 0.004 -21"><span class='ocrx_word' id='word_1_98' title='bbox 229 1645 285 1706; x_wconf 91' lang='lat' dir='ltr'>lor</span> <span class='ocrx_word' id='word_1_99' title='bbox 309 1643 477 1726; x_wconf 87' lang='lat' dir='ltr'>signorie.</span> 
     </span>
     <span class='ocr_line' id='line_1_12' title="bbox 321 1745 1378 1826; baseline -0.003 -14"><span class='ocrx_word' id='word_1_100' title='bbox 321 1750 421 1813; x_wconf 86' lang='lat' dir='ltr'>Bene</span> <span class='ocrx_word' id='word_1_101' title='bbox 444 1752 564 1813; x_wconf 89' lang='lat' dir='ltr'>valeat</span> <span class='ocrx_word' id='word_1_102' title='bbox 588 1750 628 1813; x_wconf 89' lang='lat' dir='ltr'>P.</span> <span class='ocrx_word' id='word_1_103' title='bbox 652 1750 697 1813; x_wconf 84' lang='lat' dir='ltr'>V.</span> <span class='ocrx_word' id='word_1_104' title='bbox 744 1749 949 1813; x_wconf 86' lang='lat' dir='ltr'>Florentiae</span> <span class='ocrx_word' id='word_1_105' title='bbox 972 1747 1066 1811; x_wconf 88' lang='lat' dir='ltr'>XIV</span> <span class='ocrx_word' id='word_1_106' title='bbox 1089 1745 1172 1826; x_wconf 90' lang='lat' dir='ltr'>Julii</span> <span class='ocrx_word' id='word_1_107' title='bbox 1196 1745 1378 1809; x_wconf 88' lang='lat' dir='ltr'>MDXXI.</span> 
     </span>
    </p>
   </div>
   <div class='ocr_carea' id='block_1_4' title="bbox 819 1954 971 1966">
    <p class='ocr_par' dir='ltr' id='par_1_5' title="bbox 819 1954 971 1966">
     <span class='ocr_line' id='line_1_13' title="bbox 819 1954 971 1966; baseline 0.007 -1"><span class='ocrx_word' id='word_1_108' title='bbox 819 1956 831 1966; x_wconf 66' lang='lat' dir='ltr'>a*</span> <span class='ocrx_word' id='word_1_109' title='bbox 843 1955 899 1966; x_wconf 52' lang='lat' dir='ltr'>“t-&amp;W</span> <span class='ocrx_word' id='word_1_110' title='bbox 902 1954 971 1966; x_wconf 53' lang='lat' dir='ltr'>*Awss</span> 
     </span>
    </p>
   </div>
   <div class='ocr_carea' id='block_1_5' title="bbox 836 2186 897 2250">
    <p class='ocr_par' dir='ltr' id='par_1_6' title="bbox 836 2186 897 2250">
     <span class='ocr_line' id='line_1_14' title="bbox 836 2186 897 2250; baseline -0.016 0"><span class='ocrx_word' id='word_1_111' title='bbox 836 2186 897 2250; x_wconf 78' lang='lat'>107</span> 
     </span>
    </p>
   </div>
   <div class='ocr_carea' id='block_1_6' title="bbox 558 2310 1189 2523">
    <p class='ocr_par' dir='ltr' id='par_1_7' title="bbox 558 2310 1189 2523">
     <span class='ocr_line' id='line_1_15' title="bbox 558 2310 1189 2414; baseline 0 -21"><span class='ocrx_word' id='word_1_112' title='bbox 558 2312 719 2413; x_wconf 72' lang='grc'><strong>11111111).</strong></span> <span class='ocrx_word' id='word_1_113' title='bbox 749 2312 984 2414; x_wconf 81' lang='lat' dir='ltr'>Mogontinus</span> <span class='ocrx_word' id='word_1_114' title='bbox 1010 2311 1119 2392; x_wconf 80' lang='lat' dir='ltr'>Leoni</span> <span class='ocrx_word' id='word_1_115' title='bbox 1146 2310 1189 2393; x_wconf 72' lang='lat' dir='ltr'>X</span> 
     </span>
     <span class='ocr_line' id='line_1_16' title="bbox 681 2449 1067 2523; baseline -0.005 -13"><span class='ocrx_word' id='word_1_116' title='bbox 681 2453 767 2523; x_wconf 68' lang='grc'><strong>(1111</strong></span> <span class='ocrx_word' id='word_1_117' title='bbox 785 2449 920 2509; x_wconf 69' lang='lat' dir='ltr'>venae.</span> <span class='ocrx_word' id='word_1_118' title='bbox 939 2449 984 2509; x_wconf 82' lang='lat' dir='ltr'>ro.</span> <span class='ocrx_word' id='word_1_119' title='bbox 1001 2450 1067 2520; x_wconf 78' lang='grc'><strong>111)</strong></span> 
     </span>
    </p>
   </div>
   <div class='ocr_carea' id='block_1_7' title="bbox 648 2558 1093 2628">
    <p class='ocr_par' dir='ltr' id='par_1_8' title="bbox 648 2558 1093 2628">
     <span class='ocr_line' id='line_1_17' title="bbox 648 2558 1093 2628; baseline -0.002 -17"><span class='ocrx_word' id='word_1_120' title='bbox 648 2563 736 2628; x_wconf 87' lang='lat' dir='ltr'>(Circa</span> <span class='ocrx_word' id='word_1_121' title='bbox 764 2561 878 2611; x_wconf 86' lang='lat' dir='ltr'>medium</span> <span class='ocrx_word' id='word_1_122' title='bbox 905 2561 973 2627; x_wconf 90' lang='lat' dir='ltr'>Julii</span> <span class='ocrx_word' id='word_1_123' title='bbox 1004 2558 1093 2627; x_wconf 85' lang='lat'>1521.)</span> 
     </span>
    </p>
   </div>
   <div class='ocr_carea' id='block_1_8' title="bbox 231 2703 1517 4926">
    <p class='ocr_par' dir='ltr' id='par_1_9' title="bbox 231 2703 1516 3643">
     <span class='ocr_line' id='line_1_18' title="bbox 322 2703 1515 2787; baseline -0.003 -19"><span class='ocrx_word' id='word_1_124' title='bbox 322 2706 390 2768; x_wconf 67' lang='grc' dir='ltr'>Βῐῃθ</span> <span class='ocrx_word' id='word_1_125' title='bbox 414 2706 533 2768; x_wconf 90' lang='lat' dir='ltr'>Pater.</span> <span class='ocrx_word' id='word_1_126' title='bbox 581 2704 668 2768; x_wconf 87' lang='lat' dir='ltr'>Cum</span> <span class='ocrx_word' id='word_1_127' title='bbox 700 2725 812 2786; x_wconf 91' lang='lat' dir='ltr'>usque</span> <span class='ocrx_word' id='word_1_128' title='bbox 843 2706 933 2767; x_wconf 92' lang='lat' dir='ltr'>adeo</span> <span class='ocrx_word' id='word_1_129' title='bbox 963 2715 1190 2787; x_wconf 84' lang='lat' dir='ltr'>augmentum</span> <span class='ocrx_word' id='word_1_130' title='bbox 1225 2713 1338 2766; x_wconf 90' lang='lat' dir='ltr'>sumat</span> <span class='ocrx_word' id='word_1_131' title='bbox 1367 2703 1401 2765; x_wconf 89' lang='lat' dir='ltr'>in</span> <span class='ocrx_word' id='word_1_132' title='bbox 1439 2703 1515 2765; x_wconf 90' lang='lat' dir='ltr'>dies</span> 
     </span>
     <span class='ocr_line' id='line_1_19' title="bbox 231 2809 1514 2895; baseline -0.002 -21"><span class='ocrx_word' id='word_1_133' title='bbox 231 2812 348 2895; x_wconf 88' lang='lat' dir='ltr'>magis</span> <span class='ocrx_word' id='word_1_134' title='bbox 372 2822 480 2894; x_wconf 90' lang='lat' dir='ltr'>atque</span> <span class='ocrx_word' id='word_1_135' title='bbox 504 2811 619 2893; x_wconf 90' lang='lat' dir='ltr'>magis</span> <span class='ocrx_word' id='word_1_136' title='bbox 643 2813 843 2874; x_wconf 88' lang='lat' dir='ltr'>lutheriana</span> <span class='ocrx_word' id='word_1_137' title='bbox 867 2812 976 2874; x_wconf 83' lang='lat' dir='ltr'>factio</span> <span class='ocrx_word' id='word_1_138' title='bbox 1000 2812 1050 2875; x_wconf 87' lang='lat' dir='ltr'>ita</span> <span class='ocrx_word' id='word_1_139' title='bbox 1074 2822 1112 2873; x_wconf 90' lang='lat' dir='ltr'>ut</span> <span class='ocrx_word' id='word_1_140' title='bbox 1136 2830 1207 2874; x_wconf 92' lang='lat' dir='ltr'>non</span> <span class='ocrx_word' id='word_1_141' title='bbox 1220 2809 1383 2873; x_wconf 90' lang='lat' dir='ltr'>videatur</span> <span class='ocrx_word' id='word_1_142' title='bbox 1399 2812 1514 2873; x_wconf 89' lang='lat' dir='ltr'>celan-</span> 
     </span>
     <span class='ocr_line' id='line_1_20' title="bbox 232 2915 1516 3009; baseline -0.002 -27"><span class='ocrx_word' id='word_1_143' title='bbox 232 2920 317 2982; x_wconf 94' lang='lat' dir='ltr'>dum</span> <span class='ocrx_word' id='word_1_144' title='bbox 341 2919 604 2982; x_wconf 88' lang='lat' dir='ltr'>Beatitudinem</span> <span class='ocrx_word' id='word_1_145' title='bbox 628 2927 782 2982; x_wconf 91' lang='lat' dir='ltr'>vestram</span> <span class='ocrx_word' id='word_1_146' title='bbox 807 2939 852 2981; x_wconf 89' lang='lat' dir='ltr'>ne</span> <span class='ocrx_word' id='word_1_147' title='bbox 876 2918 961 2999; x_wconf 91' lang='lat' dir='ltr'>quid</span> <span class='ocrx_word' id='word_1_148' title='bbox 978 2917 1142 2980; x_wconf 86' lang='lat' dir='ltr'>acerbius</span> <span class='ocrx_word' id='word_1_149' title='bbox 1164 2915 1359 3009; x_wconf 74' lang='lat' dir='ltr'>contingat,</span> <span class='ocrx_word' id='word_1_150' title='bbox 1385 2917 1516 2979; x_wconf 89' lang='lat' dir='ltr'>devota</span> 
     </span>
     <span class='ocr_line' id='line_1_21' title="bbox 234 3023 1514 3105; baseline -0.001 -17"><span class='ocrx_word' id='word_1_151' title='bbox 234 3036 399 3089; x_wconf 89' lang='lat' dir='ltr'>creatura</span> <span class='ocrx_word' id='word_1_152' title='bbox 423 3024 632 3088; x_wconf 88' lang='lat' dir='ltr'>Sanctitatis</span> <span class='ocrx_word' id='word_1_153' title='bbox 667 3036 810 3087; x_wconf 90' lang='lat' dir='ltr'>vestrae</span> <span class='ocrx_word' id='word_1_154' title='bbox 835 3025 1006 3087; x_wconf 89' lang='lat' dir='ltr'>Albertus</span> <span class='ocrx_word' id='word_1_155' title='bbox 1041 3033 1107 3087; x_wconf 92' lang='lat' dir='ltr'>etc.</span> <span class='ocrx_word' id='word_1_156' title='bbox 1133 3023 1331 3087; x_wconf 87' lang='lat' dir='ltr'>Cardinalis</span> <span class='ocrx_word' id='word_1_157' title='bbox 1366 3024 1514 3105; x_wconf 92' lang='lat' dir='ltr'>Magun·</span> 
     </span>
     <span class='ocr_line' id='line_1_22' title="bbox 232 3130 1514 3214; baseline -0.002 -19"><span class='ocrx_word' id='word_1_158' title='bbox 232 3132 328 3195; x_wconf 92' lang='lat' dir='ltr'>tinus</span> <span class='ocrx_word' id='word_1_159' title='bbox 364 3132 424 3214; x_wconf 92' lang='lat' dir='ltr'>qui</span> <span class='ocrx_word' id='word_1_160' title='bbox 455 3132 600 3214; x_wconf 89' lang='lat' dir='ltr'>publice</span> <span class='ocrx_word' id='word_1_161' title='bbox 625 3131 871 3213; x_wconf 83' lang='lat' dir='ltr'>tranquillitati</span> <span class='ocrx_word' id='word_1_162' title='bbox 897 3130 1138 3213; x_wconf 85' lang='lat' dir='ltr'>maximopere</span> <span class='ocrx_word' id='word_1_163' title='bbox 1167 3132 1365 3194; x_wconf 89' lang='lat' dir='ltr'>consultum</span> <span class='ocrx_word' id='word_1_164' title='bbox 1390 3130 1433 3193; x_wconf 92' lang='lat' dir='ltr'>iri</span> <span class='ocrx_word' id='word_1_165' title='bbox 1457 3132 1514 3193; x_wconf 91' lang='lat' dir='ltr'>de-</span> 
     </span>
     <span class='ocr_line' id='line_1_23' title="bbox 232 3237 1515 3322; baseline -0.001 -21"><span class='ocrx_word' id='word_1_166' title='bbox 232 3240 366 3302; x_wconf 89' lang='lat' dir='ltr'>siderat</span> <span class='ocrx_word' id='word_1_167' title='bbox 404 3248 487 3322; x_wconf 92' lang='lat' dir='ltr'>post</span> <span class='ocrx_word' id='word_1_168' title='bbox 525 3241 691 3302; x_wconf 87' lang='lat' dir='ltr'>devotam</span> <span class='ocrx_word' id='word_1_169' title='bbox 725 3240 917 3301; x_wconf 88' lang='lat' dir='ltr'>Beatorum</span> <span class='ocrx_word' id='word_1_170' title='bbox 941 3239 1071 3321; x_wconf 89' lang='lat' dir='ltr'>pedum</span> <span class='ocrx_word' id='word_1_171' title='bbox 1109 3237 1340 3300; x_wconf 85' lang='lat' dir='ltr'>beatitudinis</span> <span class='ocrx_word' id='word_1_172' title='bbox 1373 3247 1515 3300; x_wconf 88' lang='lat' dir='ltr'>vestrae</span> 
     </span>
     <span class='ocr_line' id='line_1_24' title="bbox 233 3343 1515 3426; baseline -0.002 -17"><span class='ocrx_word' id='word_1_173' title='bbox 233 3347 539 3410; x_wconf 85' lang='lat' dir='ltr'>exosculationem</span> <span class='ocrx_word' id='word_1_174' title='bbox 562 3366 605 3408; x_wconf 87' lang='lat' dir='ltr'>ac</span> <span class='ocrx_word' id='word_1_175' title='bbox 629 3344 857 3408; x_wconf 86' lang='lat' dir='ltr'>humillimam</span> <span class='ocrx_word' id='word_1_176' title='bbox 874 3344 985 3426; x_wconf 91' lang='lat' dir='ltr'>ipsius</span> <span class='ocrx_word' id='word_1_177' title='bbox 1002 3345 1308 3408; x_wconf 89' lang='lat' dir='ltr'>comendationem</span> <span class='ocrx_word' id='word_1_178' title='bbox 1326 3343 1515 3407; x_wconf 88' lang='lat' dir='ltr'>Sanctitati</span> 
     </span>
     <span class='ocr_line' id='line_1_25' title="bbox 234 3452 1514 3535; baseline -0.002 -18"><span class='ocrx_word' id='word_1_179' title='bbox 234 3464 378 3517; x_wconf 86' lang='lat' dir='ltr'>vestrae</span> <span class='ocrx_word' id='word_1_180' title='bbox 402 3474 469 3535; x_wconf 89' lang='lat' dir='ltr'>per</span> <span class='ocrx_word' id='word_1_181' title='bbox 492 3475 548 3516; x_wconf 93' lang='lat' dir='ltr'>me</span> <span class='ocrx_word' id='word_1_182' title='bbox 565 3453 792 3516; x_wconf 88' lang='lat' dir='ltr'>Valentinum</span> <span class='ocrx_word' id='word_1_183' title='bbox 815 3463 1082 3534; x_wconf 90' lang='lat' dir='ltr'>procuratorem</span> <span class='ocrx_word' id='word_1_184' title='bbox 1097 3473 1197 3514; x_wconf 87' lang='lat' dir='ltr'>suum</span> <span class='ocrx_word' id='word_1_185' title='bbox 1214 3452 1441 3533; x_wconf 84' lang='lat' dir='ltr'>infrascripta</span> <span class='ocrx_word' id='word_1_186' title='bbox 1458 3473 1514 3515; x_wconf 87' lang='lat' dir='ltr'>ex·</span> 
     </span>
     <span class='ocr_line' id='line_1_26' title="bbox 232 3560 608 3643; baseline -0.003 -19"><span class='ocrx_word' id='word_1_187' title='bbox 232 3562 400 3643; x_wconf 91' lang='lat' dir='ltr'>ponenda</span> <span class='ocrx_word' id='word_1_188' title='bbox 425 3560 608 3623; x_wconf 87' lang='lat' dir='ltr'>commisit.</span> 
     </span>
    </p>

    <p class='ocr_par' dir='ltr' id='par_1_10' title="bbox 233 3665 1517 4603">
     <span class='ocr_line' id='line_1_27' title="bbox 323 3665 1515 3749; baseline 0.001 -19"><span class='ocrx_word' id='word_1_189' title='bbox 323 3668 540 3730; x_wconf 90' lang='lat' dir='ltr'>Lutheriana</span> <span class='ocrx_word' id='word_1_190' title='bbox 564 3666 765 3748; x_wconf 86' lang='lat' dir='ltr'>perniciosa</span> <span class='ocrx_word' id='word_1_191' title='bbox 781 3665 921 3728; x_wconf 86' lang='lat' dir='ltr'>novitas</span> <span class='ocrx_word' id='word_1_192' title='bbox 935 3666 1134 3729; x_wconf 89' lang='lat' dir='ltr'>huiusmodi</span> <span class='ocrx_word' id='word_1_193' title='bbox 1155 3668 1381 3749; x_wconf 89' lang='lat' dir='ltr'>tranquillum</span> <span class='ocrx_word' id='word_1_194' title='bbox 1397 3668 1515 3731; x_wconf 88' lang='lat' dir='ltr'>Eccle-</span> 
     </span>
     <span class='ocr_line' id='line_1_28' title="bbox 233 3773 1516 3857; baseline 0.001 -20"><span class='ocrx_word' id='word_1_195' title='bbox 233 3775 309 3837; x_wconf 89' lang='lat' dir='ltr'>siae</span> <span class='ocrx_word' id='word_1_196' title='bbox 339 3783 469 3837; x_wconf 89' lang='lat' dir='ltr'>statum</span> <span class='ocrx_word' id='word_1_197' title='bbox 500 3773 668 3836; x_wconf 89' lang='lat' dir='ltr'>maiorem</span> <span class='ocrx_word' id='word_1_198' title='bbox 699 3773 734 3836; x_wconf 87' lang='lat' dir='ltr'>in</span> <span class='ocrx_word' id='word_1_199' title='bbox 765 3774 905 3836; x_wconf 91' lang='lat' dir='ltr'>modum</span> <span class='ocrx_word' id='word_1_200' title='bbox 929 3773 1086 3836; x_wconf 89' lang='lat' dir='ltr'>turbavit</span> <span class='ocrx_word' id='word_1_201' title='bbox 1116 3794 1157 3836; x_wconf 89' lang='lat' dir='ltr'>ac</span> <span class='ocrx_word' id='word_1_202' title='bbox 1181 3777 1301 3837; x_wconf 86' lang='lat' dir='ltr'>turbat</span> <span class='ocrx_word' id='word_1_203' title='bbox 1325 3785 1396 3837; x_wconf 87' lang='lat' dir='ltr'>tam</span> <span class='ocrx_word' id='word_1_204' title='bbox 1421 3776 1516 3857; x_wconf 91' lang='lat' dir='ltr'>apud</span> 
     </span>
     <span class='ocr_line' id='line_1_29' title="bbox 236 3880 1515 3961; baseline 0 -17"><span class='ocrx_word' id='word_1_205' title='bbox 236 3881 400 3945; x_wconf 87' lang='lat' dir='ltr'>Saxones</span> <span class='ocrx_word' id='word_1_206' title='bbox 439 3902 503 3943; x_wconf 90' lang='lat' dir='ltr'>ceu</span> <span class='ocrx_word' id='word_1_207' title='bbox 544 3880 632 3943; x_wconf 89' lang='lat' dir='ltr'>fonti</span> <span class='ocrx_word' id='word_1_208' title='bbox 675 3880 864 3943; x_wconf 85' lang='lat' dir='ltr'>viciniores</span> <span class='ocrx_word' id='word_1_209' title='bbox 902 3900 1006 3961; x_wconf 88' lang='lat' dir='ltr'>quam</span> <span class='ocrx_word' id='word_1_210' title='bbox 1046 3880 1130 3942; x_wconf 91' lang='lat' dir='ltr'>alibi</span> <span class='ocrx_word' id='word_1_211' title='bbox 1174 3900 1240 3961; x_wconf 90' lang='lat' dir='ltr'>per</span> <span class='ocrx_word' id='word_1_212' title='bbox 1275 3880 1515 3956; x_wconf 64' lang='lat' dir='ltr'>Germaniam</span> 
     </span>
     <span class='ocr_line' id='line_1_30' title="bbox 235 3987 1517 4070; baseline 0 -19"><span class='ocrx_word' id='word_1_213' title='bbox 235 3989 444 4070; x_wconf 86' lang='lat' dir='ltr'>nepharium</span> <span class='ocrx_word' id='word_1_214' title='bbox 483 3987 650 4051; x_wconf 88' lang='lat' dir='ltr'>novitatis</span> <span class='ocrx_word' id='word_1_215' title='bbox 686 3987 837 4049; x_wconf 87' lang='lat' dir='ltr'>studium</span> <span class='ocrx_word' id='word_1_216' title='bbox 872 3987 1034 4068; x_wconf 89' lang='lat' dir='ltr'>plerique</span> <span class='ocrx_word' id='word_1_217' title='bbox 1068 3987 1317 4068; x_wconf 82' lang='lat' dir='ltr'>praeseferunt</span> <span class='ocrx_word' id='word_1_218' title='bbox 1340 3988 1517 4070; x_wconf 88' lang='lat' dir='ltr'>intrepide</span> 
     </span>
     <span class='ocr_line' id='line_1_31' title="bbox 234 4093 1516 4177; baseline 0 -19"><span class='ocrx_word' id='word_1_219' title='bbox 234 4095 366 4177; x_wconf 88' lang='lat' dir='ltr'>ubique</span> <span class='ocrx_word' id='word_1_220' title='bbox 390 4096 549 4157; x_wconf 90' lang='lat' dir='ltr'>locorum</span> <span class='ocrx_word' id='word_1_221' title='bbox 574 4093 782 4157; x_wconf 89' lang='lat' dir='ltr'>seditionem</span> <span class='ocrx_word' id='word_1_222' title='bbox 808 4104 843 4155; x_wconf 90' lang='lat' dir='ltr'>et</span> <span class='ocrx_word' id='word_1_223' title='bbox 866 4093 1167 4175; x_wconf 83' lang='lat' dir='ltr'>conspirationem</span> <span class='ocrx_word' id='word_1_224' title='bbox 1193 4096 1417 4175; x_wconf 87' lang='lat' dir='ltr'>meditantur,</span> <span class='ocrx_word' id='word_1_225' title='bbox 1441 4117 1516 4159; x_wconf 90' lang='lat' dir='ltr'>ver-</span> 
     </span>
     <span class='ocr_line' id='line_1_32' title="bbox 234 4199 1517 4266; baseline 0.001 -2"><span class='ocrx_word' id='word_1_226' title='bbox 234 4203 289 4265; x_wconf 90' lang='lat' dir='ltr'>bis</span> <span class='ocrx_word' id='word_1_227' title='bbox 313 4201 549 4264; x_wconf 87' lang='lat' dir='ltr'>licentissimis</span> <span class='ocrx_word' id='word_1_228' title='bbox 573 4201 770 4263; x_wconf 90' lang='lat' dir='ltr'>maledictis</span> <span class='ocrx_word' id='word_1_229' title='bbox 794 4200 975 4263; x_wconf 88' lang='lat' dir='ltr'>incessunt</span> <span class='ocrx_word' id='word_1_230' title='bbox 991 4199 1223 4264; x_wconf 88' lang='lat' dir='ltr'>Sanctitatem</span> <span class='ocrx_word' id='word_1_231' title='bbox 1247 4212 1402 4265; x_wconf 89' lang='lat' dir='ltr'>vestram</span> <span class='ocrx_word' id='word_1_232' title='bbox 1426 4223 1517 4266; x_wconf 92' lang='lat' dir='ltr'>cum·</span> 
     </span>
     <span class='ocr_line' id='line_1_33' title="bbox 235 4307 1516 4392; baseline 0.001 -21"><span class='ocrx_word' id='word_1_233' title='bbox 235 4309 358 4392; x_wconf 91' lang='lat' dir='ltr'>primis</span> <span class='ocrx_word' id='word_1_234' title='bbox 392 4309 508 4371; x_wconf 89' lang='lat' dir='ltr'>dictae</span> <span class='ocrx_word' id='word_1_235' title='bbox 543 4318 728 4370; x_wconf 89' lang='lat' dir='ltr'>creaturae</span> <span class='ocrx_word' id='word_1_236' title='bbox 757 4317 899 4370; x_wconf 90' lang='lat' dir='ltr'>vestrae</span> <span class='ocrx_word' id='word_1_237' title='bbox 938 4307 973 4370; x_wconf 91' lang='lat' dir='ltr'>in</span> <span class='ocrx_word' id='word_1_238' title='bbox 1003 4307 1266 4389; x_wconf 89' lang='lat' dir='ltr'>supprimendis</span> <span class='ocrx_word' id='word_1_239' title='bbox 1299 4310 1516 4373; x_wconf 89' lang='lat' dir='ltr'>novitatibus</span> 
     </span>
     <span class='ocr_line' id='line_1_34' title="bbox 236 4415 1517 4500; baseline 0.001 -21"><span class='ocrx_word' id='word_1_240' title='bbox 236 4427 400 4479; x_wconf 89' lang='lat' dir='ltr'>conatum</span> <span class='ocrx_word' id='word_1_241' title='bbox 441 4424 686 4492; x_wconf 87' lang='lat' dir='ltr'>contemnunt,</span> <span class='ocrx_word' id='word_1_242' title='bbox 730 4415 978 4495; x_wconf 88' lang='lat' dir='ltr'>imprimuntur</span> <span class='ocrx_word' id='word_1_243' title='bbox 1020 4416 1193 4497; x_wconf 87' lang='lat' dir='ltr'>epistolae</span> <span class='ocrx_word' id='word_1_244' title='bbox 1229 4417 1517 4500; x_wconf 86' lang='lat' dir='ltr'>Wittembergae</span> 
     </span>
     <span class='ocr_line' id='line_1_35' title="bbox 236 4521 1460 4603; baseline 0.001 -17"><span class='ocrx_word' id='word_1_245' title='bbox 236 4532 361 4586; x_wconf 88' lang='lat' dir='ltr'>contra</span> <span class='ocrx_word' id='word_1_246' title='bbox 385 4524 536 4587; x_wconf 89' lang='lat' dir='ltr'>eandem</span> <span class='ocrx_word' id='word_1_247' title='bbox 559 4521 748 4600; x_wconf 87' lang='lat' dir='ltr'>invective,</span> <span class='ocrx_word' id='word_1_248' title='bbox 774 4531 958 4603; x_wconf 87' lang='lat' dir='ltr'>totumque</span> <span class='ocrx_word' id='word_1_249' title='bbox 983 4524 1114 4585; x_wconf 90' lang='lat' dir='ltr'>clerum</span> <span class='ocrx_word' id='word_1_250' title='bbox 1140 4523 1274 4586; x_wconf 91' lang='lat' dir='ltr'>habent</span> <span class='ocrx_word' id='word_1_251' title='bbox 1297 4523 1460 4587; x_wconf 86' lang='lat' dir='ltr'>ludibrio.</span> 
     </span>
    </p>

    <p class='ocr_par' dir='ltr' id='par_1_11' title="bbox 235 4628 1517 4926">
     <span class='ocr_line' id='line_1_36' title="bbox 325 4628 1516 4711; baseline 0.003 -19"><span class='ocrx_word' id='word_1_252' title='bbox 325 4629 525 4711; x_wconf 75' lang='lat' dir='ltr'>PrincipeS,</span> <span class='ocrx_word' id='word_1_253' title='bbox 550 4628 723 4708; x_wconf 76' lang='lat' dir='ltr'>ComiteS‚</span> <span class='ocrx_word' id='word_1_254' title='bbox 755 4649 924 4710; x_wconf 89' lang='lat' dir='ltr'>proceres</span> <span class='ocrx_word' id='word_1_255' title='bbox 955 4639 991 4692; x_wconf 88' lang='lat' dir='ltr'>et</span> <span class='ocrx_word' id='word_1_256' title='bbox 1014 4629 1242 4710; x_wconf 84' lang='lat' dir='ltr'>magistratus</span> <span class='ocrx_word' id='word_1_257' title='bbox 1266 4630 1404 4693; x_wconf 90' lang='lat' dir='ltr'>urbium</span> <span class='ocrx_word' id='word_1_258' title='bbox 1430 4630 1516 4695; x_wconf 89' lang='lat' dir='ltr'>Ger·</span> 
     </span>
     <span class='ocr_line' id='line_1_37' title="bbox 235 4736 1514 4817; baseline 0.001 -17"><span class='ocrx_word' id='word_1_259' title='bbox 235 4737 375 4800; x_wconf 90' lang='lat' dir='ltr'>maniae</span> <span class='ocrx_word' id='word_1_260' title='bbox 399 4746 435 4799; x_wconf 90' lang='lat' dir='ltr'>et</span> <span class='ocrx_word' id='word_1_261' title='bbox 459 4737 498 4811; x_wconf 86' lang='lat' dir='ltr'>si</span> <span class='ocrx_word' id='word_1_262' title='bbox 512 4756 631 4799; x_wconf 91' lang='lat' dir='ltr'>coram</span> <span class='ocrx_word' id='word_1_263' title='bbox 655 4736 869 4817; x_wconf 90' lang='lat' dir='ltr'>pretendant</span> <span class='ocrx_word' id='word_1_264' title='bbox 886 4736 1060 4798; x_wconf 90' lang='lat' dir='ltr'>catholice</span> <span class='ocrx_word' id='word_1_265' title='bbox 1084 4736 1230 4799; x_wconf 90' lang='lat' dir='ltr'>unitatis</span> <span class='ocrx_word' id='word_1_266' title='bbox 1254 4758 1410 4800; x_wconf 91' lang='lat' dir='ltr'>amorem</span> <span class='ocrx_word' id='word_1_267' title='bbox 1434 4737 1514 4801; x_wconf 88' lang='lat' dir='ltr'>emi·</span> 
     </span>
     <span class='ocr_line' id='line_1_38' title="bbox 236 4842 1517 4926; baseline 0.001 -19"><span class='ocrx_word' id='word_1_268' title='bbox 236 4864 301 4908; x_wconf 90' lang='lat' dir='ltr'>nus</span> <span class='ocrx_word' id='word_1_269' title='bbox 313 4854 433 4907; x_wconf 89' lang='lat' dir='ltr'>tamen</span> <span class='ocrx_word' id='word_1_270' title='bbox 446 4843 592 4907; x_wconf 88' lang='lat' dir='ltr'>mirifice</span> <span class='ocrx_word' id='word_1_271' title='bbox 606 4842 822 4906; x_wconf 89' lang='lat' dir='ltr'>novitatibus</span> <span class='ocrx_word' id='word_1_272' title='bbox 838 4842 982 4905; x_wconf 87' lang='lat' dir='ltr'>student</span> <span class='ocrx_word' id='word_1_273' title='bbox 994 4842 1235 4925; x_wconf 86' lang='lat' dir='ltr'>instigantque</span> <span class='ocrx_word' id='word_1_274' title='bbox 1252 4854 1377 4926; x_wconf 89' lang='lat' dir='ltr'>suapte</span> <span class='ocrx_word' id='word_1_275' title='bbox 1390 4856 1517 4926; x_wconf 86' lang='lat' dir='ltr'>sponte</span> 
     </span>
    </p>
   </div>
   <div class='ocr_carea' id='block_1_9' title="bbox 0 0 1793 5734">
    <p class='ocr_par' dir='ltr' id='par_1_12' title="bbox 0 0 1793 5734">
     <span class='ocr_line' id='line_1_39' title="bbox 0 0 1793 5734; baseline 0 0"><span class='ocrx_word' id='word_1_276' title='bbox 0 0 1793 5734; x_wconf 95' lang='lat' dir='ltr'> </span> 
     </span>
    </p>
   </div>
  </div>
 </body>
</html>
