3559 5734
796 894 848 960 74.

513 1012 722 1092 Aleender
751 1010 1124 1091 vicecancellario.

574 1142 715 1206 inurat.
734 1141 860 1201 (teman
878 1141 909 1198 Ιι.
928 1141 974 1198 lol
991 1141 1058 1213 tol.)

676 1241 729 1311 (27·
749 1243 853 1308 Aprilis
876 1241 964 1308 1521.)

267 1369 501 1432 Scrivessimo
534 1370 710 1432 communi
742 1389 846 1431 manu
880 1390 901 1430 a
926 1368 1057 1431 Vostra
1082 1367 1250 1450 Signoria
1273 1369 1457 1432 Reveren-

178 1477 322 1539 dissima
345 1500 367 1540 a
391 1479 425 1539 dl
443 1476 540 1538 XIX
565 1478 600 1537 di
626 1487 751 1557 questo
776 1478 871 1538 della
895 1485 997 1538 santa
1021 1483 1056 1537 et
1080 1474 1359 1538 laudabilissima
1374 1475 1456 1538 deli-

180 1585 364 1647 beratione
389 1583 424 1645 di
449 1583 576 1664 Cesar,
609 1587 645 1646 la
669 1585 751 1664 qual
775 1584 898 1646 scritta
923 1583 957 1645 di
983 1583 1056 1644 Sua
1081 1603 1184 1645 mano
1207 1585 1324 1646 havea
1347 1583 1457 1665 publi·

178 1703 258 1754 cata
281 1693 342 1754 alli
366 1691 528 1774 principi,
555 1712 623 1753 non
649 1712 755 1754 senza
779 1693 916 1774 grande
941 1691 1146 1770 anteveder‚
1172 1691 1271 1753 accii)
1297 1692 1362 1753 che
1383 1694 1458 1753 loro

177 1799 315 1861 iussero
340 1799 527 1881 prevenuti
547 1799 582 1860 di
605 1820 675 1861 non
697 1798 897 1861 deliberare
912 1798 1122 1861 altramente
1148 1798 1213 1860 che
1230 1797 1303 1861 Sua
1319 1797 1459 1861 Maesta

177 1908 317 1969 haveva
340 1907 440 1970 fatto.
479 1907 507 1969 Il
533 1908 599 1968 che
623 1907 746 1969 invero
764 1905 956 1968 benissimo
973 1906 1146 1967 succedea
1171 1906 1301 1986 perche
1319 1905 1342 1968 li
1360 1906 1457 1967 Prin·

177 2013 246 2096 cipi
272 2015 392 2095 quello
417 2013 609 2076 medesimo
633 2013 760 2094 giorno
789 2014 883 2075 intra
907 2032 945 2075 se
969 2012 1072 2074 stessi
1097 2014 1303 2075 conclusero
1328 2013 1362 2074 in
1388 2032 1457 2075 om·

180 2121 283 2183 nibus
308 2120 408 2202 sequi
433 2123 652 2183 voluntatem
677 2120 831 2197 Cesaris,
863 2119 892 2181 si
917 2140 1016 2181 come
1041 2121 1073 2180 el
1099 2120 1320 2182 Treverense
1344 2140 1410 2202 per
1433 2121 1457 2182 il

176 2248 240 2288 suo
265 2226 420 2289 officiale
451 2226 482 2289 ci
507 2226 586 2288 fece
612 2226 836 2299 decbiarare;
873 2248 930 2288 ma
953 2246 999 2287 un
1025 2247 1142 2289 nuovo
1168 2247 1250 2289 caso
1283 2249 1397 2291 messe
1421 2227 1456 2290 in

176 2355 265 2416 gran
297 2334 545 2417 perturbation
570 2334 594 2395 il
618 2345 727 2413 tutta,
764 2335 895 2417 perche
921 2334 1039 2415 quella
1063 2333 1254 2396 medesima
1282 2344 1381 2398 notte
1406 2356 1454 2397 se·

176 2451 306 2523 querite
340 2441 363 2503 li
389 2440 581 2511 Lutherani
615 2439 644 2502 si
676 2461 741 2523 per
773 2441 1011 2522 grandissimo
1044 2441 1182 2523 sdegno
1215 2450 1378 2504 concetto
1412 2443 1458 2505 da

175 2559 302 2630 questo
327 2551 428 2611 voler
452 2548 487 2609 di
511 2548 657 2628 Cesare,
682 2568 782 2610 come
806 2567 871 2628 per
896 2555 1023 2610 metter
1047 2568 1158 2629 paura
1182 2548 1242 2611 alli
1266 2550 1457 2612 orthodoxi

177 2659 243 2719 che
274 2677 345 2719 non
377 2657 639 2737 procedesseno
671 2655 742 2717 alla
771 2654 982 2717 executione
1014 2663 1218 2718 attaccorno
1250 2658 1321 2719 alla
1353 2666 1458 2737 porta

176 2764 270 2826 della
295 2764 388 2826 Casa
412 2765 602 2826 Commune
633 2762 668 2824 di
693 2772 818 2843 questa
843 2761 925 2823 cittl
959 2769 994 2823 et
1017 2761 1051 2823 in
1077 2762 1193 2824 alcuni
1225 2764 1305 2825 altri
1334 2765 1456 2845 luoghi

176 2871 309 2952 publici
335 2872 629 2952 questavscedula
646 2869 741 2930 della
764 2868 847 2949 qual
867 2869 1055 2930 mandamo
1079 2870 1114 2931 la
1137 2869 1251 2951 copia,
1277 2873 1341 2933 che
1357 2881 1455 2934 certo

176 3000 215 3041 se
239 2980 390 3041 havesse
415 2980 548 3040 havuto
573 2977 804 3039 fundamento
828 2995 926 3056 ver0,
951 2978 1103 3038 sarebbe
1119 2978 1227 3039 molto
1245 2977 1455 3058 pericolosa,

176 3086 308 3167 perche
334 3086 452 3166 quelle
476 3094 529 3146 tre
555 3082 694 3146 dittioni
719 3084 913 3144 alemanico
938 3083 1165 3165 sottoscritte,
1190 3085 1256 3146 che
1281 3107 1349 3148 non
1368 3106 1455 3149 sono

176 3194 333 3255 tradutte
357 3192 392 3254 in
417 3191 538 3270 latin0,
564 3190 772 3271 significano
797 3190 1087 3253 acclamationem
1112 3201 1148 3253 et
1172 3195 1370 3274 symbolum
1395 3216 1453 3277 po-

176 3301 250 3382 puli
274 3302 320 3362 ad
344 3321 442 3362 arma
467 3308 592 3361 contra
616 3297 777 3360 dominos
803 3307 838 3360 et
860 3297 1029 3361 maiores:
1055 3307 1092 3360 et
1115 3298 1225 3360 dicesi
1250 3301 1316 3361 che
1337 3303 1456 3380 quella

177 3408 370 3470 medesima
395 3417 492 3469 notte
524 3409 569 3469 de
595 3426 664 3468 uno
688 3405 725 3467 fu
750 3405 885 3467 cridato
911 3415 1036 3485 questa
1061 3408 1131 3468 tale
1155 3426 1244 3468 voce
1275 3427 1340 3487 per
1364 3417 1456 3470 tutta

178 3517 212 3577 la
236 3526 347 3594 terra,
384 3516 427 3577 nc
452 3516 539 3595 pero
568 3514 606 3576 fu
630 3513 720 3574 fatto
745 3515 872 3574 alcuno
903 3523 1015 3593 mot0,
1052 3514 1169 3576 donde
1201 3515 1230 3578 si
1254 3526 1338 3598 pote
1364 3538 1454 3580 com-

177 3623 354 3704 prendere
388 3622 453 3683 che
477 3622 512 3683 la
536 3620 778 3683 coniuratione
803 3640 873 3681 non
907 3621 954 3682 ha
981 3629 1080 3682 tanto
1105 3621 1344 3686 fundamento.
1397 3624 1454 3686 Ut-

176 3749 326 3809 cumque
357 3748 427 3790 uno
458 3728 494 3789 di
526 3726 641 3809 questi
665 3726 821 3808 Principi
853 3748 873 3788 a
898 3726 955 3789 chi
978 3726 1037 3808 piir
1069 3727 1230 3808 partiene
1261 3729 1455 3794 defendere
1502 3747 1505 3754 ·

177 3846 303 3916 questa
335 3855 457 3913 causa,
497 3845 599 3915 parte
623 3855 688 3915 per
718 3855 782 3896 sua
813 3845 938 3896 natura
962 3844 1091 3915 troppo
1124 3837 1302 3916 modesta,
1335 3859 1356 3899 o
1388 3859 1455 3919 pur

178 3941 316 4021 timida,
342 3950 444 4024 parte
468 3962 532 4022 per
556 3941 713 4005 conselio
738 3943 773 4003 di
798 3941 890 4022 suoi,
924 3942 947 4004 li
971 3940 1065 4022 quali
1090 3942 1138 4003 ha
1161 3942 1195 4004 in
1221 3963 1303 4005 casa
1328 3944 1453 4007 luthe-

178 4050 264 4128 rani,
290 4048 378 4112 velit
402 4049 504 4129 nolit,
534 4058 569 4111 et
594 4048 689 4130 quali
713 4047 906 4110 dubitiamo
930 4051 1041 4110 bever
1066 4049 1134 4111 essi
1160 4050 1340 4112 medesimi
1364 4051 1454 4114 fatto

177 4157 227 4218 tal
251 4157 412 4237 scedula,
442 4155 481 4217 fu
504 4177 619 4218 messo
643 4155 677 4217 in
703 4157 752 4217 tal
776 4176 889 4236 paura
921 4157 985 4218 che
1011 4156 1139 4217 mandi)
1164 4166 1247 4219 ante
1271 4158 1385 4219 lucem
1409 4161 1454 4220 ad

178 4262 379 4342 Caesarem,
403 4264 448 4324 ad
473 4263 561 4325 alios
578 4262 762 4343 Principes
786 4272 822 4324 et
843 4264 888 4324 ad
904 4282 979 4343 n05,
1005 4272 1040 4324 et
1055 4263 1123 4325 Dio
1141 4266 1240 4326 volse
1264 4266 1329 4326 che
1347 4264 1456 4328 Cesar

178 4393 218 4432 se
241 4391 283 4433 ne
308 4370 378 4432 rise
403 4381 438 4432 et
461 4369 616 4432 mandoli
640 4391 661 4431 a
685 4369 739 4431 dir
763 4371 840 4432 chel
867 4390 928 4431 era
951 4380 1081 4451 troppo
1106 4370 1239 4451 timido,
1264 4381 1299 4432 et
1323 4373 1454 4452 perche

176 4487 349 4558 pertenea
374 4499 395 4539 a
419 4477 467 4539 lui
492 4497 692 4558 congregar
716 4478 739 4538 li
764 4476 939 4557 Principi,
965 4477 1113 4540 farebbe
1139 4480 1207 4540 ben
1233 4479 1375 4541 subbito
1400 4479 1455 4542 far

177 4584 327 4664 expedir
352 4584 485 4645 Luther
518 4595 553 4646 et
585 4584 818 4646 remandarlo.
865 4584 983 4665 Dopoi
1017 4586 1049 4647 ci
1082 4585 1175 4648 disse
1200 4585 1309 4648 Cesar
1341 4607 1362 4648 a
1396 4588 1454 4649 noi

178 4690 237 4752 doi
261 4690 422 4769 ridendo,
448 4693 513 4753 che
537 4692 689 4752 sarebbe
713 4701 838 4771 questa
862 4691 1104 4755 coniuratione
1129 4693 1213 4755 delli
1238 4715 1302 4771 400
1325 4694 1455 4776 Nobili,

178 4819 277 4860 come
308 4801 343 4860 la
367 4799 412 4859 de
436 4797 549 4860 Mulio
574 4795 728 4860 Scevola
760 4798 825 4859 che
850 4798 953 4861 dicea
986 4821 1082 4862 esser
1106 4821 1188 4878 300,
1225 4803 1376 4863 essendo
1406 4802 1453 4863 lui

179 4905 264 4970 solo.
311 4907 445 4968 Tamen
471 4926 540 4966 non
566 4906 660 4967 resto
684 4904 833 4968 l'amico
858 4906 998 4989 timido,
1034 4910 1182 4971 mandar
1211 4908 1243 4970 el
1271 4908 1455 4974 fratelloa

206 5030 284 5081 Banu,
295 5032 440 5070 Documenta
450 5031 588 5071 bulheraus.
1263 5014 1295 5068 13
