3559 5734
813 559 1060 617 *43538sp*

300 707 423 770 simum
449 727 554 789 quam
579 716 615 769 et
638 706 816 768 servulum
840 705 1159 788 vigilantissimum.
1205 705 1260 768 Ex
1275 704 1440 787 Tubinga
1457 704 1586 786 quinto

299 814 379 877 idus
403 811 503 896 Sept.
527 833 621 876 anno
646 833 667 874 a
691 812 758 875 Ch⁰
794 823 878 876 nato
902 811 1103 876 MDXXV.

434 920 473 984 E.
498 918 535 983 S.
559 919 605 984 V.

1290 1027 1464 1076 Humillimns

1197 1118 1317 1180 1111111
1335 1115 1419 1177 11111
1437 1113 1547 1176 tortor.

834 1316 1037 1328 mm·

909 1551 983 1618 255.

714 1687 847 1768 Euhius
875 1685 1048 1767 clementi
1075 1686 1154 1767 1111

610 1842 721 1916 (Pontii.
741 1844 795 1903 eto.
813 1841 894 1902 notu
913 1843 966 1902 eto.
985 1840 1276 1916 epistolarium.)

809 1968 864 2039 (17·
884 1972 958 2036 Sept·
981 1969 1069 2034 152sl

389 2122 601 2186 Beatissimo
625 2122 724 2185 Patri
748 2145 789 2186 ac
814 2122 978 2203 Domino,
996 2122 1151 2184 Domino
1169 2119 1343 2183 Clementi
1356 2120 1435 2182 VII.
1460 2118 1586 2181 divina

192 2264 196 2272 ,
299 2228 526 2312 providentia
550 2227 586 2293 S.
611 2230 810 2310 Romanae,
835 2251 875 2292 ac
901 2229 1113 2292 universalis
1138 2226 1320 2290 Ecclesiae
1337 2225 1512 2307 Pontifici,
1537 2246 1584 2289 ac

300 2334 497 2399 Salvatoris
521 2337 633 2399 nostri
657 2337 801 2399 Vicario
826 2337 961 2418 optimo
985 2337 1153 2399 Maximo.

388 2443 475 2505 Post
499 2445 621 2506 oscula
645 2445 774 2525 pedum
799 2445 994 2505 beatorum.
1046 2441 1234 2505 Profectus
1255 2461 1341 2520 sum,
1371 2440 1584 2503 Beatissime

300 2550 418 2630 Pater,
443 2550 555 2613 tribus
570 2550 813 2634 superioribus
835 2549 1012 2613 mensibus
1035 2570 1101 2630 per
1115 2549 1234 2612 Rheni
1258 2558 1409 2612 tractum
1433 2550 1479 2610 ad
1495 2548 1583 2610 Bra·

299 2657 467 2738 bantiam,
492 2668 527 2719 et
551 2658 765 2737 Flandriam,
790 2668 825 2719 et
848 2659 894 2719 ad
918 2658 1032 2739 ipsam
1056 2677 1196 2738 quoque
1213 2656 1391 2738 Angliam,
1416 2674 1584 2718 reversus

300 2784 365 2846 per
389 2764 579 2845 Leodium,
609 2775 645 2826 et
675 2764 877 2843 Treverim,
911 2767 976 2827 hac
1002 2764 1123 2847 utique
1146 2764 1302 2844 ratione,
1334 2772 1372 2825 ut
1396 2762 1585 2844 experirer

299 2891 391 2934 anne
416 2870 510 2933 etin
534 2870 613 2934 aliis
635 2871 830 2953 provinciis
855 2871 957 2934 simili
982 2871 1073 2934 furia
1105 2870 1501 2949 insanirenthomines,
1537 2867 1582 2930 si-

300 2987 358 3040 cut
381 2978 488 3041 vicini
511 2978 639 3041 nostri:
673 2988 708 3041 et
739 2988 776 3040 ut
801 2978 999 3042 conferrem
1023 2977 1107 3041 fidei
1131 2979 1318 3059 negocium
1343 2997 1422 3039 cum
1446 2976 1582 3058 optimo

300 3104 452 3167 quoque,
477 3084 646 3167 precipue
671 3095 786 3147 autem
812 3105 890 3148 cum
924 3084 1248 3148 Reverendissimis
1283 3094 1318 3147 et
1351 3085 1431 3146 Deo
1464 3103 1582 3145 aman-

298 3190 441 3255 tissimis
469 3191 655 3274 Episcopis
678 3192 892 3255 Treverensi
916 3202 951 3256 et
983 3192 1168 3272 Roffensi,
1201 3212 1242 3255 ac
1274 3211 1352 3254 cum
1385 3189 1582 3273 Tbeologis

301 3299 521 3380 generalium
538 3298 733 3361 studiorum
747 3297 979 3381 ColoniensiS,
993 3299 1237 3378 Lovaniensis,
1251 3296 1582 3380 Heidelbergensis,

300 3417 335 3468 et
343 3406 555 3488 Mogontini,
569 3425 658 3487 quos
670 3406 789 3487 reperi
797 3407 953 3469 zelantes
963 3427 1028 3490 pro
1040 3406 1257 3488 synceritate
1269 3405 1352 3468 fidei
1362 3404 1582 3484 Catholicae,

299 3533 341 3576 ac
355 3514 491 3576 honore
508 3510 612 3575 Sedis
628 3512 847 3594 Apostlicae.
883 3513 1064 3576 Intellexit
1078 3515 1204 3594 procul
1231 3512 1340 3576 dubio
1357 3511 1392 3577 S.
1406 3512 1445 3575 T.
1463 3513 1581 3575 denuo

300 3618 421 3682 divum
445 3618 633 3682 Caesarem
658 3640 875 3684 convocasse
900 3621 1084 3703 Principes
1117 3621 1260 3701 Imperii
1292 3622 1337 3682 ad
1368 3619 1581 3702 Augustam,

300 3727 346 3789 ad
371 3726 464 3789 diem
489 3724 535 3788 82¹
566 3725 722 3807 Martini,
747 3728 807 3790 ubi
832 3748 979 3791 necesse
1004 3739 1068 3806 est,
1093 3738 1128 3790 et
1153 3725 1189 3790 S.
1214 3727 1253 3791 T.
1279 3725 1430 3808 aliquem
1455 3746 1498 3788 eo
1523 3728 1581 3790 de·

300 3833 441 3896 stinare.
476 3833 615 3897 Vereor
640 3833 732 3896 enim
748 3835 993 3916 vehementer,
1022 3855 1067 3897 ne
1090 3834 1271 3916 principes
1294 3835 1496 3896 saeculares
1520 3836 1581 3897 ab·

299 3948 400 4003 sente
433 3939 586 4004 Caesare
609 3940 742 4021 aliquid
767 3949 923 4004 statuant
947 3941 983 4003 in
1007 3941 1144 4003 ruinam
1170 3939 1412 4003 Ecclesiastici
1436 3940 1581 4005 ordinis,

300 4047 423 4128 Auget
445 4049 538 4110 hunc
563 4056 694 4109 metum
725 4047 953 4112 conniventia
978 4047 1195 4110 Ferdinandi
1220 4047 1432 4109 Archiducis
1446 4096 1454 4127 ,
1485 4046 1582 4110 circa

299 4150 1580 4236 Saltzburgensem,etBrixinensemEpiscopos,tolerantiaitemMarchi·

300 4258 378 4321 onis
387 4258 543 4339 Casmiri,
555 4280 624 4322 non
637 4260 743 4323 modo
758 4281 865 4341 super
878 4261 1120 4342 impietatibus
1136 4261 1340 4341 lutheranis
1354 4262 1417 4323 sed
1431 4273 1467 4324 et
1479 4282 1580 4343 prae·

299 4368 400 4446 latoS,
426 4387 467 4429 ac
492 4368 684 4428 monachos
709 4377 892 4448 apostatas
916 4366 1026 4449 fovet,
1043 4389 1085 4430 ac
1098 4368 1217 4431 nutrit.
1257 4369 1362 4431 Addo
1379 4369 1582 4433 Palatinum

299 4472 498 4536 Electorem
523 4473 726 4535 describere
750 4476 844 4555 apud
860 4495 983 4537 omnes
999 4474 1233 4538 dominiorum
1253 4497 1393 4538 suorum
1419 4476 1582 4540 subditos

300 4599 437 4658 census,
462 4589 498 4641 et
520 4579 679 4642 redditus
703 4579 1041 4655 ecclesiasticorum
1073 4592 1109 4645 et
1142 4603 1309 4664 quorsum
1338 4586 1430 4646 hoc?
1460 4584 1582 4665 potius

299 4693 406 4764 certe,
432 4697 469 4748 ut
494 4696 662 4749 extenuet
686 4706 792 4767 quam
816 4697 962 4769 augeat,
992 4698 1027 4751 et
1051 4689 1169 4752 odium
1194 4689 1363 4753 laicorum
1387 4690 1423 4752 in
1447 4692 1581 4754 clerum

299 4791 479 4855 ardentius
503 4791 704 4855 incalescat.
743 4794 896 4856 Accedit
910 4794 993 4857 huic
1009 4797 1101 4858 malo
1118 4797 1305 4860 multorum
1321 4797 1580 4880 Episcoporum

298 4898 482 4984 segnities,
514 4909 549 4962 et
580 4899 761 4981 tepiditas.
814 4900 915 4963 Unus
946 4901 1250 4986 Archiepiscopus
1274 4905 1465 4969 Treveren.
1498 4908 1580 4970 hac·
