3559 5734
805 563 863 615 0⁴3
904 541 956 598 100
995 560 1053 613 Ero

286 693 352 755 che
376 693 629 756 deverebbeno
658 689 713 752 far
741 691 834 753 assai
864 690 900 754 in
929 700 1055 772 questa
1083 710 1167 752 cosa
1190 689 1321 770 perche
1345 708 1410 770 per
1433 688 1468 748 ia
1491 688 1568 748 loro

285 798 436 861 timidita
461 818 499 860 se
523 799 665 860 iassano
690 797 822 879 pigliar
847 799 880 859 61
905 797 1052 879 proprio
1077 817 1147 858 non
1172 797 1238 858 che
1263 794 1454 858 defendino
1471 795 1495 856 11
1511 815 1568 855 no·

286 916 371 985 Ι0110,
396 916 431 968 61
454 909 568 985 basta,
593 925 664 967 non
687 925 796 986 posso
821 905 881 987 piii
906 905 1150 988 descoprirmi,
1173 903 1245 967 fino
1270 903 1335 965 che
1358 901 1394 965 io
1419 914 1473 963 sto
1499 901 1568 982 qui.

375 1013 527 1076 Accedit
551 1014 597 1074 ad
622 1012 658 1074 id
684 1022 718 1074 et
744 1012 840 1074 aliud
865 1032 994 1074 novum
1019 1012 1162 1090 maium,
1189 1012 1254 1072 che
1278 1009 1385 1090 quelli
1410 1009 1476 1070 che
1500 1006 1569 1069 vie·

286 1141 379 1184 neno
411 1121 446 1183 di
475 1121 595 1183 Roma
627 1121 822 1201 divulgano
851 1120 984 1201 passim
1014 1120 1080 1182 che
1108 1118 1129 1180 a
1159 1119 1278 1181 Roma
1306 1136 1344 1179 se
1374 1136 1417 1177 ne
1445 1115 1570 1176 rideno

287 1228 380 1290 delle
409 1247 492 1290 cose
521 1226 556 1288 di
581 1226 732 1307 Luther,
764 1236 800 1289 et
828 1229 894 1289 che
923 1246 992 1288 non
1023 1226 1052 1288 si
1081 1225 1118 1288 fa
1141 1225 1245 1287 stima
1269 1226 1405 1286 alcuna.
1453 1223 1481 1284 11
1506 1224 1572 1283 6116

285 1334 320 1396 10
346 1334 396 1395 tal
423 1334 530 1395 modo
559 1335 737 1396 exacerba
767 1333 788 1395 l’
807 1333 923 1395 animo
948 1332 1033 1395 delii
1053 1330 1260 1412 Conselieri,
1284 1331 1308 1393 11
1333 1331 1429 1412 quali
1452 1333 1572 1392 hanno

286 1449 411 1522 questa
426 1460 511 1502 cura
528 1439 563 1501 di
589 1438 798 1522 expedirmi,
823 1442 889 1502 che
913 1442 1141 1502 vorrebbeno
1166 1439 1429 1520 quodammodo
1446 1457 1517 1499 non
1534 1456 1573 1498 se

286 1547 466 1610 obtenisse
491 1547 611 1611 niente
636 1547 671 1610 in
696 1557 822 1628 questa
837 1547 944 1610 Dieta
968 1568 1033 1630 per
1058 1549 1170 1611 veder
1193 1547 1229 1609 in
1255 1547 1322 1609 che
1348 1555 1439 1607 stato
1464 1552 1572 1606 resta·

285 1655 445 1717 rebbeno
462 1656 495 1716 16
511 1674 594 1716 cose
610 1664 741 1735 nostre,
767 1665 864 1717 certe
888 1655 996 1735 male,
1019 1664 1102 1735 post
1126 1653 1320 1716 discessum
1346 1651 1500 1725 Cesaris,
1535 1672 1573 1712 se

286 1779 357 1822 non
382 1758 420 1822 fa
445 1760 700 1823 demostration
725 1761 846 1824 avanti
871 1762 907 1824 la
933 1761 1167 1823 dissolutione
1192 1761 1285 1823 della
1302 1759 1420 1821 Dicta:
1458 1758 1518 1819 Ma
1535 1778 1574 1820 se

285 1867 425 1930 iussero
457 1867 517 1947 gia
542 1888 587 1930 un
613 1888 709 1931 mese
733 1869 817 1930 stati
841 1868 1008 1951 replicati
1033 1869 1056 1931 11
1082 1868 1182 1931 brevi
1206 1868 1251 1930 ad
1277 1866 1442 1929 Cesarem
1468 1866 1572 1926 etad

286 1973 386 2053 aiios,
411 1993 489 2036 cum
513 1975 622 2035 molto
647 1974 789 2055 miglior
813 1975 958 2057 meggio
983 1996 1021 2038 se
1046 1977 1205 2037 harebbe
1230 1981 1354 2054 potuto
1379 1980 1507 2034 trattar
1524 1974 1581 2053 tal¹

286 2101 380 2157 cosa,
406 2091 441 2142 et
464 2091 633 2161 questoro
658 2082 911 2145 vederebbeno
936 2084 1002 2145 che
1027 2102 1108 2161 non,
1133 2082 1161 2143 si
1186 2102 1286 2144 come
1310 2080 1440 2141 dicono
1465 2077 1487 2140 li
1504 2080 1571 2139 che

286 2188 440 2249 vieneno
465 2189 511 2249 da
534 2187 664 2267 Roma,
705 2188 837 2251 Nostro
861 2187 1017 2270 Signore
1041 2189 1156 2251 faccia
1179 2188 1208 2250 si
1232 2208 1345 2271 pocca
1369 2187 1482 2248 stima.
1521 2183 1571 2246 So

286 2297 357 2356 ben
387 2295 452 2357 che
481 2295 527 2357 da
551 2294 671 2357 Roma
698 2294 727 2357 si
756 2298 803 2358 ha
831 2295 918 2359 forsi
947 2306 1082 2359 restato
1111 2296 1283 2374 scrivere,
1315 2304 1350 2356 et
1374 2293 1429 2356 far
1453 2312 1572 2355 nuove

287 2400 454 2463 instantie
478 2421 544 2481 per
569 2421 638 2463 non
664 2402 729 2464 dar
752 2412 851 2465 tanta
875 2403 1100 2483 reputatione
1125 2403 1196 2465 aila
1212 2422 1307 2481 cosa,
1332 2411 1367 2462 et
1383 2397 1571 2461 occasione

288 2529 309 2569 a
332 2516 499 2589 questoro
525 2507 560 2569 di
585 2508 719 2570 tenerci
744 2510 777 2571 el
800 2508 907 2591 piede
932 2510 990 2593 del
1018 2518 1110 2571 tutto
1136 2511 1190 2571 sul
1219 2510 1326 2588 00110,
1360 2508 1423 2569 sed
1453 2516 1571 2568 tamen

287 2624 341 2676 est
365 2615 540 2696 quaedam
564 2635 673 2678 aurea
696 2615 926 2678 mediocritas
952 2616 987 2677 di
1012 2615 1126 2678 evitar
1150 2615 1174 2676 li
1190 2614 1249 2676 doi
1267 2614 1427 2693 extremi,
1453 2625 1488 2675 et
1503 2634 1571 2675 ma·

286 2722 382 2784 xime
410 2722 541 2803 perche
571 2733 696 2811 questa
726 2743 811 2785 cosa
835 2722 853 2785 ὲ
880 2734 1012 2784 venuta
1044 2722 1104 2804 gia
1134 2724 1179 2784 ad
1208 2722 1347 2800 grande
1371 2720 1572 2799 discrimen,

288 2831 333 2890 ad
363 2829 412 2890 tal
441 2828 507 2890 che
536 2829 651 2909 questi
680 2829 717 2890 di
741 2829 852 2893 Cesar
876 2829 1073 2892 dubbitano
1098 2848 1170 2891 non
1195 2828 1225 2890 ci
1249 2839 1354 2909 poter
1377 2828 1438 2908 piu
1463 2847 1572 2889 reme·

288 2936 382 3006 diar;
406 2937 598 2998 tuttavolta
622 2956 692 2998 non
718 2937 910 2998 debbiamo
935 2938 1048 2998 lassar
1065 2935 1101 2997 di
1117 2934 1194 2996 fare
1211 2934 1234 2995 11
1252 2934 1435 3015 possibile,
1460 2947 1495 2996 et
1511 2934 1572 3014 poi

288 3051 457 3106 remetter
480 3044 550 3105 aila
574 3043 697 3106 divina
720 3044 851 3126 gratia:
900 3044 1006 3107 Certo
1032 3045 1098 3106 che
1122 3063 1160 3105 se
1185 3043 1215 3104 si
1238 3042 1276 3105 fa
1300 3043 1419 3123 quello
1444 3044 1509 3103 che
1538 3042 1573 3102 io

288 3151 464 3232 protendo
488 3170 593 3231 spero
619 3170 663 3212 ne
688 3152 832 3213 haremo
858 3151 951 3213 assai
976 3154 1071 3213 buon
1098 3150 1209 3228 exito,
1234 3150 1366 3231 porche
1392 3150 1438 3210 da
1455 3148 1574 3210 Roma

287 3277 358 3320 non
383 3257 413 3319 si
437 3256 586 3319 manchi.
635 3257 813 3338 Quantum
836 3257 871 3319 in
897 3278 953 3320 me
977 3266 1031 3320 est
1055 3257 1124 3320 Dio
1150 3257 1197 3319 mi
1222 3256 1412 3335 confunda,
1442 3276 1480 3317 se
1506 3256 1574 3317 mai

289 3384 359 3425 uno
388 3363 531 3425 minimo
560 3375 738 3426 momento
765 3366 812 3427 110
837 3366 971 3427 lassato
996 3365 1032 3425 di
1057 3383 1187 3447 operar
1211 3363 1246 3426 in
1271 3372 1398 3444 questa
1421 3383 1505 3425 cosa
1529 3362 1574 3424 ne

289 3491 376 3533 sano
405 3470 448 3533 ne
478 3473 662 3550 amalatt0,
696 3483 732 3533 et
761 3472 796 3534 in
827 3472 1052 3535 necessitade
1080 3481 1255 3551 extrema,
1289 3480 1325 3533 et
1358 3491 1396 3533 se
1425 3491 1495 3533 non
1527 3470 1573 3531 ho

289 3577 412 3640 scritto
436 3580 470 3638 le
495 3597 578 3640 cose
603 3575 677 3640 cosi
701 3578 848 3659 grandi,
873 3599 972 3641 come
997 3581 1030 3641 16
1055 3598 1161 3658 son0,
1185 3579 1268 3640 11010
1288 3577 1378 3640 fatto
1395 3577 1456 3658 piu
1480 3587 1574 3638 tosto

289 3705 355 3766 per
381 3685 547 3747 attender
570 3706 591 3746 a
619 3686 796 3768 remediar
824 3687 858 3748 ai
886 3688 993 3767 male,
1025 3687 1091 3749 che
1119 3705 1186 3767 per
1213 3688 1247 3747 61
1271 3685 1342 3747 1010
1366 3685 1501 3746 scriver
1526 3684 1574 3746 in·-

290 3811 411 3853 correr
436 3791 470 3853 10
494 3791 692 3872 suspitione
717 3794 783 3855 che
808 3793 842 3854 io
865 3794 1004 3855 facesse
1029 3794 1062 3854 ei
1086 3793 1246 3874 periculo
1271 3812 1394 3873 grave,
1418 3812 1484 3873 per
1504 3812 1574 3853 mo·

291 3906 383 3959 strar
407 3899 440 3959 le
464 3898 533 3960 mie
557 3898 691 3962 fatiche
716 3920 813 3963 esser
836 3899 1014 3981 maggiori
1039 3911 1075 3962 et
1098 3919 1223 3980 sperat
1247 3899 1411 3981 maggior
1433 3898 1574 3980 premii;

291 4005 325 4066 ai
350 4005 415 4067 che
440 4016 539 4067 certo
563 4005 632 4068 mai
656 4006 955 4088 principalmente
979 4006 1010 4068 ci
1035 4006 1171 4088 pensai,
1196 4027 1253 4069 ma
1277 4007 1390 4068 solum
1415 4026 1514 4068 come
1539 4006 1573 4067 10

291 4119 417 4192 questa
441 4131 525 4173 cosa
549 4112 583 4173 io
607 4114 705 4193 possi
730 4113 843 4176 servir
868 4114 974 4176 aDio
999 4124 1034 4176 et
1058 4112 1201 4176 satisfar
1224 4135 1245 4175 a
1261 4113 1392 4176 Nostro
1409 4113 1575 4195 Signore,

292 4219 337 4279 ad
361 4219 475 4279 honor
504 4218 540 4280 di
565 4218 698 4282 Vostra
722 4217 893 4300 Signoria
916 4219 1234 4283 Reverendissima
1263 4222 1334 4284 mio
1365 4230 1508 4304 patron,
1540 4230 1576 4283 et

292 4325 478 4385 commodo
503 4324 598 4387 della
622 4327 806 4407 republica
823 4327 1035 4391 Christiana.
1070 4328 1220 4390 Intendo
1245 4349 1310 4409 per
1334 4329 1575 4391 admonitione

291 4430 382 4492 satta
414 4432 447 4492 al
478 4431 548 4493 mio
578 4443 787 4513 procurator
819 4434 919 4497 costa
951 4435 1010 4497 dai
1040 4434 1087 4497 R.
1120 4433 1269 4516 Segnor
1292 4435 1575 4517 Archiepiscopo

293 4536 328 4598 di
354 4534 476 4618 Capua
500 4539 566 4600 che
589 4538 738 4602 Erasmo
762 4543 808 4603 ha
833 4542 957 4603 scritto
982 4542 1000 4602 11
1026 4541 1146 4603 Roma
1171 4543 1316 4623 querele
1350 4541 1386 4603 di
1410 4563 1479 4622 me,
1510 4544 1575 4605 che

293 4641 327 4704 io
353 4643 504 4725 denigro
528 4645 563 4706 ia
586 4644 682 4708 fama
705 4667 770 4709 sua
794 4651 888 4730 apud
906 4647 1105 4729 PrincipeS,
1130 4648 1248 4709 donde
1272 4648 1403 4711 Nostro
1421 4648 1575 4731 Signore

293 4770 331 4811 se
359 4770 403 4811 06
433 4750 451 4811 ὲ
480 4752 589 4814 molto
618 4754 800 4817 resentito.
852 4755 912 4817 Me
941 4754 1110 4834 despiace
1138 4754 1247 4835 assai,
1281 4757 1347 4818 che
1371 4776 1409 4817 se
1435 4757 1483 4818 dii
1514 4757 1574 4838 piri

292 4854 375 4917 fede
404 4856 422 4918 a
450 4859 574 4939 parole
604 4858 639 4920 di
668 4859 829 4943 ErasmO,
861 4863 927 4924 che
955 4864 1002 4925 ha
1031 4861 1154 4924 scritto
1187 4863 1321 4945 peggio
1350 4865 1417 4925 che
1442 4863 1576 4927 Luther
