3559 5734
699 521 847 587 &3201
888 531 946 584 &0

187 698 207 737 o
231 677 352 758 piacer
376 675 503 740 alcuno
528 696 566 739 se
584 698 654 739 non
672 698 769 741 esser
786 677 953 740 continuo
971 677 1106 738 intento
1124 671 1158 736 in
1180 671 1256 737 suoi
1281 674 1463 755 eonsegiii,

186 785 250 846 che
275 785 293 847 ὲ
318 805 388 846 una
413 806 497 847 cosa
520 785 738 848 incredibile.
785 784 831 847 Di
856 805 919 847 sue
945 783 1035 845 virtir
1067 791 1102 845 et
1126 792 1287 862 resposte
1312 783 1463 863 pruden

185 890 316 953 tissime
341 892 499 954 horamai
524 913 568 954 ne
593 892 708 973 potrei
732 891 850 973 implir
879 911 925 952 un
950 911 1040 972 gran
1064 891 1176 966 libro,
1209 898 1245 951 et
1268 910 1374 970 spero
1399 890 1463 951 che

189 999 311 1061 alcuna
335 1002 433 1061 volta
457 1020 501 1061 ne
526 999 675 1062 referiri)
704 1021 725 1062 a
748 1002 877 1078 bocca,
911 1008 946 1060 et
977 1019 1014 1060 se
1047 1017 1116 1059 non
1153 995 1233 1058 sarai
1266 997 1414 1058 moiesto
1444 1017 1465 1059 a

191 1104 320 1166 Vostra
343 1104 511 1187 Signoria
536 1107 853 1169 Reverendissima
876 1105 956 1167 udir
979 1106 1012 1166 le
1036 1104 1128 1166 virtu
1153 1103 1184 1163 d’
1207 1103 1286 1165 altri
1312 1104 1464 1165 essendo

190 1231 266 1274 essa
290 1213 554 1277 virtuosissima.

274 1320 408 1382 Mando
433 1322 493 1382 doi
518 1321 715 1402 exemplari
740 1323 835 1383 delia
858 1341 1009 1382 censura
1033 1319 1069 1380 di
1094 1319 1197 1380 Paris
1205 1367 1214 1398 ,
1246 1317 1270 1380 li
1300 1318 1395 1399 quali
1419 1320 1465 1380 ho

189 1425 276 1487 fatto
309 1432 367 1509 qui
392 1427 572 1509 imprimar
596 1449 661 1509 per
684 1449 773 1508 gran
799 1427 975 1490 rechiesta
999 1426 1035 1487 di
1061 1425 1225 1488 Alemani
1255 1435 1290 1488 et
1319 1427 1354 1488 in
1379 1446 1465 1488 vero

188 1532 525 1613 eprudentemente
549 1536 640 1598 satta
665 1537 713 1598 tal
739 1556 903 1603 censura:
929 1555 999 1596 uno
1024 1534 1100 1596 solo
1125 1534 1243 1594 hanno
1258 1532 1349 1595 fatto
1373 1536 1465 1594 maie

189 1642 252 1701 che
277 1640 322 1702 de
346 1641 496 1721 primatu
518 1642 703 1704 Pontificis
728 1663 796 1704 non
822 1643 942 1703 hanno
966 1639 1056 1702 fatto
1080 1639 1236 1701 mention
1261 1641 1402 1720 alcuna,
1431 1641 1466 1701 ia

189 1749 268 1826 qual
293 1769 377 1810 cosa
401 1748 493 1834 (meo
518 1750 661 1812 minimo
687 1749 830 1830 judicio)
865 1749 883 1810 e
916 1747 977 1830 piu
1006 1746 1111 1809 facile
1143 1768 1162 1809 a
1193 1766 1323 1827 provar
1347 1767 1394 1809 ex
1418 1748 1466 1809 di-

189 1853 279 1916 vinis
303 1855 441 1934 litteris,
466 1860 532 1919 che
556 1859 664 1919 moite
689 1860 777 1919 altre
803 1877 885 1919 cose
911 1857 976 1917 che
1001 1875 1089 1917 sono
1105 1854 1140 1916 in
1159 1856 1192 1916 ia
1208 1855 1330 1917 chiesa
1345 1865 1466 1917 tenute

190 1961 395 2025 certissime.
442 1964 593 2026 intendo
618 1967 684 2026 che
709 1964 732 2026 li
758 1963 913 2025 Parisini
938 1963 1066 2024 dicono
1090 1963 1202 2024 haver
1230 1972 1467 2043 pretermesso

190 2079 312 2148 questo
338 2081 448 2149 ponto
457 2119 465 2149 ‚
495 2092 539 2133 ne
565 2072 746 2133 videretur
774 2071 809 2132 in
842 2070 994 2152 gratiam
1024 2068 1222 2147 Pontificis‚
1256 2079 1317 2131 aut
1349 2073 1394 2131 ab
1425 2090 1467 2131 eo

190 2177 372 2238 subornati
398 2177 433 2238 id
458 2177 598 2258 fecisse,
624 2189 660 2240 et
675 2181 786 2258 perho
804 2180 838 2239 ia
857 2180 934 2239 loro
952 2196 1101 2238 censura
1117 2178 1269 2238 sarebbe
1293 2187 1466 2257 suspetta:

189 2281 227 2343 lo
251 2287 442 2347 tuttavoita
466 2307 522 2348 me
547 2286 696 2348 dubbito
722 2289 787 2348 che
811 2288 931 2347 hanno
955 2286 1089 2347 lassato
1113 2304 1178 2364 per
1203 2286 1237 2345 la
1252 2304 1359 2345 causa
1382 2284 1467 2345 anti-

190 2408 258 2469 qua
282 2391 378 2453 della
402 2393 523 2453 schola
548 2392 712 2455 Parisina
736 2413 843 2473 super
860 2391 1033 2454 Pontifice
1050 2401 1084 2452 et
1102 2390 1270 2452 concilio:
1297 2391 1468 2472 quidquid

188 2497 243 2574 sit,
266 2519 384 2579 spera,
409 2502 588 2579 passando
615 2520 680 2581 per
699 2501 727 2561 F
730 2521 836 2562 ranza
860 2502 952 2578 (nam
977 2519 1042 2579 per
1061 2498 1289 2560 Germaniam
1314 2518 1385 2560 non
1415 2508 1468 2561 est

189 2607 313 2685 tutum)
338 2614 465 2667 trattar
500 2609 627 2669 alcuna
661 2628 744 2669 cosa
773 2628 850 2668 cum
887 2606 976 2668 detti
1008 2605 1151 2667 Dottori
1183 2604 1335 2667 Parisini
1369 2604 1468 2667 accio

189 2711 253 2771 che
277 2731 387 2773 ancor
411 2713 487 2774 loro
512 2712 693 2792 seguitino
719 2713 741 2775 l'
759 2714 881 2775 ordine
907 2713 1000 2774 delle
1026 2713 1114 2774 altre
1140 2713 1272 2789 schole,
1297 2720 1384 2773 etse
1409 2733 1468 2793 po·

188 2818 262 2897 tro,
287 2820 353 2880 che
379 2840 423 2881 ne
447 2820 564 2882 facino
591 2841 637 2882 un
662 2822 752 2883 altro
777 2830 944 2899 trattat0,
969 2819 1100 2900 perche
1126 2839 1212 2881 sono
1238 2819 1297 2899 qui
1323 2819 1356 2880 iu
1383 2818 1468 2880 Ger-

189 2926 304 2988 mania
334 2927 369 2987 di
398 2947 488 3008 gran
520 2949 623 2990 nome
657 2949 829 3009 appresso
859 2927 959 3007 tutti,
992 2947 1101 2988 ancor
1135 2929 1200 2988 che
1224 2926 1249 2988 li
1273 2926 1468 2988 Lutherani

189 3032 296 3112 dopoi
322 3034 406 3095 data
430 3035 532 3097 fuora
558 3043 683 3115 questa
709 3054 859 3097 censura
883 3056 921 3096 se
945 3055 990 3096 ne
1014 3034 1196 3096 bertizano
1221 3054 1300 3113 ore,
1326 3044 1361 3095 et
1385 3033 1468 3110 risu,

189 3139 251 3203 ¹sed
289 3142 397 3201 corde
427 3141 711 3222 disrumpuntur,
745 3154 779 3203 et
808 3151 907 3204 tanto
946 3142 1005 3222 piu
1041 3140 1172 3222 perche
1209 3141 1318 3202 Luter
1349 3140 1469 3202 avanti

189 3246 287 3307 detta
312 3267 461 3309 censura
484 3251 644 3328 protestd
668 3248 727 3329 pii]
753 3248 837 3310 fiate
862 3250 961 3310 voler
985 3259 1058 3309 star
1082 3248 1139 3309 del
1168 3256 1259 3308 tutto
1284 3248 1316 3308 ai
1339 3245 1468 3309 iudicio

188 3352 225 3413 di
250 3355 367 3434 quella
391 3354 596 3418 universita.
645 3357 675 3418 A
703 3357 834 3417 Vostra
858 3354 1028 3436 Signoria
1059 3353 1376 3416 Reverendissima
1408 3356 1465 3415 hu-

189 3460 368 3523 milmente
392 3464 479 3524 baso
504 3463 536 3522 le
561 3462 654 3524 mani
679 3473 735 3524 etc
760 3472 825 3525 etc.

804 3937 856 4000 tu.

216 4051 354 4131 Modica
382 4053 555 4133 memoria
582 4076 644 4154 pro
664 4053 748 4134 lino.
771 4053 948 4134 Aloandro
978 4053 1222 4134 commissario
1242 4056 1442 4156 apostolico

654 4190 694 4266 in
721 4187 817 4267 iaetu
843 4188 1000 4268 Lutheri.

604 4336 706 4405 (Aeta
728 4334 893 4392 wormac.
915 4334 973 4393 iol.
992 4335 1060 4404 126.)

255 4481 443 4563 Giapionis
467 4503 488 4544 a
512 4482 736 4544 confessione
762 4480 906 4544 Caesari
931 4480 1114 4542 consilium
1140 4486 1410 4563 autographum.

278 4625 318 4687 In
343 4624 466 4707 primis
491 4625 576 4687 licet
600 4624 650 4686 ita
673 4624 718 4686 sit
742 4624 837 4704 quod
862 4625 1030 4685 mandata
1060 4625 1223 4704 rigorosa
1255 4625 1325 4686 sint
1357 4626 1469 4707 pubii-

188 4743 271 4794 cata
295 4734 329 4793 in
355 4732 507 4794 diversis
530 4731 617 4794 locis
641 4731 853 4812 solepniter,
883 4750 950 4791 non
977 4739 1094 4791 tamen
1125 4733 1363 4793 observantur
1388 4753 1467 4795 con-

188 4849 290 4901 tenta
323 4839 358 4901 in
394 4839 463 4901 illis
500 4841 546 4901 ob
581 4840 757 4901 defectum
794 4838 932 4900 iliorum
969 4837 1027 4917 qui
1069 4838 1227 4900 ulteriori
1264 4839 1467 4901 executioni
