3559 5734
750 526 996 586 ΚἾΒἸἸΕῊ

231 674 418 754 consumit,
443 676 506 737 sed
531 676 700 738 continua
724 677 829 739 etiam
854 677 1048 740 Turcorum
1073 674 1236 738 excursio
1262 684 1297 736 et
1321 671 1438 736 rabies
1455 673 1515 733 illa

231 779 434 844 cohibenda
450 782 580 845 atterit.
613 781 717 863 Quod
735 792 853 845 tamen
870 799 942 845 non
968 802 1058 864 eque
1084 784 1189 844 doleo
1196 829 1205 861 ,
1231 801 1271 843 ac
1287 782 1369 843 dum
1387 780 1515 842 nullius

231 886 295 948 otii
308 887 437 950 nullius
452 888 717 970 tranquillitatis
730 909 886 969 securus,
902 911 993 972 quae
1006 900 1089 952 ante
1100 892 1223 952 oculos
1233 897 1420 950 versantur
1436 907 1513 969 pro-

231 996 291 1056 cul
314 1013 422 1056 cerno
446 996 538 1057 mala
562 995 681 1059 futura
705 1016 813 1077 super
837 996 1152 1074 Christianitatem,
1177 996 1236 1058 ubi
1261 995 1515 1077 ingravescens

230 1100 356 1180 hostiS,
381 1102 565 1183 occupatis
589 1102 735 1183 finibus,
772 1105 876 1166 sedes
902 1104 1106 1167 interiorum
1132 1103 1399 1166 Provinciarum
1425 1121 1514 1164 mea-

231 1227 309 1270 rum
335 1209 547 1290 devastanS,
570 1211 704 1273 liberas
729 1210 796 1272 sibi
820 1212 1002 1293 aperuerit
1031 1210 1108 1273 vias
1140 1213 1197 1273 vel
1228 1211 1262 1273 in
1288 1208 1514 1273 Germaniam

231 1315 380 1378 ulterius
403 1316 592 1398 grassandi
615 1320 672 1379 vel
698 1337 763 1398 per
787 1317 919 1380 Forum
945 1317 1027 1397 Julii
1056 1316 1091 1379 in
1123 1317 1260 1380 Italiam
1292 1316 1388 1378 sicco
1421 1317 1514 1397 pede

233 1424 500 1505 prorumpendi.
547 1424 651 1505 Quod
676 1435 793 1488 tamen
819 1444 887 1507 ego
912 1425 1024 1487 fretus
1042 1445 1111 1506 ope
1128 1424 1197 1486 Dei
1213 1423 1396 1505 impedire,
1420 1441 1514 1504 mag·

232 1549 280 1592 no
304 1530 468 1613 profecto
499 1551 609 1612 ausu,
645 1541 716 1595 tam
746 1531 972 1596 formidolosi
1010 1532 1122 1594 hostis
1157 1531 1352 1612 potentiam
1387 1529 1423 1591 in
1459 1549 1514 1591 me

232 1657 338 1699 unum
363 1636 521 1718 irritans,
542 1639 694 1702 caeteris
710 1640 876 1722 Regibus
894 1638 1213 1719 Potentatibusque
1231 1635 1514 1715 conniventibus,

230 1747 390 1824 tentabo,
407 1745 469 1809 ubi
483 1747 675 1810 accesserit
690 1744 929 1809 Beatitudinis
945 1747 1097 1809 Vestrae
1114 1744 1294 1823 auxilium,
1310 1763 1401 1826 quae
1415 1753 1514 1805 tanto

232 1857 347 1933 magis
371 1873 427 1915 me
451 1873 620 1935 meosque
644 1854 806 1917 subditos
830 1854 898 1916 sibi
920 1854 1048 1916 reddet
1072 1850 1263 1931 obnoxios,
1289 1860 1420 1932 quanto
1445 1870 1513 1912 ma-

231 1957 379 2039 ioribus,
410 1971 448 2022 ut
481 1960 619 2040 scribit,
653 1980 765 2042 agens
797 1962 832 2023 in
861 1961 1035 2041 angustiis
1063 1971 1099 2022 et
1132 1958 1401 2022 difficultatibus
1432 1956 1514 2036 suiS,

232 2066 454 2148 excogitabit
485 2068 628 2131 omnino
661 2068 794 2149 aliquid
826 2078 864 2131 ut
894 2067 1064 2149 temporis
1097 2066 1165 2130 mei
1194 2065 1391 2148 intelligam
1422 2085 1444 2126 a
1475 2084 1514 2127 se

231 2173 390 2236 habitam
409 2194 486 2238 esse
503 2175 686 2238 rationem.
731 2175 867 2256 Quibus
892 2195 977 2238 vero
1003 2173 1115 2257 copiis
1139 2184 1175 2238 et
1198 2194 1269 2255 quo
1293 2172 1416 2236 ordine
1440 2182 1514 2234 tan·

150 2281 152 2290 ’
232 2290 305 2343 tam
328 2282 457 2345 molem
481 2283 633 2364 aggredi
658 2282 918 2362 constituerim,
943 2302 1021 2345 cum
1046 2283 1152 2364 plene
1177 2282 1221 2343 de
1245 2281 1314 2343 illis
1337 2279 1514 2362 prefatum

232 2387 489 2451 Reverendum
513 2389 688 2470 Legatum
713 2410 812 2452 suum
838 2389 1039 2452 edocuerim
1064 2388 1168 2450 latius
1192 2388 1309 2451 omnia
1333 2405 1378 2449 ex
1404 2383 1514 2448 literis

232 2493 309 2556 eius
344 2505 540 2575 cognoscet
574 2493 753 2559 Sanctitas
785 2495 928 2560 Vestra.
982 2495 1046 2558 Cui
1077 2515 1154 2558 eam
1187 2494 1331 2556 iudubie
1366 2492 1514 2555 habebit

231 2599 357 2682 fidem,
390 2620 494 2682 quam
524 2611 623 2664 tanto
656 2602 733 2666 viro
766 2622 831 2684 par
856 2612 910 2666 est
933 2602 1137 2665 attribuere.
1186 2601 1286 2682 Quae
1310 2600 1523 2678 felicissime·

231 2709 362 2770 valeat.

321 2833 377 2895 Ex
401 2833 543 2896 Vienna
562 2834 628 2898 Die
652 2836 766 2916 prima
781 2835 951 2900 Octobris
976 2835 1083 2898 Anno
1101 2834 1240 2896 Domini
1266 2832 1511 2895 MDXXIV‘0.

364 2958 531 3021 Eiusdem
556 2959 763 3023 Sanctitatis
788 2961 940 3024 Vestrae

880 3086 997 3134 Humilis
1017 3093 1043 3134 et
1062 3086 1211 3147 obsequens
1231 3082 1299 3131 lilius

851 3182 1046 3244 ferdinandus
1076 3190 1157 3238 Arch.
1185 3190 1316 3238 Austriae.

839 3599 910 3666 170.

499 3715 722 3817 Margherita
748 3716 942 3797 lustriaco
970 3715 1247 3797 (111111111111.
1295 3753 1300 3764 ‚

659 3862 749 3936 (Epist
775 3864 892 3938 pnnoip.
910 3865 933 3932 1,
950 3864 995 3923 fol.
1015 3865 1083 3934 284.)

729 3972 767 4040 (3-
787 3975 897 4027 octobr,
921 3978 1006 4040 1524)

322 4097 531 4161 Beatissime
555 4098 590 4160 in
616 4097 755 4161 Christo
780 4099 888 4161 Pater
918 4111 953 4162 et
977 4101 1129 4164 Domine
1155 4101 1306 4163 Domine
1330 4100 1510 4164 Colendis·

231 4206 319 4267 sime
343 4213 426 4285 post
448 4206 578 4287 pedum
604 4207 726 4267 oscula
750 4207 953 4271 Beatorum.
993 4206 1079 4270 Cum
1097 4207 1323 4270 Venerabilis
1338 4207 1511 4270 Dominus

233 4310 492 4374 Illustrissimus
528 4311 701 4393 Princeps
732 4313 774 4375 D.
807 4313 984 4376 Henricus
1015 4313 1141 4376 Comes
1181 4315 1365 4377 Palatinus
1403 4316 1509 4394 Reni,

231 4418 316 4480 Dux
355 4417 549 4499 Bavariae,
593 4418 863 4500 Consaguineus
903 4429 1024 4483 noster
1059 4419 1292 4484 Charissimus
1331 4423 1510 4485 concordi-

231 4524 357 4588 busin
382 4524 537 4606 capitulo
562 4525 751 4607 suffragiis,
776 4525 811 4588 in
838 4527 1087 4591 Traiectensen
1106 4528 1336 4612 Episcopum,
1360 4541 1510 4593 vacante

231 4629 337 4711 Sede,
354 4632 408 4694 'sit
432 4633 577 4712 electus,
601 4631 746 4712 Nosque
761 4633 828 4715 ipsi
853 4643 925 4695 tum
949 4645 1097 4717 propter
1114 4636 1256 4715 generis
1273 4639 1509 4719 splendorem,

231 4747 306 4801 tum
323 4741 369 4802 ob
384 4741 566 4821 preclaras
582 4759 663 4801 suas
677 4739 827 4802 virtutes
844 4740 1041 4803 doctrinam
1066 4758 1100 4804 et
1116 4743 1357 4825 prudenciam,
1383 4746 1509 4828 quibus

230 4844 392 4929 preditus
416 4865 495 4912 esse
519 4845 731 4930 dinoscitur,
762 4866 809 4909 ex
835 4849 944 4913 corde
976 4851 1067 4914 bene
1091 4850 1255 4926 velimus;
1287 4853 1379 4915 adeo
1413 4856 1508 4935 quod
