3559 5734
838 510 1067 566 (»<“π.()6ἴ>-ο

312 659 401 723 ciliis
436 659 683 742 generalibus,
719 659 777 721 vel
808 657 914 721 etiarn
951 658 1225 741 particularibus
1259 657 1415 741 Synodis
1451 656 1596 721 fuerunt

312 769 511 847 damnatae,
540 765 574 828 in
599 766 727 848 quibus
751 776 917 828 auctores
941 786 1101 828 errorum
1125 787 1195 829 non
1220 766 1333 829 solum
1358 786 1427 829 non
1452 765 1597 829 luerunt

312 874 433 954 auditi,
458 875 521 936 sed
546 873 653 935 etiam
678 893 746 935 non
772 871 1020 936 interfuerunt.
1068 871 1181 935 Sicuti
1205 872 1449 936 Ebionitarum
1473 876 1595 936 haere·

312 981 369 1060 siS,
396 979 692 1060 Sabellianorum,
710 978 996 1062 pelagianorum,
1014 980 1264 1061 Montensium,
1290 983 1334 1044 de
1360 981 1486 1063 quibus
1507 981 1596 1062 judi·

311 1087 435 1151 candis
459 1087 712 1152 Constantinus
736 1087 935 1170 Imperator
958 1088 1003 1149 ad
1030 1087 1239 1151 Pontificem
1264 1088 1466 1181 Romanum
1491 1087 1595 1167 misit,

312 1204 350 1257 ut
382 1195 623 1276 supradictum
658 1203 721 1257 est.
785 1193 919 1258 Omitto
962 1216 1054 1257 nunc
1092 1197 1186 1277 quod
1216 1195 1390 1257 Martinus
1426 1195 1542 1258 statim
1575 1216 1597 1256 a

312 1301 489 1384 principio
520 1322 662 1364 suarum
686 1300 916 1383 ineptiarum,
948 1323 969 1365 a
997 1302 1171 1365 Pontifice
1205 1302 1322 1365 fuerat
1354 1301 1511 1383 benigne
1535 1302 1594 1364 ad·

313 1409 463 1471 monitus
489 1421 526 1471 ut
551 1408 749 1489 desisteret,
775 1408 904 1471 deinde
923 1409 1028 1472 etiam
1042 1409 1197 1471 Romam
1213 1409 1340 1472 citatus
1358 1410 1479 1471 oblato
1495 1411 1596 1471 salvo

312 1517 467 1580 adeundi
499 1527 534 1579 et
565 1515 738 1579 redeundi
770 1518 969 1597 conductu,
1002 1536 1094 1598 quae
1118 1516 1237 1579 omnia
1261 1536 1367 1598 quum
1398 1528 1597 1598 sperneret,

313 1644 457 1687 necesse
481 1623 605 1686 habuit
617 1621 797 1704 Pontifex,
822 1643 894 1686 non
911 1624 986 1686 sine
1010 1632 1129 1686 tamen
1153 1616 1290 1686 matura
1306 1633 1341 1685 et
1356 1623 1597 1685 Cardinalium

313 1741 348 1792 et
372 1730 630 1812 Episcoporum
662 1739 697 1792 et
722 1731 909 1793 multorum
933 1730 1224 1794 doctissimorum·
1242 1731 1398 1793 virorum
1414 1731 1596 1794 'delibera-

312 1837 409 1899 tione
434 1846 470 1899 et
494 1835 748 1918 disputatione,
783 1847 818 1900 et
851 1858 990 1901 errores
1014 1838 1125 1919 ipsius
1150 1839 1386 1901 condemnare
1412 1847 1447 1900 et
1471 1847 1598 1900 contra

316 1944 466 2006 eundem
492 1945 536 2005 ad
562 1943 730 2006 ulteriora
755 1945 963 2025 procedere.

402 2051 453 2113 At
476 2051 570 2113 dicet
593 2050 768 2113 Martinus
793 2049 901 2134 (quod
926 2062 961 2113 et
986 2054 1059 2115 dux
1083 2052 1159 2134 ipse
1184 2053 1287 2116 nobis
1312 2073 1376 2134 per
1400 2073 1483 2116 suos
1506 2051 1595 2115 rele-

313 2160 464 2223 rendum
489 2157 659 2221 Coloniae
684 2155 798 2241 iussit)
827 2178 969 2222 causam
994 2180 1091 2222 suam
1124 2162 1182 2223 vel
1212 2163 1321 2222 multo
1346 2173 1453 2222 antea
1475 2158 1596 2239 fuisse,

312 2288 334 2328 a
359 2267 496 2343 Legato
521 2264 557 2328 S.
589 2264 683 2328 Sixti
711 2266 1028 2329 Reverendissimo
1055 2267 1099 2329 D.
1125 2267 1338 2330 Treverensi
1363 2267 1597 2347 commissam,

313 2394 382 2454 qua
397 2372 557 2436 indecisa
571 2374 763 2454 pendente,
777 2393 848 2435 non
861 2373 1044 2436 debuisset
1056 2374 1195 2437 interim
1204 2374 1372 2438 Pontifex
1384 2375 1596 2456 procedere:

403 2479 558 2542 Primum
589 2480 877 2560 respondendum
909 2489 963 2543 est
989 2480 1099 2544 fuisse
1123 2484 1215 2543 hanc
1241 2501 1383 2544 causam
1407 2501 1478 2544 non
1503 2501 1596 2543 com-

314 2587 455 2650 missam
489 2589 552 2650 sed
590 2586 742 2651 fortasse
775 2588 1057 2651 commendatam
1097 2609 1118 2650 a
1149 2589 1305 2670 Legato,
1343 2588 1412 2670 ipsi
1442 2589 1596 2651 Domino

314 2695 341 2756 T
346 2694 540 2774 reverensi,
574 2705 612 2756 ut
642 2694 734 2775 ipse,
767 2705 890 2776 utpote
914 2695 970 2758 vir
994 2695 1167 2775 erudituS,
1199 2715 1421 2778 magnaeque
1445 2696 1595 2758 auctori·

314 2801 396 2865 tatis
420 2810 456 2864 et
479 2800 713 2864 illustrissimo
731 2802 822 2865 Duci
847 2801 980 2865 amicus
1004 2813 1167 2883 tentaret,
1193 2823 1263 2885 quo
1287 2813 1394 2885 pacto
1418 2802 1498 2865 finis
1514 2803 1596 2865 huic

314 2908 515 2990 pernicioso
540 2908 692 2990 negocio
717 2909 862 2972 tandem
884 2909 1137 2991 imponeretur.

402 3015 543 3077 Deinde
574 3014 602 3077 si
633 3016 819 3079 commissa
850 3028 962 3097 esset,
996 3029 1179 3098 oporteret
1207 3017 1348 3098 scriptis
1371 3020 1526 3098 probare
1551 3018 1596 3079 de

314 3121 483 3185 facultate
507 3121 636 3203 Legati
660 3133 695 3185 et
719 3124 955 3206 subdelegati.

404 3231 590 3293 Postremo
624 3231 766 3312 quando
798 3231 951 3294 maxime
982 3232 1167 3294 commissa
1199 3243 1310 3313 esset,
1342 3233 1510 3297 Pontifex
1537 3233 1596 3315 qui

314 3348 390 3400 erat
414 3357 598 3418 supremus
623 3338 856 3420 committens,
882 3337 997 3420 potuit
1022 3349 1057 3401 et
1080 3339 1205 3401 merito
1231 3332 1353 3403 debuit
1373 3342 1418 3403 ad
1436 3361 1474 3403 se
1490 3343 1596 3403 talem

314 3446 596 3509 commissionem
618 3436 841 3527 'causamque
872 3455 982 3509 totam
1015 3447 1211 3528 advocare,
1248 3447 1458 3527 praesertim
1491 3467 1598 3528 quum

242 3542 244 3547 ⁸
315 3552 489 3615 Martinus
520 3553 555 3615 in
584 3553 661 3617 dies
685 3553 799 3633 magis
824 3564 993 3635 pergeret
1017 3553 1188 3631 insanire,
1224 3564 1259 3616 et
1283 3565 1353 3616 tam
1379 3574 1468 3616 voce
1493 3574 1597 3636 quarn

315 3659 456 3740 seriptis
480 3681 622 3741 semper
646 3660 791 3741 aliquod
815 3680 991 3722 venenum
1015 3660 1051 3722 in
1073 3663 1244 3743 populum
1261 3660 1475 3725 diffundere:
1500 3662 1596 3724 unde

317 3765 484 3829 Pontifex
519 3767 643 3830 merito
677 3770 876 3850 cogebatur
912 3767 1100 3849 negocium
1137 3778 1331 3848 maturare,
1372 3790 1416 3831 ne
1449 3769 1598 3832 materia

314 3873 397 3935 fidei
422 3893 653 3955 processuum
668 3874 861 3938 involucris
886 3874 1016 3937 diutius
1039 3875 1298 3956 precrastinata
1322 3896 1489 3958 magnum
1513 3876 1597 3940 fide·

316 3981 407 4044 libus
431 3980 680 4045 detrimentum
704 3981 859 4045 afferret.

406 4087 495 4151 Nam
519 4091 615 4170 quod
630 4089 804 4153 Martinus
829 4092 1105 4173 protestabatur,
1130 4112 1168 4154 se
1194 4093 1285 4154 velle
1310 4091 1423 4153 audiri
1448 4100 1484 4155 et
1508 4100 1546 4153 ut
1560 4091 1598 4153 id

313 4194 348 4257 in
373 4196 493 4258 diaeta
516 4194 617 4258 fieret
642 4197 792 4260 maxime
816 4200 1048 4279 procurabat,
1081 4218 1125 4260 eo
1150 4199 1322 4262 tendebat
1346 4209 1384 4261 ut
1408 4197 1597 4262 auctorita·

316 4313 386 4365 tem
403 4302 586 4366 Pontificis
602 4303 732 4366 iudicio
750 4304 919 4367 laicorum
937 4305 1140 4379 subiiceret;
1167 4306 1296 4369 deinde
1321 4305 1404 4388 quia
1428 4308 1598 4388 sperabat

316 4412 465 4472 tumultu
490 4420 527 4472 et
549 4410 680 4473 affectu
705 4431 837 4492 eorum,
863 4411 922 4493 qui
947 4424 1029 4475 sunt
1052 4412 1088 4475 in
1114 4414 1315 4476 Romanam
1341 4413 1482 4477 Curiam
1506 4417 1598 4476 male

316 4517 471 4597 animati,
496 4537 638 4580 causam
662 4529 772 4581 suan?
785 4520 1099 4600 comprobandam,
1125 4530 1160 4581 et
1177 4519 1404 4584 Germaniam
1428 4531 1538 4583 totam
1561 4521 1597 4583 in

317 4645 414 4687 suam
441 4623 653 4687 sententiam
677 4647 715 4688 se
739 4626 846 4688 facile
869 4634 1074 4690 tracturum.

405 4729 560 4795 Suberat
584 4731 689 4795 etiam
714 4735 889 4814 quaedam
915 4736 1029 4798 latens
1053 4735 1193 4815 astutia,
1218 4756 1298 4798 narn
1321 4756 1427 4818 quum
1443 4735 1597 4818 suspica·

316 4848 422 4920 retur,
448 4839 517 4902 imo
541 4840 646 4903 etiam
663 4839 731 4902 iam
749 4843 795 4902 ab
820 4840 995 4921 aliquibus
1019 4842 1247 4926 intelligeret,
1272 4843 1419 4905 nuncios
1444 4845 1597 4927 Aposto-
