3559 5734
822 537 880 594 0-11
919 540 1069 596 52611-ο

307 702 376 763 que
400 682 550 765 gloriam
582 694 617 747 et
640 685 719 747 Deo
753 695 788 747 et
820 688 953 750 mundo
986 697 1022 751 et
1045 688 1217 771 singulari
1242 688 1362 752 virtuti
1388 702 1528 752 vestrae
1555 700 1591 752 et

308 791 549 872 expectationi
581 802 786 855 cunctarum
818 794 975 874 gentium
1002 796 1185 859 exhibere.
1207 797 1337 859 Datum
1363 797 1493 859 XXIII
1518 798 1592 860 Au·

307 897 403 978 gusti
425 898 627 961 MDXXV.
675 899 782 962 Anno
807 903 976 965 secundo.

909 1429 973 1492 248

589 1553 749 1634 Glemona
777 1552 855 1634 VIL
886 1553 1096 1634 Treverensi
1124 1553 1318 1634 cardinali.

382 1710 524 1783 (moment.
543 1709 603 1768 vu
622 1709 762 1783 bpbtolae
781 1709 819 1768 ad
835 1709 974 1784 principes
991 1726 1041 1784 per
1060 1710 1223 1769 dedolatum
1241 1711 1365 1784 scriptae
1382 1711 1427 1770 fol
1446 1712 1514 1782 201.)

797 1835 850 1906 (23.
870 1840 986 1901 Augusti
1009 1843 1093 1901 1525.)

396 1982 498 2046 Ven¹⁸
524 1982 651 2046 Frater
678 1983 828 2045 salutem
852 1989 919 2044 etc.
974 1979 1152 2061 Quantum
1187 1982 1381 2063 profecerit
1413 1983 1449 2045 in
1480 1984 1593 2047 tantis

307 2091 521 2155 Germaniae
551 2090 707 2152 motibus
735 2100 817 2151 tuae
849 2086 1083 2151 fraternitatis
1113 2088 1225 2152 virtus
1257 2100 1293 2152 et
1323 2091 1511 2171 prudentia
1542 2094 1591 2153 ad

307 2198 494 2282 impiorum
518 2197 698 2260 hominum
722 2197 892 2259 tumultus
916 2195 1111 2275 sedandos,
1147 2206 1208 2258 aut
1241 2196 1347 2258 etiam
1378 2198 1483 2260 armis
1515 2198 1591 2260 vin·

308 2306 491 2386 dicandos,
517 2315 571 2367 est
594 2303 698 2366 nobis
721 2305 828 2385 plane
854 2300 1046 2383 cognitum,
1067 2301 1223 2383 nihilque
1239 2324 1369 2366 novum
1386 2304 1431 2366 de
1446 2305 1591 2385 virtute,

308 2424 344 2475 et
367 2413 540 2493 religione
564 2421 625 2474 tua
648 2411 895 2473 intelleximus
943 2408 1071 2472 Sumus
1102 2410 1194 2472 enim
1219 2410 1350 2473 iamdiu
1381 2411 1416 2475 in
1448 2433 1490 2473 ea
1515 2413 1591 2494 opi-

308 2522 428 2597 nione,
457 2532 495 2582 ut
524 2519 560 2580 in
594 2529 629 2580 te
653 2516 847 2580 iudicemus
872 2516 996 2598 vigere
1028 2519 1229 2598 exemplum
1264 2529 1299 2579 et
1326 2518 1469 2599 pietatis
1501 2539 1592 2601 erga

308 2629 433 2706 Deum,
458 2637 494 2688 et
518 2624 733 2705 integritatis
757 2622 919 2685 eximiae.
967 2624 1058 2686 Illud
1083 2624 1235 2687 maxime
1260 2626 1402 2706 quidem
1436 2647 1500 2689 nos
1529 2630 1589 2690 de·

307 2733 453 2798 lectavit
476 2732 511 2794 in
537 2741 636 2794 tanta
660 2730 868 2794 confusione
900 2750 1017 2793 rerum
1048 2731 1220 2810 omnium,
1252 2743 1288 2793 et
1319 2734 1592 2813 perturbatione

306 2852 419 2904 status
443 2838 672 2902 ecclesiastici
696 2838 745 2900 ita
769 2836 936 2900 enituisse
961 2837 1126 2901 virtutem
1150 2848 1257 2916 tuam,
1275 2851 1313 2901 ut
1336 2839 1591 2921 intelligerent,

309 2960 344 3010 et
373 2948 543 3010 sentirent
567 2945 736 3027 improbi,
771 2944 904 3008 Summi
942 2944 1009 3007 Dei
1047 2943 1263 3008 Sacerdotes
1302 2947 1407 3010 etiam
1447 2950 1491 3010 ad
1530 2969 1592 3012 res

308 3075 456 3137 magnas
496 3054 712 3133 temporales
750 3054 929 3132 gerendas
970 3051 1121 3114 inveniri
1159 3052 1317 3117 idoneas,
1379 3053 1590 3136 Quanquam

306 3164 479 3225 nollemus
503 3180 593 3242 opus
616 3158 725 3221 fuisse
749 3159 873 3221 armisz'
897 3159 960 3220 sed
985 3158 1013 3221 si
1037 3179 1135 3220 arma
1163 3158 1364 3221 necessaria
1388 3172 1485 3239 sunt,
1515 3181 1590 3226 non

307 3281 390 3333 sunt
419 3269 480 3330 illa
510 3266 750 3349 repudianda,
781 3265 969 3346 presertim
1002 3266 1031 3328 si
1063 3266 1108 3327 ad
1140 3265 1448 3330 conservationem
1479 3288 1591 3331 verae

308 3391 343 3440 et
360 3396 468 3439 sanae
493 3373 622 3437 Christi
646 3372 750 3452 fidei,
780 3383 816 3435 et
839 3375 885 3434 ad
909 3372 1128 3454 reipublicae
1153 3372 1376 3436 Christianae
1400 3374 1591 3439 utilitatem

307 3493 447 3566 sumpta
471 3481 624 3544 fuerunt.
672 3478 776 3560 Quod
800 3479 835 3541 in
860 3490 896 3541 te
921 3479 1099 3560 evenisse,
1131 3491 1297 3562 tuamque
1322 3480 1428 3542 animi
1453 3482 1586 3562 magni·

309 3591 465 3654 tudinem
489 3609 568 3651 cum
595 3589 671 3650 Deo
696 3598 732 3649 et
756 3607 834 3649 cum
858 3587 1033 3669 religione
1062 3587 1171 3649 fuisse
1206 3587 1446 3666 coniunctam,
1480 3589 1589 3669 pluri·

307 3718 400 3761 mum
424 3697 630 3778 gaudemus,
655 3695 824 3774 Tuaeque
849 3694 1079 3757 Fraternitati
1103 3695 1147 3758 de
1165 3705 1264 3757 tanta
1279 3694 1457 3776 exquisita
1482 3696 1589 3758 laude

307 3807 537 3886 gratulamur.
592 3802 667 3865 Nos
700 3802 859 3884 quidem,
889 3801 948 3883 qui
977 3802 1040 3863 tibi
1072 3822 1213 3883 semper
1241 3823 1286 3865 ex
1317 3802 1434 3865 animo
1466 3802 1589 3865 affecti

307 3912 454 3992 fuimus,
486 3910 734 3992 insignemque
768 3930 855 3991 erga
886 3919 922 3971 te
957 3910 1132 3989 gessimus
1162 3909 1460 3988 benivolentiam,
1494 3911 1589 3973 hanc

307 4030 402 4082 tuam
427 4020 567 4081 laudem
593 4016 752 4079 ducimus
776 4016 879 4078 nobis
904 4037 996 4098 pene
1014 4036 1233 4080 communem
1250 4037 1327 4080 esse
1344 4028 1470 4096 tecum,
1496 4039 1590 4099 quae

307 4136 342 4189 et
366 4126 396 4188 si
419 4124 558 4206 magnis
582 4124 776 4203 laboribuS,
792 4133 828 4186 et
844 4123 1139 4187 sollicitudinibus
1156 4124 1222 4186 fuit
1243 4124 1362 4204 mixta,
1386 4127 1453 4187 hoc
1469 4135 1589 4188 tamen

306 4232 372 4296 fuit
394 4231 586 4314 insignior,
623 4232 717 4313 quod
749 4230 940 4294 illustriore
972 4232 1186 4294 documento
1218 4231 1399 4313 patefacta
1428 4241 1498 4306 est;
1533 4245 1591 4295 est

307 4340 400 4404 enim
425 4339 536 4401 virtus
559 4339 594 4401 in
625 4337 894 4401 difficultatibus
926 4338 1130 4418 perfectior.
1190 4338 1361 4401 Volumus
1384 4338 1505 4420 itaque
1529 4360 1589 4402 ex—

305 4448 463 4511 istimare
492 4446 765 4508 Fraternitatem
797 4455 892 4507 tuam
926 4466 990 4507 nos
1024 4457 1060 4508 et
1092 4445 1210 4507 multis
1233 4444 1435 4526 praeteritis
1460 4444 1590 4509 officiis

306 4553 371 4617 tibi
401 4574 479 4617 esse
509 4552 714 4631 devinctos,
754 4564 790 4615 et
824 4554 891 4614 hoc
924 4553 1059 4615 recenti
1091 4562 1221 4614 eventu
1251 4552 1300 4614 ita
1337 4552 1504 4614 incitatos
1540 4553 1588 4614 ad

306 4681 462 4724 amorem
487 4671 523 4723 et
543 4659 751 4722 charitatem
775 4659 836 4738 tui,
861 4669 899 4721 ut
913 4659 999 4722 nihil
1023 4660 1078 4739 sit,
1103 4661 1197 4740 quod
1223 4668 1281 4721 tua
1298 4679 1415 4738 causa,
1432 4655 1588 4721 Domino

306 4768 507 4847 adiuvante,
533 4786 604 4829 non
641 4765 795 4828 libenter
826 4765 954 4829 facturi
983 4766 1092 4829 simus
1158 4765 1232 4828 Nec
1269 4786 1354 4829 vero
1387 4786 1477 4848 opus
1507 4787 1588 4829 esse

306 4886 470 4964 putamus
495 4885 529 4936 te
561 4872 713 4952 hortari,
752 4883 790 4934 ut
820 4869 855 4934 in
886 4872 1053 4955 pristina,
1094 4883 1130 4935 et
1160 4874 1229 4936 iam
1259 4885 1425 4956 suscepta
1457 4872 1588 4938 virtute
