3559 5734
762 475 1010 534 osseus*

247 627 358 690 malos
383 627 705 709 exploratissimum
731 638 827 690 certe
851 638 907 690 est
931 638 992 690 aut
1015 626 1100 690 nihil
1126 636 1186 688 aut
1200 624 1389 687 admodum
1404 641 1530 704 parum

247 733 415 817 praesidii
438 734 474 797 in
498 734 568 798 illis
591 733 706 799 situm.

336 840 376 902 In
400 842 492 903 hanc
515 842 639 904 horam
654 861 766 922 usque
782 840 1122 924 Wittembergensis
1145 840 1268 904 schola
1291 848 1367 902 toto
1383 848 1531 920 pectore

247 948 419 1011 incumbit
445 949 490 1010 ad
520 949 789 1029 provehendam
814 948 1086 1012 commotionem
1111 947 1293 1030 nephariis
1316 946 1389 1008 suis
1413 945 1530 1028 dispu-

248 1055 443 1119 tationibus
468 1065 504 1118 et
527 1055 670 1138 scriptis
699 1056 911 1128 maledictis;
943 1056 1199 1123 calumniantur
1231 1062 1331 1127 vota;
1363 1054 1532 1116 damnant

247 1163 282 1226 in
299 1162 501 1226 universum
518 1162 780 1226 confessionem
805 1163 885 1226 oris.
934 1162 1126 1226 Affirmant
1145 1182 1298 1244 peccare
1314 1171 1350 1223 et
1366 1160 1531 1223 schisma·

247 1271 293 1333 tis
318 1291 397 1333 esse
421 1290 503 1333 reos
528 1271 740 1352 quicumque
756 1248 947 1333 Sanctitati
970 1279 1112 1333 vestrae
1138 1272 1399 1351 obsequuntur3
1424 1287 1534 1348 super

249 1378 399 1440 articulo
424 1376 752 1440 communicationis
775 1380 842 1440 sub
866 1377 987 1459 specie
1011 1377 1114 1460 panis
1129 1376 1380 1439 commendant
1395 1394 1533 1437 rursum

249 1486 428 1548 Bohemos
452 1493 620 1566 tanquam
636 1503 805 1567 germane
831 1483 1052 1548 christianos.
1090 1485 1144 1547 Ac
1160 1483 1266 1546 editis
1282 1482 1436 1545 scedulis
1459 1491 1532 1542 tam

251 1594 460 1672 blasphema
483 1591 551 1674 ipsi
576 1590 708 1674 passim
733 1591 930 1675 divulgant.

339 1700 380 1762 In
405 1699 482 1761 dies
506 1708 588 1780 post
612 1697 767 1761 omnium
783 1701 959 1762 bonorum
974 1695 1130 1760 virorum
1154 1706 1330 1778 conatum,
1353 1704 1436 1778 post
1459 1698 1533 1758 bul-

249 1806 318 1868 lam
344 1804 581 1867 Beatitudinis
614 1814 758 1867 vestrae
789 1815 825 1868 et
849 1804 1062 1868 Caesareum
1096 1803 1250 1866 edictum
1282 1802 1318 1865 in
1341 1802 1534 1865 Martinum

251 1924 286 1975 et
304 1912 505 1992 complices,
523 1920 698 1992 augentur
713 1911 816 1992 copie
831 1912 1122 1990 lutheranorum,
1149 1911 1287 1992 iamque
1303 1909 1471 1973 rarissimi
1485 1911 1534 1972 in·
1585 1946 1590 1955 ·

251 2020 441 2082 veniuntur
463 2018 545 2081 laici
570 2019 629 2100 qui
655 2018 807 2081 candide
832 2028 868 2080 et
887 2018 1094 2100 simpliciter
1110 2017 1257 2081 faveant
1273 2016 1534 2097 ecclesiasticis,

252 2128 315 2189 sed
341 2137 376 2188 et
399 2128 495 2189 bona
519 2145 603 2208 pars
628 2126 853 2188 sacerdotum
881 2123 967 2187 facit
999 2144 1078 2186 cum
1102 2126 1259 2188 Luthero
1284 2133 1319 2187 et
1343 2126 1534 2206 plerosque

253 2236 364 2316 pudet
386 2241 482 2296 stare
508 2255 529 2294 a
553 2242 655 2314 parte
672 2232 839 2294 Romane
863 2230 1035 2311 Ecclesie‚
1060 2231 1152 2293 adeo
1168 2230 1318 2293 invisum
1336 2240 1390 2293 est
1405 2251 1533 2293 nomen

253 2342 509 2403 curtisanorum
535 2350 570 2401 et
595 2340 818 2401 decretorum
842 2336 1074 2400 beatitudinis
1097 2347 1216 2400 vestre
1240 2358 1309 2419 que
1325 2357 1456 2419 magno
1481 2358 1533 2399 su-

253 2447 400 2530 percilio
424 2455 507 2529 post
531 2446 879 2528 Wittembergenses
903 2453 940 2508 et
964 2440 1023 2507 alii
1047 2465 1189 2527 quoque
1212 2445 1385 2508 reiiciunt.

342 2554 592 2617 Erfordienses
617 2552 748 2616 subditi
773 2553 858 2615 dicti
872 2561 1059 2615 creaturae
1083 2565 1224 2615 vestrae
1249 2552 1312 2616 sed
1336 2552 1475 2634 perfidi,
1499 2550 1535 2613 in

255 2663 396 2724 Ducatu
423 2661 510 2724 illmi
535 2658 717 2723 Saxoniae
741 2660 852 2723 Ducis
876 2660 1041 2722 electoris
1070 2669 1136 2723 etc.
1167 2669 1350 2722 manentes
1379 2659 1535 2723 excitato

255 2789 369 2851 nuper
393 2766 643 2831 seditiosorum
668 2768 829 2847 tumultu,
854 2765 1098 2830 dissimulante
1122 2776 1247 2829 senatu
1271 2767 1453 2849 utriusque
1477 2767 1536 2829 de·

255 2874 334 2937 cani
358 2884 428 2937 tam
454 2875 559 2963 divae
584 2874 733 2957 virginis
757 2894 862 2955 quam
886 2873 1001 2936 sancti
1026 2872 1142 2936 severi
1167 2894 1209 2936 ac
1230 2883 1311 2935 octo
1337 2883 1372 2936 et
1387 2875 1536 2956 quadra-

255 2981 356 3063 ginta
380 2981 528 3043 aliorum
553 2980 806 3043 canonicorum
831 2989 867 3043 et
890 2980 1104 3043 vicariorum
1128 2980 1396 3061 collegiatarum
1426 2982 1536 3044 eccle-

256 3089 385 3151 siarum
410 3088 519 3150 aedes
544 3087 768 3168 diripuerunt
792 3097 969 3170 nocteque
993 3097 1029 3152 et
1052 3088 1145 3150 inter
1168 3087 1228 3150 diu
1242 3084 1379 3151 foribus
1396 3090 1537 3151 aedium

255 3194 455 3257 huiusmodi
471 3193 704 3273 comminutis,
729 3192 853 3257 fractis
865 3194 1043 3275 fenestris,
1065 3193 1206 3272 mensis,
1232 3195 1410 3275 tabulatis,
1434 3194 1537 3275 arcis,

256 3300 417 3364 armariis
440 3300 540 3362 libris
564 3299 730 3381 omnique
755 3300 824 3363 alio
850 3302 1097 3384 suppellectile
1123 3311 1158 3364 et
1182 3301 1345 3365 dissectis
1359 3302 1537 3365 variorum

255 3407 404 3471 vinculis
429 3406 632 3469 effuderunt
655 3406 738 3469 vina
756 3416 792 3469 et
808 3390 1027 3473 cerevisiam.
1075 3410 1134 3472 Ad
1149 3411 1239 3473 haec
1255 3420 1384 3490 vestes,
1400 3429 1538 3490 carnes,

256 3515 411 3577 butirum
435 3524 471 3577 et
494 3513 632 3595 reliqua
656 3516 849 3594 esculenta,
874 3515 1061 3596 pecuniam
1086 3536 1238 3598 quoque,
1263 3525 1436 3598 argentea
1451 3536 1539 3580 vasa

257 3633 292 3684 et
321 3620 485 3683 clenodia
509 3640 627 3682 secum
653 3620 888 3683 abstulerunt.
938 3621 1108 3684 Preterea
1130 3622 1165 3685 in
1182 3624 1321 3685 domum
1339 3624 1539 3686 consistorii

257 3727 453 3810 praepositi
468 3726 651 3808 utriusque
675 3727 851 3790 ecclesiae
875 3727 1050 3791 irruentes
1075 3749 1152 3791 eam
1169 3738 1279 3792 totam
1297 3731 1538 3811 devastarunt,

257 3844 388 3897 tectum
413 3833 669 3915 confregerunt
692 3844 728 3897 et
745 3834 912 3916 quicquid
930 3835 1111 3915 librorum,
1136 3844 1295 3899 actorum
1312 3836 1539 3917 iudicialium,

259 3941 498 4024 depositarum
516 3940 712 4004 litterarum
729 3952 765 4003 et
777 3951 1082 4004 monumentorum
1095 3953 1331 4024 reppererunt
1344 3943 1540 4026 discerpse-

258 4059 349 4111 runt.
396 4048 522 4128 Neque
546 4058 653 4111 antea
677 4068 698 4111 a
722 4049 974 4130 prosequendo
1000 4051 1096 4111 clero
1114 4060 1168 4111 est
1185 4049 1335 4112 desitum
1350 4071 1456 4132 quam
1479 4050 1541 4115 ubi

259 4155 468 4237 perterritus
483 4155 518 4217 in
535 4154 720 4217 tuitionem
735 4175 814 4217 sese
830 4164 976 4218 senatus
993 4156 1160 4237 dedisset,
1185 4156 1331 4239 eiusque
1348 4159 1541 4241 presidium

259 4262 493 4343 implorasset.
541 4258 696 4323 Senatus
712 4260 821 4323 nihilo
839 4261 949 4324 setius
963 4283 984 4323 a
1000 4263 1246 4326 sacerdotibus
1263 4274 1298 4326 et
1313 4267 1409 4328 clero
1425 4266 1540 4327 huius-

260 4368 355 4431 modi
380 4368 503 4451 exegit
525 4367 694 4430 articulos
719 4370 892 4449 quosdam
922 4369 1231 4451 nephandissimos
1260 4381 1385 4452 utpote
1413 4370 1542 4454 quibus

260 4477 306 4539 ad
339 4495 501 4557 quaeque
533 4474 678 4537 sordida
708 4486 744 4537 et
775 4475 894 4539 civilia
924 4496 1035 4540 onera
1064 4478 1250 4540 subeunda
1274 4497 1315 4539 ac
1339 4477 1542 4542 adtributa

261 4582 451 4664 pendenda
474 4590 513 4643 ut
535 4580 710 4662 reliquum
733 4584 864 4664 vulgus
888 4585 1165 4666 perpelleretur;
1190 4587 1370 4667 multaque
1385 4586 1455 4649 alia
1471 4606 1543 4649 non

262 4691 375 4752 solum
406 4709 497 4771 quae
528 4687 665 4751 faciunt
695 4690 867 4753 adversus
890 4690 1093 4756 libertatem
1118 4691 1395 4757 ecclesiasticam
1420 4694 1483 4757 sed
1507 4702 1542 4757 et

262 4794 348 4861 iuris
371 4798 557 4858 humanam
583 4796 798 4876 aequitatem
823 4799 1037 4861 subvertunt
1060 4802 1106 4861 ab
1124 4798 1257 4861 eisdem
1274 4811 1484 4883 exegerunt,
1508 4811 1544 4863 et
