3559 5734
691 582 938 641 *euleu*

172 732 311 816 cipibus
346 731 554 814 permittant
588 749 711 794 omnes
748 750 863 813 pagos
905 749 1088 812 quousque
1123 729 1339 794 redemerint
1375 752 1454 795 cum

175 822 296 919 8ὀ,οοο
319 837 394 903 flor.
421 886 451 902 ..

262 946 303 1009 In
319 944 452 1027 Algoia
475 943 653 1007 exercitus
677 944 772 1025 ligae
795 964 813 1023 3
832 943 915 1023 Julii
932 964 954 1006 a
969 942 1136 1007 Danubio
1161 952 1284 1007 contra
1301 943 1453 1027 Algoios

170 1053 401 1137 progreditur
425 1062 460 1114 et
485 1051 646 1114 ascendit
670 1071 736 1134 per
750 1052 880 1115 vallem
907 1050 1099 1114 Chamlach
1122 1050 1184 1113 ubi
1208 1050 1364 1114 substitit
1386 1071 1453 1135 per

172 1171 254 1224 octo
278 1161 354 1223 dies
377 1159 413 1222 in
426 1158 714 1231 Wattenweiler;
738 1158 821 1221 inde
845 1178 970 1221 versus
990 1156 1195 1240 Memingen
1219 1157 1288 1221 iter
1311 1158 1451 1242 dirigit;

170 1268 297 1331 rustici>
316 1286 403 1331 vero
427 1265 462 1329 in
488 1264 564 1329 dies
588 1274 722 1347 augent
746 1266 942 1329 exercitum
966 1274 1002 1327 et
1025 1284 1047 1327 a
1069 1263 1184 1328 faciae
1199 1264 1294 1348 ligae
1310 1265 1452 1348 fugiunt

172 1395 283 1457 usque
308 1375 353 1438 ad
367 1373 496 1437 flumen
522 1371 656 1435 Luibus
679 1372 739 1435 ubi
763 1381 918 1435 montem
941 1374 1094 1435 subeunt
1118 1371 1332 1446 conflicturI;
1371 1375 1450 1435 sub·

170 1493 293 1545 secuta
316 1481 391 1563 liga
414 1479 621 1543 bombardis
657 1499 719 1542 eos
753 1479 965 1561 aggreditur
987 1478 1143 1560 vesperi;
1181 1478 1294 1542 territi
1328 1479 1450 1543 rustici

171 1587 411 1670 diffugierunt,
435 1587 530 1649 unde
555 1587 718 1668 sequenti
741 1586 799 1649 die
829 1606 864 1665 13
889 1585 975 1665 Julii
999 1587 1044 1648 ad
1065 1584 1216 1669 gratiam
1232 1596 1268 1650 et
1281 1586 1450 1650 iustitiam

169 1696 306 1777 recepti
330 1704 428 1774 sunt,
463 1694 625 1776 pluribus
656 1694 788 1778 passim
818 1694 853 1757 in
877 1693 1005 1757 itinere
1038 1704 1074 1757 et
1103 1694 1138 1757 in
1163 1703 1283 1757 monte
1307 1693 1449 1790 occisis;

168 1804 351 1886 perierunt
380 1822 472 1881 1400.

260 1911 487 1976 Obsederant
522 1909 653 1973 subditi
689 1907 963 1991 Archiepiscopi
1004 1905 1291 1990 Saltzburgensis
1329 1927 1447 1971 arcem

167 2016 290 2100 ipsius,
316 2017 374 2098 qui
399 2016 458 2080 diu
482 2016 612 2080 frustra
636 2015 739 2098 petiit
762 2015 932 2079 auxilium
963 2036 984 2079 a
1007 2015 1116 2098 Liga,
1149 2035 1253 2079 nemo
1286 2015 1380 2078 enim
1415 2015 1447 2079 ei

168 2125 341 2187 succurrit
366 2123 433 2186 nisi
457 2123 659 2187 Ludovicus
682 2124 766 2186 Dux
790 2122 977 2203 Bavariae,
1002 2123 1062 2205 qui
1081 2122 1328 2205 septingentos
1353 2121 1447 2205 equi·

166 2242 221 2295 tes
246 2231 364 2294 statim
387 2231 421 2293 in
446 2230 600 2294 confinia
624 2231 735 2295 duxit.
783 2228 963 2312 Georgius
999 2230 1043 2293 de
1067 2229 1275 2312 Fronsperg
1298 2229 1446 2293 clarissi-

165 2358 243 2401 mus
267 2338 353 2401 belli
377 2338 450 2400 dux
474 2338 620 2421 collegit
642 2337 802 2416 militem,
838 2338 901 2400 sed
938 2335 1073 2400 tardius
1108 2356 1188 2399 eum
1218 2335 1446 2418 Lantspergii

166 2445 391 2527 expectavit;
417 2454 550 2507 tantem
574 2447 690 2507 soluto
707 2443 866 2522 exercitu
882 2444 978 2527 ligae
994 2445 1170 2508 accelerat
1185 2440 1444 2525 Saltzburgum,

165 2553 263 2634 quod
286 2551 401 2634 primo
425 2552 559 2634 impetu
582 2552 665 2614 dum
689 2571 818 2634 capere
841 2553 978 2630 tardat,
1010 2551 1133 2613 rustici
1166 2550 1314 2613 interius
1338 2552 1442 2613 auda-

165 2659 281 2722 ciores
304 2658 389 2721 facti
413 2658 540 2721 fortius
562 2657 741 2721 resistunt.
788 2659 838 2721 At
862 2661 944 2721 dum
968 2658 1058 2741 Liga
1082 2657 1297 2741 Episcopum
1320 2657 1356 2721 in
1389 2658 1443 2720 sui

164 2766 424 2848 protectionem
459 2764 675 2847 accepisset,
720 2765 910 2828 constituto
949 2766 1049 2829 Duce
1083 2764 1265 2828 Ludovico
1300 2765 1442 2828 Bavaro

165 2872 378 2965 Capitaneo,
412 2872 533 2937 rustici
565 2873 691 2937 timore
726 2874 880 2955 perculsi
912 2873 1063 2955 gratiam
1087 2873 1285 2956 petierunt;
1310 2872 1442 2954 sicque,

163 3000 253 3062 pace
277 2979 416 3043 firmata
440 2991 475 3043 et
498 2980 661 3044 restituto
686 3000 877 3064 eposcop0,
903 2980 1081 3043 exercitus
1096 2982 1231 3043 solutus
1246 2988 1301 3043 est
1314 2989 1441 3061 quarto

162 3085 395 3169 Septembris.

697 3293 904 3306 mmm

761 3524 837 3590 259.

436 3638 595 3720 Clemens
622 3640 701 3721 VIL
730 3640 915 3722 Gudinali
942 3640 1165 3743 Muguutiuo.

347 3760 506 3854 (dementit
524 3786 578 3845 vn
596 3787 685 3861 apuu
705 3789 742 3847 ad
759 3788 849 3848 Prius.
867 3804 919 3862 per
937 3788 1027 3847 bedul.
1045 3803 1096 3847 tor.
1114 3787 1160 3846 tol.
1179 3786 1247 3860 ato.)
1345 3876 1350 3886 ἱ

644 3917 696 3978 (16.
717 3918 842 3967 Octobris
865 3928 894 3981 15
917 3916 951 3984 5.)

242 4055 476 4121 Gratissimas
492 4058 596 4121 nobis
616 4060 817 4141 accepimus
833 4060 970 4124 litteras
985 4071 1064 4125 tuas
1078 4060 1265 4125 XXVIIII
1279 4059 1435 4143 Augusti

158 4164 270 4244 datas,
295 4184 387 4245 quae
412 4165 679 4228 excusationem
703 4167 963 4247 quodammodo
988 4167 1166 4232 actionum
1190 4179 1328 4231 tuarum
1353 4188 1434 4231 con·

157 4269 337 4351 tinebant,
371 4271 416 4335 de
447 4270 502 4333 his
535 4292 625 4353 quae
659 4293 761 4335 secus
792 4274 836 4335 de
859 4284 922 4336 tua
946 4273 1151 4355 integritate
1175 4285 1212 4338 et
1235 4274 1435 4338 constantia

158 4387 278 4440 essent
301 4378 495 4461 divulgata.
543 4379 681 4460 Atque,
705 4389 744 4441 ut
767 4401 891 4443 verum
915 4379 1100 4462 fateamur,
1124 4381 1268 4446 fuerunt
1291 4381 1434 4465 quidem

156 4486 217 4546 illa
242 4484 446 4547 circumlata
470 4487 691 4551 sermonibus
723 4488 768 4551 ad
802 4505 977 4570 auresque
1011 4498 1151 4553 nostras
1174 4499 1431 4572 pervenerunt3

161 4592 224 4653 sed
248 4611 313 4653 nos
339 4590 397 4672 qui
428 4591 752 4675 circumspectionis
775 4604 857 4658 tuae
881 4595 1036 4659 animum
1052 4600 1265 4680 plenamque
1289 4597 1432 4682 pietatis

155 4707 308 4760 mentem
333 4702 657 4782 cognoscebamus,
682 4722 858 4784 nunquam
882 4703 1060 4785 potuimus
1085 4703 1212 4768 adduci
1246 4715 1285 4766 ut
1312 4705 1430 4769 crede·

154 4825 272 4868 remus
296 4814 432 4869 tantum
456 4806 558 4869 nefas
589 4827 610 4869 a
638 4807 699 4870 tali
733 4820 769 4872 et
798 4810 960 4892 principe
991 4821 1027 4874 et
1057 4810 1229 4874 cardinali
1259 4812 1431 4877 adversus

155 4910 338 4994 ipsiusmet
360 4912 570 4997 dignitatem
594 4914 703 4978 fuisse
727 4917 960 4981 commissum.
1008 4917 1245 5000 Quamobrem
1274 4940 1345 4983 non
1368 4941 1428 5003 po·
