3559 5734
697 535 944 592 osane*

180 685 259 747 rola
282 685 327 746 de
350 683 431 763 Dio,
456 694 491 746 et
514 683 616 746 voler
638 681 800 764 prohibit
824 685 857 744 le
880 681 1105 763 impressioni
1129 683 1173 743 de
1197 683 1278 745 libri
1302 683 1459 764 dannati,

182 802 217 853 et
240 790 378 871 famosi,
401 792 521 854 hanno
545 799 741 853 monstrato
766 809 845 852 eum
869 789 893 851 li
918 787 1041 869 effatu,
1065 789 1130 851 che
1154 789 1272 852 hanno
1295 791 1388 853 altra
1410 791 1458 853 in·

180 898 356 979 tentione,
391 897 522 980 perche
546 898 665 960 hanno
691 898 821 960 lassato
846 896 955 977 dopoi
978 895 1159 979 imprimer
1181 896 1283 960 simili
1315 907 1350 959 et
1374 916 1457 980 peg-

181 1004 273 1087 giori
295 1004 387 1085 libri,
410 1005 500 1068 fatto
525 1005 690 1087 predicar
714 1003 737 1065 li
761 1002 948 1083 lutherani,
974 1011 1010 1065 et
1032 1002 1213 1085 prohibito
1237 1005 1262 1067 li
1286 1005 1380 1069 boni.

270 1110 490 1175 Similmente
520 1131 586 1194 per
614 1111 679 1173 dar
702 1110 859 1173 remedio
883 1132 905 1172 a
934 1111 966 1172 le
990 1111 1197 1192 sopradette
1221 1131 1304 1175 cose
1327 1112 1459 1178 Nostro

182 1218 336 1303 Signore
360 1220 462 1302 Papa
485 1218 667 1282 Clemente
692 1216 770 1283 VII.
795 1218 843 1280 ha
865 1219 1052 1297 mandato,
1082 1238 1104 1279 a
1128 1218 1163 1280 la
1186 1217 1308 1282 ultima
1331 1221 1460 1284 Diaeta

182 1328 226 1390 de
240 1327 489 1409 Noremberga
513 1327 546 1389 el
561 1324 878 1389 Reverendissimo
895 1323 1084 1388 Cardinale
1099 1324 1294 1409 Campegio
1311 1327 1459 1410 Legato,

181 1436 287 1497 homo
313 1434 357 1497 de
374 1433 515 1516 integra
531 1432 615 1514 vita,
640 1441 676 1495 et
692 1434 890 1496 excellente
905 1431 1078 1510 doctrina,
1103 1432 1201 1496 accio
1216 1436 1459 1500 concorrendo

182 1540 328 1605 insieme
352 1550 427 1604 tute
451 1549 576 1623 queste
600 1538 804 1620 conditioni,
829 1538 1027 1619 l'autoriti,
1051 1540 1086 1602 la
1108 1540 1230 1621 bonta,
1254 1542 1290 1605 la
1312 1542 1461 1607 scientia

181 1648 217 1711 di
242 1650 292 1711 tal
316 1650 440 1728 homo,
475 1646 584 1730 quelli
608 1645 733 1730 populi
764 1645 823 1728 piri
848 1645 1052 1709 facilmente
1085 1667 1123 1709 se
1147 1657 1333 1729 potessero
1356 1649 1461 1714 indur

181 1776 203 1817 a
225 1756 261 1818 la
285 1757 380 1818 bona
402 1754 479 1827 via;
509 1754 552 1816 nt
576 1753 623 1815 ha
646 1752 792 1835 giovato
816 1752 945 1815 alcuna
968 1773 1069 1832 cosa,
1093 1755 1224 1836 perche
1248 1765 1348 1819 tanto
1371 1778 1459 1821 sono

182 1861 350 1926 venenati
372 1861 397 1925 li
421 1860 528 1924 animi
552 1861 629 1924 loro
653 1879 725 1923 non
741 1861 937 1923 solamente
962 1868 1086 1923 contra
1106 1861 1152 1924 de
1168 1873 1293 1943 questa
1309 1864 1460 1947 Chiesia,

181 1990 238 2033 ma
262 1971 368 2033 etiam
393 1978 517 2032 contra
541 1965 626 2049 ogni
649 1965 877 2049 superiorita,
913 1969 978 2030 che
1003 1968 1036 2030 el
1059 1968 1158 2030 detto
1182 1968 1320 2052 Legato
1345 1974 1459 2037 none

181 2086 275 2141 stato
298 2079 369 2139 ben
393 2076 486 2139 visto
509 2074 546 2138 in
570 2077 673 2138 alcun
698 2076 789 2155 loc0,
813 2083 849 2137 et
872 2074 908 2137 in
926 2075 1089 2157 Augusta
1113 2077 1276 2141 haveano
1296 2075 1459 2145 ordinato

181 2195 236 2249 tra
256 2185 386 2267 xquello
410 2183 544 2265 populo
578 2182 623 2245 de
647 2180 741 2244 uscir
764 2181 928 2244 incontra
951 2179 1064 2245 Cento
1088 2182 1233 2264 gioveni
1266 2187 1384 2250 vestiti
1413 2190 1460 2253 da

182 2291 325 2372 diavoli,
349 2288 592 2354 strassinando
617 2308 687 2351 uno
711 2289 816 2352 homo
840 2290 961 2369 legato
986 2288 1022 2350 in
1046 2290 1168 2353 habito
1194 2293 1238 2354 do
1252 2291 1459 2371 Cardinale;

181 2418 248 2480 pur
279 2417 346 2479 per
378 2394 638 2459 advertimento
663 2397 708 2457 de
732 2396 882 2477 qualche
907 2414 1061 2477 persona
1094 2397 1139 2459 de
1163 2397 1339 2481 Consilio,
1373 2403 1460 2467 forsi

182 2505 240 2587 piu
272 2525 337 2588 per
368 2506 404 2566 la
427 2500 598 2566 enormita
631 2501 675 2564 de
704 2504 739 2564 la
762 2522 847 2564 cosa
882 2503 948 2565 che
980 2522 1045 2584 per
1068 2504 1135 2566 ben
1161 2507 1278 2585 volet,
1315 2509 1348 2571 el
1378 2528 1458 2573 con·

182 2613 268 2679 selio
293 2614 339 2675 de
363 2615 398 2675 la
421 2621 517 2674 terra
538 2608 618 2680 fece
643 2611 709 2672 che
734 2628 803 2671 non
828 2609 988 2690 segnisse
1012 2611 1061 2672 tal
1086 2610 1295 2677 desordene.

271 2719 348 2800 Poi,
372 2740 393 2780 a
418 2719 453 2781 la
471 2716 602 2780 intrata
618 2717 664 2779 de
678 2714 928 2798 Norimberga,
951 2715 989 2779 fu
1004 2737 1075 2780 non
1092 2739 1198 2782 senza
1213 2740 1329 2802 causa,
1353 2744 1459 2806 preso

183 2827 339 2893 conselio
363 2827 429 2890 che
454 2845 523 2889 non
549 2824 701 2888 intrasse
724 2843 824 2888 come
848 2825 996 2888 soleano
1020 2825 1045 2887 li
1069 2826 1178 2907 legati
1194 2847 1272 2890 cum
1288 2831 1322 2893 le
1339 2831 1459 2896 debite

182 2934 406 3001 solemnitati.
452 2933 482 2996 Il
515 2933 581 2995 che
614 2931 683 2994 mai
716 2931 824 3014 dopoi
858 2933 925 2994 che
948 2931 973 2995 li
1003 2932 1114 3014 legati
1147 2953 1186 2996 se
1211 2936 1404 3019 mandano,
1441 2940 1458 3004 ἐ

182 3051 421 3108 accostumato
445 3040 510 3103 far.
557 3039 599 3102 Li
624 3039 720 3120 quali
744 3050 779 3103 et
801 3038 943 3119 Caesar,
969 3050 1004 3101 et
1027 3039 1051 3103 li
1074 3040 1134 3103 Re
1157 3044 1281 3105 solano
1304 3044 1460 3109 honorar

182 3174 226 3216 ne
249 3154 284 3215 le
307 3149 436 3213 intrate
461 3148 505 3209 de
530 3148 563 3210 le
587 3145 705 3210 citadi.

271 3259 434 3336 Ancora,
470 3254 490 3318 ὲ
520 3255 566 3316 da
589 3251 747 3317 advertir
779 3253 844 3315 che
879 3253 913 3316 el
937 3253 1039 3316 Duca
1069 3254 1115 3315 de
1139 3252 1298 3318 Saxonia
1321 3255 1459 3320 Elettor

182 3365 297 3430 subito
328 3365 442 3426 inteso
474 3362 508 3425 el
531 3358 846 3424 Reverendissimo
871 3359 1009 3441 Legato
1041 3380 1139 3424 esser
1167 3361 1202 3425 in
1228 3362 1383 3442 camino,
1419 3384 1458 3427 se

182 3477 272 3556 parti
297 3471 401 3534 dala
424 3468 572 3548 Diaeta,
597 3476 633 3532 et
655 3465 754 3530 molti
778 3465 859 3529 altri
883 3465 1061 3547 Principi,
1090 3478 1125 3529 et
1148 3469 1308 3532 lassorno
1333 3470 1357 3532 li
1381 3472 1458 3533 loro

182 3578 324 3645 Oratori
355 3596 421 3659 pro
445 3575 577 3654 forma,
613 3572 778 3636 accioche
812 3592 883 3635 non
917 3593 955 3635 se
979 3573 1210 3637 concludesse
1244 3593 1329 3637 cosa
1352 3578 1458 3656 bona,

181 3686 312 3768 perche
337 3685 429 3746 dove
449 3701 515 3764 per
539 3682 571 3744 el
591 3681 712 3761 legato
734 3678 839 3741 venia
854 3687 1027 3762 proposto
1048 3679 1166 3760 quello
1191 3681 1257 3744 che
1279 3683 1313 3745 la
1331 3682 1456 3763 ragion

182 3803 216 3857 et
246 3794 280 3857 el
311 3793 421 3855 dever
444 3789 566 3867 volea,
598 3785 747 3849 diceano
771 3805 841 3848 non
872 3785 985 3848 haver
1008 3785 1254 3850 commissione
1282 3787 1328 3849 da
1357 3786 1382 3850 li
1405 3788 1458 3852 soi

181 3897 347 3983 Principi,
371 3916 480 3959 overo
504 3892 765 3958 communitadi.

268 4006 315 4070 Et
333 4025 399 4088 per
412 4001 629 4065 resolutione
645 4009 680 4064 et
696 4009 859 4083 resposta
875 3998 924 4062 dil
941 3998 1201 4081 departimento
1217 4001 1313 4063 dela
1328 4001 1458 4065 Diaeta

179 4114 345 4177 havendo
377 4110 403 4173 li
427 4108 570 4174 Oratori
603 4108 648 4169 de
675 4108 709 4169 le
733 4116 828 4169 terre
851 4104 1000 4168 franche
1033 4104 1340 4171 manifestamente
1373 4109 1457 4172 dato

180 4219 334 4304 pessima
362 4226 398 4280 et
421 4212 626 4298 impiissima
649 4227 827 4295 resposta:
862 4213 899 4275 la
921 4212 1148 4275 conclusione
1172 4213 1372 4277 universale
1395 4215 1456 4296 piu

181 4327 480 4389 cautelosamente
512 4342 559 4384 va
591 4322 637 4383 ad
670 4341 716 4382 un
741 4321 920 4382 medesmo
953 4317 1041 4399 fine,
1077 4330 1113 4382 et
1145 4340 1255 4383 ancor
1289 4323 1354 4384 che
1378 4322 1456 4403 pari

181 4434 293 4516 prima
316 4430 408 4494 facie
433 4430 493 4512 piu
518 4427 703 4507 catholica,
729 4447 798 4490 non
824 4427 965 4489 dimeno
989 4427 1036 4489 ha
1059 4425 1094 4488 in
1119 4448 1157 4491 se
1174 4428 1281 4491 molto
1306 4448 1456 4510 venen0,

182 4551 217 4604 et
239 4539 404 4604 contiene
429 4540 541 4620 (come
565 4537 584 4600 ὲ
608 4544 766 4598 costume
790 4530 882 4619 loro)
906 4536 1033 4596 alcune
1058 4534 1213 4615 captioni
1234 4534 1324 4597 assai
1350 4534 1456 4615 facili,

182 4669 203 4710 a
225 4665 454 4730 cognoscere,
478 4642 610 4726 perche
632 4643 725 4704 dove
750 4641 877 4704 dicono
894 4660 993 4703 esser
1016 4640 1129 4703 tenuti
1144 4640 1293 4722 exequir
1309 4642 1342 4704 el
1357 4640 1455 4703 Man·

182 4755 263 4818 dato
288 4755 464 4819 Caesareo
494 4750 584 4814 fatto
616 4771 638 4812 a
661 4747 844 4828 Wormes,
881 4757 917 4811 et
948 4749 1048 4811 volet
1083 4747 1244 4811 obedirlo
1278 4757 1410 4829 quanto
1435 4769 1457 4810 a

184 4861 256 4925 loro
281 4860 361 4924 sara
384 4858 572 4942 possibile,
603 4877 673 4920 non
698 4857 716 4920 ὲ
740 4858 832 4921 altro
856 4873 895 4921 se
919 4876 991 4921 non
1015 4856 1081 4921 che
1105 4857 1197 4922 dove
1221 4875 1293 4921 non
1316 4855 1351 4921 lo
1375 4874 1456 4922 exe·
