3559 5734
719 549 966 609 hilm&

202 722 301 777 remo
324 702 392 768 che
414 699 525 766 frutto
550 698 636 764 lari.
683 698 765 764 Cosi
797 721 867 765 non
892 721 1018 764 manco
1042 719 1208 784 ovunque
1231 699 1364 785 reggio
1389 702 1481 767 chia·

203 811 327 879 mermi
350 811 410 874 dal
433 809 555 873 debito
580 820 615 871 et
639 807 757 871 olfioio
782 808 852 871 mio
879 856 959 873 ....

292 935 395 999 Circa
419 935 453 996 la
477 933 573 996 dieta
598 932 767 1016 Spirense
792 935 826 994 io
851 933 960 995 credo
984 935 1102 996 chela
1118 954 1189 997 non
1213 955 1252 997 se
1277 934 1355 998 fara
1378 938 1482 999 altra·

203 1053 337 1122 mente,
373 1050 408 1104 ot
443 1040 479 1103 dl
514 1049 639 1123 questa
681 1040 872 1103 medesima
916 1039 1083 1121 opinione
1115 1040 1183 1103 eit
1207 1041 1394 1123 Principe,
1426 1044 1481 1105 col

203 1152 307 1231 quale
332 1147 433 1210 nanzi
459 1149 524 1209 che
547 1147 700 1229 partisse
724 1146 838 1228 parlai
863 1168 884 1209 a
908 1148 1018 1228 lungo
1054 1168 1162 1229 sopra
1186 1160 1311 1230 questa
1335 1150 1482 1212 materia

204 1268 239 1320 et
263 1257 360 1322 hollo
385 1256 591 1332 exhortato,
627 1256 859 1317 convenendo
889 1254 924 1317 le
949 1254 1071 1317 clttadi
1102 1275 1123 1318 o
1148 1254 1300 1337 principi
1324 1255 1358 1317 in
1384 1257 1482 1320 detto

204 1365 355 1445 luogho‚
380 1364 444 1425 ebe
470 1383 508 1425 se
532 1362 582 1444 gli
606 1362 727 1443 voglla
750 1361 925 1424 ritrovare
945 1362 1248 1443 personalmente,
1274 1362 1480 1427 dechiaran·

203 1470 275 1533 doli
300 1480 433 1553 quanto
458 1468 598 1531 confide
622 1468 663 1532 N.
690 1468 726 1532 S.
751 1469 785 1531 in
810 1471 845 1531 la
869 1470 978 1531 bonta
1003 1478 1040 1531 et
1062 1470 1214 1532 autorita
1246 1490 1309 1533 soa
1341 1481 1377 1533 et
1409 1474 1481 1534 cosl

203 1577 249 1639 ml
273 1579 367 1640 disse
401 1580 468 1640 che
497 1577 667 1654 farebbe,
701 1585 736 1637 et
772 1596 810 1639 se
839 1578 930 1638 altro
960 1576 1103 1659 seguira
1135 1579 1200 1639 che
1229 1598 1285 1641 me
1317 1599 1362 1641 ne
1396 1579 1482 1641 dari

204 1684 318 1757 avls03
344 1704 401 1747 ma
424 1702 524 1745 come
548 1683 595 1744 ho
619 1682 718 1744 detto
742 1681 844 1745 stlrno
870 1684 935 1745 che
959 1685 995 1744 la
1018 1703 1087 1745 non
1112 1681 1140 1745 si
1165 1684 1256 1760 lara,
1280 1686 1349 1747 ben
1375 1706 1413 1748 se
1438 1706 1482 1747 ne

204 1790 403 1855 convocata
427 1789 485 1852 un'
502 1790 609 1867 altra,
644 1789 687 1851 ne
716 1788 746 1852 si
779 1790 825 1852 ha
847 1788 1064 1853 resolutione
1087 1792 1199 1871 perho
1224 1791 1281 1853 del
1305 1794 1414 1873 luogo
1439 1794 1482 1855 ne

203 1898 261 1960 del
291 1909 428 1979 tempo,
459 1907 497 1960 et
526 1896 561 1959 di
586 1906 711 1978 questo
743 1895 968 1979 expettavasi
990 1897 1144 1979 risposta
1175 1898 1233 1960 dal
1264 1898 1482 1979 Regimento

202 2005 396 2087 imperiale,
413 2016 448 2067 et
463 2025 570 2086 sopra
587 2014 711 2085 questa
735 2023 820 2067 cosa
845 2003 890 2066 mi
915 2024 1002 2085 pare
1026 2008 1092 2066 che
1117 2004 1152 2067 S.
1180 2005 1271 2067 Ser⁸¹
1304 2005 1356 2068 sla
1382 2007 1478 2069 incli-

202 2121 285 2174 nata
309 2122 497 2193 expertare
521 2111 638 2173 littere
661 2112 706 2173 de
731 2111 765 2172 la
790 2110 944 2173 Cesarea
959 2087 1107 2189 Maesta,
1133 2110 1168 2172 di
1193 2112 1259 2173 che
1283 2114 1318 2174 lo
1343 2115 1390 2175 ho
1415 2113 1482 2175 dis-

203 2239 308 2282 suaso
332 2217 593 2300 proponendoli
617 2218 683 2279 che
707 2217 817 2281 molto
841 2217 972 2299 meglio
997 2218 1015 2279 ὲ
1040 2216 1203 2280 intimare
1220 2238 1265 2280 un
1282 2220 1373 2282 altra
1387 2219 1483 2282 dieta

203 2345 273 2387 non
299 2326 483 2405 seguendo
509 2327 543 2388 la
567 2324 602 2385 dl
625 2321 739 2404 Spira.
788 2321 826 2387 Si
844 2325 971 2386 risolse
988 2327 1053 2386 che
1070 2325 1106 2385 di
1123 2324 1208 2406 ogni
1226 2325 1483 2390 deliberatione

204 2433 270 2493 che
294 2431 324 2493 sl
347 2432 543 2512 prendesse
568 2430 614 2493 1111
638 2430 861 2495 avisarebbe.
917 2429 962 2492 Et
990 2429 1026 2492 di
1051 2444 1176 2512 questo
1199 2431 1410 2497 similmente
1435 2435 1481 2496 di-

204 2538 261 2600 edi
292 2538 538 2602 commissione
570 2537 603 2599 al
632 2536 770 2599 Nuncio
799 2535 1011 2599 sollicitasse
1041 2557 1109 2600 con
1140 2540 1337 2619 destrozza,
1374 2552 1410 2604 et
1438 2541 1484 2604 mi

205 2645 363 2714 avisasse
388 2642 677 2708 commettendoll
694 2646 829 2706 anchor
852 2646 919 2706 che
934 2664 1057 2708 usasse
1074 2645 1259 2727 diligentia
1276 2646 1309 2709 ln
1328 2648 1483 2712 scrivere

204 2773 225 2815 a
248 2753 291 2818 N.
316 2751 353 2819 S.
378 2772 488 2816 overo
513 2772 534 2812 a
559 2751 603 2813 V.
628 2750 664 2816 S.
690 2751 775 2832 ogni
800 2751 1024 2815 occurrentia
1048 2764 1084 2815 et
1109 2760 1180 2814 cosl
1198 2755 1305 2816 credo
1323 2757 1389 2818 che
1406 2755 1482 2819 fara

204 2881 269 2942 per
292 2881 411 2923 essere
435 2878 590 2942 persona
615 2858 767 2923 sollicita
791 2868 827 2922 et
851 2859 887 2921 di
911 2860 1032 2922 valuta
1049 2870 1085 2922 et
1101 2859 1414 2943 particolarmente
1439 2864 1484 2925 de

204 2969 239 3030 la
262 2988 379 3031 mosea
403 2967 439 3029 di
464 2966 582 3047 quelle
605 2965 757 3030 lanterie
783 2976 818 3028 et
842 2967 877 3029 la
900 2966 1055 3050 verita¹l
1081 3014 1163 3030 ....

294 3074 428 3155 Questa
452 3073 569 3135 subita
591 3083 723 3135 venuta
747 3074 802 3136 de’
827 3073 996 3136 Francesi
1020 3072 1055 3135 ln
1079 3074 1183 3137 Italia
1198 3083 1234 3137 et
1249 3076 1483 3157 occupatione

205 3184 251 3245 de
275 3183 409 3245 Milano
432 3180 469 3243 fa
494 3191 589 3243 stare
614 3181 696 3262 ogn'
713 3201 784 3243 uno
809 3184 918 3244 molto
943 3201 1114 3262 suspeso;
1142 3181 1236 3244 saria
1267 3202 1333 3263 pur
1364 3193 1483 3266 tempo

205 3292 270 3353 che
295 3299 421 3371 questa
444 3288 571 3351 misera
599 3288 702 3351 Italia
736 3300 911 3370 quetasse.
960 3290 1010 3352 La
1042 3289 1195 3352 autorittl
1225 3298 1261 3352 et
1294 3292 1483 3372 prudentla

205 3398 241 3461 di
265 3397 307 3464 N.
338 3394 375 3462 S.
404 3396 451 3458 da
482 3415 551 3477 pur
581 3416 753 3478 speranza
783 3397 849 3459 che
881 3398 977 3478 dopo
1006 3396 1095 3459 tanti
1132 3395 1302 3458 disordini
1333 3397 1362 3459 si
1386 3399 1483 3479 possi

205 3526 274 3568 una
296 3506 395 3568 volta
418 3503 613 3585 respirare,
647 3514 682 3565 et
706 3524 744 3565 se
768 3524 790 3565 a
813 3503 923 3584 tempi
947 3501 1024 3565 suoi
1048 3522 1118 3564 non
1143 3521 1182 3563 se
1205 3502 1372 3585 impetra,
1413 3526 1480 3568 non

205 3634 245 3676 so
270 3612 412 3695 quando
436 3611 496 3692 piu
521 3610 550 3672 si
573 3631 682 3691 possa
706 3612 877 3692 sperarlo.
925 3608 1006 3672 Cosl
1030 3609 1100 3671 Dio
1124 3609 1159 3670 10
1175 3609 1320 3671 secondi
1345 3622 1381 3673 et
1404 3633 1482 3695 pro·

205 3719 301 3802 speri
324 3719 368 3781 ne
393 3717 470 3781 suoi
493 3717 649 3799 pensiori
677 3726 713 3780 et
744 3718 768 3779 li
801 3718 860 3779 dia
889 3717 1006 3798 gratia
1037 3716 1103 3777 che
1131 3714 1152 3776 l’
1177 3716 1308 3779 andata
1344 3719 1402 3781 del
1434 3720 1482 3782 R.

205 3826 353 3890 Datario
377 3824 503 3907 riporti
527 3826 560 3887 el
584 3827 843 3905 complemento
869 3825 927 3886 dal
952 3845 1017 3886 suo
1046 3822 1267 3885 sanctissimo
1294 3825 1482 3889 desiderio

294 3952 349 4014 De
374 3954 397 4013 li
422 3959 525 4012 cento
551 3948 710 4029 gravaml
741 3969 810 4011 non
840 3948 887 4011 ml
912 3949 1045 4011 accade
1069 3947 1145 4009 dire
1170 3948 1274 4019 altro;
1300 3956 1391 4011 tutto
1416 3952 1482 4012 che

203 4061 320 4124 scrlve
344 4059 388 4122 V.
413 4056 450 4121 S.
479 4068 535 4119 sta
558 4057 666 4118 molto
697 4056 806 4133 bene,
843 4054 941 4117 accld
977 4055 1043 4116 che
1075 4076 1096 4117 a
1120 4063 1238 4136 tempo
1264 4059 1482 4120 occorrendo

204 4188 272 4251 pur
295 4167 324 4231 si
354 4187 461 4251 possa
484 4164 748 4227 risolutamente
772 4164 970 4244 procedere
998 4161 1057 4244 piu
1086 4160 1235 4226 innanzl.
1288 4162 1375 4225 Diro
1411 4166 1480 4228 ben

204 4287 330 4360 questo
355 4296 375 4337 a
400 4271 643 4336 consolatione
667 4269 703 4331 dl
728 4269 772 4331 V.
798 4267 833 4333 S.
859 4279 895 4331 et
919 4268 954 4331 di
980 4278 1070 4331 tutta
1092 4270 1128 4330 la
1152 4278 1249 4331 corte
1266 4270 1331 4331 che
1356 4271 1390 4332 la
1410 4273 1480 4353 opi-

204 4384 311 4447 nione
346 4383 412 4444 che
446 4401 491 4442 va
526 4400 546 4440 a
582 4388 686 4441 torno
721 4388 757 4439 et
792 4396 858 4458 per
881 4386 1005 4458 queste
1038 4375 1130 4458 parti
1164 4376 1208 4437 de
1237 4378 1272 4438 la
1301 4376 1410 4438 bonta
1446 4390 1482 4441 et

203 4487 393 4575 prudentla
417 4488 461 4549 de
486 4484 528 4549 N.
554 4482 590 4549 S.
616 4486 662 4545 da
684 4483 798 4546 ferma
822 4503 996 4565 speranza
1019 4484 1084 4544 che
1115 4482 1196 4544 tutti
1227 4503 1247 4542 0
1279 4482 1418 4550 almeno
1447 4488 1482 4556 la

203 4597 368 4683 maggior
391 4603 493 4676 parte
517 4594 562 4655 de
586 4592 610 4655 li
634 4601 766 4674 troppo
790 4589 1002 4654 invecchiati
1026 4587 1198 4651 disordini
1227 4609 1271 4649 ne
1295 4590 1330 4651 la
1354 4589 1481 4655 Chiesa

239 4833 257 4903 ¹)
277 4836 318 4882 De
336 4829 451 4881 exercitu
476 4827 604 4876 mittendo
623 4825 650 4873 in
671 4823 775 4873 ltaliam
801 4829 860 4887 post
879 4821 1060 4870 Mediolanum
1087 4829 1192 4885 captum
1212 4837 1228 4869 a
1247 4822 1346 4880 Gallis,
1375 4824 1480 4876 afflictis

274 4916 302 4966 iu
321 4910 511 4976 Longobardia
528 4908 606 4957 rebus
625 4906 762 4964 caesareis,
782 4904 878 4968 quibus
897 4902 1080 4953 Ferdinandus
1098 4917 1249 4953 succurrere
1267 4904 1386 4969 parabat.
