3559 5734
413 995 571 1077 loannes
598 997 731 1079 bobus
758 999 809 1081 Jo.
838 886 1135 1082 Mattioiihiberlo
1163 1004 1276 1104 Epiro.
1307 1004 1509 1085 Veronensi.

684 1155 775 1225 (totu
794 1159 826 1215 et
846 1158 925 1216 dior.
944 1159 1095 1232 Epistulae.
1113 1159 1158 1218 iti
1178 1160 1249 1226 ΜΘ.)

838 1287 890 1350 (30.
911 1287 984 1351 Sept·
1007 1288 1093 1354 1525.)

409 1425 727 1489 Reverendissimo
752 1427 786 1489 in
813 1426 953 1490 Christo
982 1430 1079 1491 Patri
1112 1450 1152 1492 ac
1187 1430 1340 1494 Domino
1366 1431 1517 1494 Domino
1542 1431 1600 1511 Jo-

321 1534 406 1595 anni
430 1532 592 1594 Mattheo
618 1532 796 1614 Episcopo
821 1533 1021 1598 Veronensi
1056 1533 1093 1599 S.
1124 1537 1168 1600 D.
1200 1536 1242 1600 N.
1272 1538 1430 1617 Datario,
1462 1538 1603 1600 Maece-

320 1639 393 1702 nati
417 1658 492 1701 suu.

409 1744 445 1809 S.
470 1746 510 1808 P.
542 1765 621 1808 curn
644 1746 877 1828 paratissimis
902 1748 1090 1830 obsequiis.
1140 1749 1330 1832 Transegit
1353 1771 1466 1833 nepos
1490 1773 1601 1833 meus,

318 1851 635 1915 Reverendissime
659 1854 777 1935 Pater,
811 1874 890 1916 cum
915 1853 1116 1918 Gotthardo
1148 1855 1370 1936 Weckinger
1401 1858 1506 1921 etiam
1539 1860 1602 1922 ini-

318 1958 433 2041 quiori
457 1960 667 2040 concordia,
701 1973 737 2023 at
769 1981 847 2023 cum
880 1980 945 2042 per
975 1982 1029 2024 me
1062 1962 1209 2026 actitata
1233 1973 1356 2026 contra
1381 1966 1600 2028 haereticum

317 2065 495 2147 privatum
515 2065 630 2130 minus
653 2078 837 2131 tuerentur
860 2088 926 2149 per
950 2065 1080 2131 Sedem
1098 2070 1354 2152 Apostolicam,
1379 2081 1524 2135 coactus
1548 2073 1601 2135 fui

318 2193 395 2235 eam
420 2182 609 2255 acceptare
633 2176 871 2253 concordiam,
897 2195 1097 2257 nonquam
1122 2179 1297 2260 volebam,
1321 2181 1384 2241 sed
1409 2200 1512 2262 quarn
1536 2201 1600 2262 po·

317 2289 430 2343 teram
454 2281 655 2362 impetrare.
711 2282 840 2344 Adhuc
872 2281 1024 2344 dilanior
1055 2304 1076 2345 a
1104 2283 1262 2347 Ferbero
1293 2286 1454 2348 omnibus
1484 2288 1601 2350 modis

318 2386 557 2460 dolosissimo;
581 2408 661 2450 nam
676 2408 754 2451 cum
769 2387 804 2451 in
818 2390 952 2471 oppido
967 2390 1242 2470 ingolstadiensi
1259 2391 1328 2454 iarn
1343 2404 1498 2456 moretur
1513 2395 1601 2457 satis

318 2494 350 2557 ei
373 2494 441 2556 fuit
464 2505 701 2576 perspectum,
726 2496 930 2559 citationem
954 2496 1049 2560 illam
1074 2498 1310 2561 verisimiliter
1335 2500 1380 2562 ad
1401 2520 1513 2562 meam
1539 2522 1599 2563 no-

318 2601 429 2663 titiam
455 2622 523 2664 non
549 2623 654 2685 posse
679 2603 879 2685 pervenire.
926 2603 1007 2667 Non
1032 2606 1125 2668 enim
1148 2608 1262 2669 solum
1286 2607 1320 2668 in
1346 2608 1498 2689 oppido,
1532 2609 1597 2670 sed

318 2728 383 2770 nec
408 2708 442 2769 in
468 2718 543 2770 toto
567 2709 709 2772 Ducatu
734 2710 910 2792 quispiam
934 2712 1033 2773 novit
1056 2713 1116 2773 ubi
1142 2733 1265 2793 essem,
1291 2725 1351 2775 aut
1375 2714 1458 2795 quin
1479 2735 1599 2777 rever-

317 2823 426 2886 teret:
463 2817 555 2877 unde
580 2816 826 2879 fraudulentus
850 2817 916 2880 iste
942 2819 1062 2899 Lupus
1087 2819 1263 2882 Arabicus
1288 2819 1337 2882 sic
1363 2821 1525 2901 nequiter
1548 2822 1598 2883 in·

317 2922 488 2983 tendebat
513 2933 637 2985 eontra
661 2926 855 3003 absentem,
881 2933 919 2986 ut
945 2922 1031 2986 nihil
1054 2924 1253 2987 huiusmodi
1278 2926 1512 3008 cogitantem,
1537 2927 1597 2989 ali-

317 3049 420 3109 quam
445 3028 481 3089 in
507 3028 604 3090 curia
621 3041 849 3111 extorqueret
876 3029 1098 3093 sententiam.
1133 3032 1314 3094 Intueatur
1330 3034 1398 3095 iarn
1413 3033 1599 3096 Reveren-

317 3135 460 3197 dissima
485 3136 524 3197 P.
549 3136 588 3197 T.
617 3139 795 3216 quemodo
820 3136 877 3199 isti
893 3147 1082 3200 venatores
1099 3139 1409 3202 dolosiinfamiam
1433 3139 1599 3220 ingerant

317 3240 503 3303 Romanae
529 3241 670 3323 Curiae,
702 3264 747 3307 ex
776 3244 904 3326 quibus
932 3246 1064 3306 nullum
1097 3266 1249 3326 unquam
1274 3249 1382 3309 habet
1405 3249 1597 3318 honorem;

318 3350 499 3429 expendat
528 3370 572 3410 an
606 3370 676 3412 non
707 3350 799 3413 iuste
823 3351 1085 3414 succensuerim
1111 3355 1191 3414 dum
1216 3354 1280 3415 has
1305 3356 1422 3415 larvas
1447 3352 1596 3416 Ferberi

319 3456 601 3537 conspexissem:
617 3478 744 3520 vereor
757 3479 801 3520 ne
812 3459 976 3520 acerbius
988 3458 1172 3541 quippiam
1180 3460 1390 3541 scripserim,
1399 3462 1456 3523 vel
1466 3460 1500 3522 in
1510 3460 1598 3540 eius,

319 3565 376 3626 vel
394 3559 477 3625 Si).
503 3562 545 3627 N.
570 3564 690 3628 literis.
729 3565 826 3628 Tuae
851 3565 961 3628 fuerit
984 3567 1263 3629 mansuetudinis
1281 3567 1597 3631 Reverendissime

317 3671 425 3732 Pater
448 3669 566 3732 omnia
590 3671 792 3752 benigniter
816 3672 1055 3753 interpretari,
1080 3694 1159 3735 nam
1184 3674 1267 3736 mihi
1292 3694 1356 3754 pro
1381 3675 1514 3736 honore
1535 3673 1595 3739 Se.

317 3777 386 3858 Ap.
412 3776 573 3839 militanti
598 3787 698 3840 tanto
728 3799 805 3841 cum
840 3780 999 3860 periculo
1031 3782 1208 3861 quomodo
1241 3801 1311 3842 non
1343 3781 1433 3843 iusta
1462 3781 1596 3843 subori-

318 3893 416 3945 retur
440 3882 648 3964 indignatio,
674 3887 756 3947 dum
781 3887 846 3947 sub
871 3896 972 3948 scuto
1002 3883 1085 3950 Sed.
1115 3888 1184 3969 Ap.
1221 3889 1267 3949 ab
1301 3887 1369 3949 illis
1402 3888 1517 3962 nihili,
1553 3910 1597 3951 ac

318 3990 423 4052 navei
449 3989 649 4052 hominibus
674 3993 857 4054 devexer?
912 3994 981 4055 Tot
1012 3994 1103 4057 enim
1127 3993 1380 4057 beneficiorum
1406 4008 1595 4076 aucupato·

314 4100 412 4159 ribus
436 4096 601 4178 providet
625 4095 661 4160 S.
687 4099 729 4160 D.
755 4099 797 4162 N.
822 4102 858 4162 in
882 4100 958 4162 dies
967 4149 976 4181 ,
1002 4112 1036 4163 et
1069 4104 1266 4164 accumulat
1289 4100 1463 4163 beneficia
1486 4122 1597 4183 super

314 4203 503 4282 beneficia,
533 4224 612 4266 cum
646 4206 713 4267 iam
743 4215 955 4288 perpetuum
983 4207 1192 4270 sexennium
1221 4208 1285 4271 viri
1318 4208 1408 4271 iuxti
1432 4209 1529 4271 docti
1555 4221 1592 4271 et

315 4313 364 4396 pii
388 4312 423 4374 in
449 4333 487 4375 se
512 4321 623 4374 totum
647 4314 779 4374 bellum
803 4314 1062 4376 haereticorum
1088 4316 1328 4397 susceperint,
1353 4315 1409 4376 cui
1434 4315 1519 4377 nulli
1544 4316 1595 4377 vi-

316 4422 384 4484 deo
409 4440 487 4483 esse
511 4439 577 4501 per
601 4417 684 4482 Sed.
710 4420 778 4501 Ap.
805 4420 995 4501 provisum.
1036 4421 1168 4483 Verum
1186 4423 1349 4503 estquod
1367 4422 1595 4484 committitur

317 4527 466 4610 legatis,
491 4537 526 4589 et
550 4526 766 4608 pollicemini
791 4548 932 4609 semper
956 4530 1051 4608 quod
1070 4528 1251 4591 Adrianus
1268 4529 1369 4611 Papa
1384 4528 1595 4592 effusissime

313 4635 433 4698 facere
457 4635 607 4713 solebat,
632 4632 745 4695 doctis
761 4633 846 4696 viris
870 4653 949 4696 esse
965 4635 1242 4716 providendum;
1267 4648 1384 4699 tamen
1409 4637 1468 4718 qui
1492 4658 1594 4720 prae-

314 4751 392 4822 stet,
417 4740 523 4802 video
547 4739 732 4803 neminem.
780 4739 932 4803 Habetis
956 4741 990 4803 in
1016 4742 1113 4805 curia
1137 4743 1272 4823 aliquot
1296 4742 1506 4822 Germanos
1532 4744 1594 4825 qui

314 4849 396 4913 licet
421 4846 491 4910 sint
515 4846 731 4909 onustissimi
755 4845 949 4930 beneficiis,
969 4859 1004 4911 et
1019 4849 1260 4931 pensionibus,
1285 4861 1320 4912 et
1336 4871 1443 4934 super
1457 4851 1594 4934 aliquot
