3559 5734
845 528 1092 584 *3310OE

329 689 423 733 novo
446 670 615 753 pontifice
640 671 723 734 mihi
748 692 853 754 quam
878 675 1027 738 molesta
1051 695 1132 738 esse
1155 665 1329 755 cepisset,
1354 694 1438 737 ecce
1462 673 1606 737 affertur

329 777 478 840 nuncius
508 798 578 859 quo
603 779 719 841 nullus
743 800 897 861 unquam
921 782 1050 844 allatus
1073 784 1131 844 vel
1156 780 1312 865 optatior
1343 782 1401 844 vel
1424 780 1607 844 iucundior

329 906 398 968 quo
424 885 688 950 Beatitudinem
719 896 874 950 vestram
898 886 1101 970 pontificem
1132 897 1289 951 creatum
1321 908 1362 951 ac
1391 888 1606 951 declaratum

329 1001 365 1055 et
393 1001 533 1074 patrum
564 993 659 1056 omni
690 995 826 1057 calculo
856 992 987 1057 Christi
1017 993 1187 1057 vicarium
1223 995 1447 1078 designatum
1479 993 1608 1077 signifi·

329 1107 446 1173 catur;
482 1100 577 1163 unde
608 1111 680 1163 tam
711 1099 913 1164 incredibili
945 1101 1077 1183 gaudio
1109 1100 1258 1164 affectus
1289 1122 1363 1165 sum
1396 1110 1434 1164 ut
1464 1122 1608 1185 prorsus

328 1205 517 1270 dubitarim
542 1207 598 1270 cui
621 1207 842 1289 potissimum
867 1208 1039 1291 gratulari
1063 1209 1225 1288 debeam,
1249 1208 1467 1271 Beatitudini
1484 1198 1609 1272 v.sscui

329 1322 447 1376 tantus
479 1313 706 1396 pontificatus
740 1317 792 1396 (ut
825 1316 932 1379 audio
965 1326 1002 1379 et
1033 1317 1128 1397 quod
1152 1316 1335 1397 optabam)
1367 1336 1434 1379 nec
1464 1315 1610 1398 petendi

329 1440 395 1483 nec
420 1420 602 1503 cogitandi
627 1421 838 1504 contigerit,
872 1444 917 1486 an
942 1422 1163 1505 pontificatui
1187 1422 1254 1504 ipsi
1287 1443 1329 1486 ac
1354 1443 1489 1486 summo
1514 1422 1610 1485 orbis

329 1527 572 1591 ecclesiastico
601 1529 824 1612 magistratui
856 1530 916 1612 qui
941 1550 1033 1593 nunc
1057 1522 1201 1594 tandem
1232 1528 1453 1613 splendidior
1477 1530 1609 1612 magni-

328 1634 560 1717 ficentiorque
584 1636 774 1717 videbitur,
798 1646 986 1719 postquam
1012 1636 1073 1700 tali
1097 1637 1173 1700 viro
1198 1639 1337 1701 delatus
1361 1646 1430 1717 est,
1456 1636 1516 1717 qui
1539 1636 1611 1699 suis

328 1742 517 1805 virtutibus
541 1752 577 1805 et
602 1742 819 1806 ornamentis
843 1743 888 1806 sit
912 1743 1077 1826 dignitati
1105 1744 1173 1826 ipsi
1197 1764 1301 1826 quam
1326 1743 1482 1826 suscepit
1505 1743 1610 1826 pluri·

329 1869 423 1912 mum
447 1849 640 1913 maiestatis
668 1851 858 1931 allaturus,
894 1872 939 1915 an
963 1850 1082 1933 potius
1107 1850 1297 1914 christiane
1321 1850 1518 1934 reipublice
1542 1871 1610 1932 que

329 1957 436 2019 talem
467 1956 512 2019 sit
534 1956 739 2038 pontificem
769 1958 936 2021 habitura
966 1958 1026 2040 qui
1056 1959 1158 2021 clavo
1181 1956 1384 2022 fluctuantis
1415 1956 1610 2041 apostolice

329 2065 456 2146 cymbe
487 2062 647 2126 assidens
678 2066 883 2144 nauclerus,
915 2068 960 2127 ab
985 2063 1265 2147 impingentibus
1288 2063 1325 2126 in
1349 2083 1427 2125 eam
1457 2061 1611 2125 motibus

327 2170 411 2234 binc
434 2170 673 2253 sanguinariis
696 2171 916 2234 Thurcarum
947 2170 1070 2248 armis,
1105 2170 1200 2234 illinc
1224 2169 1503 2234 heresiarcarum
1527 2179 1610 2232 tem·

328 2279 527 2361 pestatibus
550 2298 592 2341 ac
615 2278 824 2361 impetuosis
848 2278 1026 2361 procellis,
1049 2278 1128 2342 Deo
1153 2278 1385 2357 concedente,
1407 2277 1550 2340 fortiter
1570 2298 1611 2340 ac

329 2395 472 2450 strenue
495 2385 609 2468 ipsam
634 2389 681 2449 ab
707 2388 801 2450 omni
821 2385 948 2449 iniuria
962 2385 1156 2467 vindicare,
1181 2388 1400 2468 eandemque
1416 2386 1612 2469 prudenter

329 2492 507 2557 moderari
535 2512 735 2574 regereque
759 2496 888 2558 valeat.
936 2493 1092 2557 Proinde
1122 2512 1143 2555 o
1168 2491 1260 2556 diem
1284 2493 1393 2555 letum
1417 2491 1611 2555 christiano

329 2599 407 2664 orbi
432 2599 681 2663 candidissimo
706 2602 900 2664 notandum
930 2600 1086 2681 calculO,
1111 2609 1146 2663 et
1169 2599 1254 2663 mihi
1277 2600 1447 2684 precipue
1471 2619 1537 2680 pro
1562 2599 1610 2662 in·

329 2706 493 2770 credibili
522 2728 601 2770 mea
624 2706 659 2769 in
685 2705 722 2770 S.
747 2708 790 2771 V.
823 2728 959 2771 summa
982 2726 1124 2788 semper
1147 2706 1377 2769 observantia
1408 2726 1474 2770 nec
1507 2706 1611 2769 unico

328 2813 522 2896 margarito
546 2812 768 2895 signandum.
815 2815 941 2896 Itaque
971 2813 1008 2877 in
1030 2813 1155 2896 primis
1178 2814 1220 2877 B.
1246 2813 1289 2876 V.
1321 2821 1360 2876 ut
1382 2812 1611 2895 pontificatus

329 2921 395 2984 iste
428 2920 496 3002 ipsi
530 2919 736 3001 sempiterni
768 2920 865 2984 laudi
898 2921 944 2984 sit
966 2920 1163 3003 reipublice
1197 2918 1371 3003 perpetuo
1403 2919 1542 2983 faustus
1576 2930 1612 2984 et

329 3028 417 3092 felix
449 3035 600 3109 exopto,
636 3028 857 3110 eandemque
880 3028 922 3091 B.
947 3027 992 3091 V.
1023 3027 1075 3090 uti
1106 3047 1229 3091 verum
1254 3026 1383 3090 Christi
1408 3024 1611 3091 Servatoris

330 3133 441 3198 nostri
476 3133 512 3196 in
547 3132 651 3196 terris
674 3133 856 3196 Vicarium
891 3155 934 3196 ac
969 3133 1206 3196 indubitatum
1235 3134 1333 3197 Petri
1368 3154 1612 3198 successorem

329 3242 565 3322 Romaneque
597 3249 633 3304 et
656 3241 866 3305 universalis
890 3241 1041 3305 ecclesie
1064 3251 1245 3324 pastorem
1273 3250 1380 3324 atque
1404 3241 1610 3325 pontificem

329 3357 535 3412 reverenter
565 3349 680 3412 saluto
711 3359 817 3432 atque
841 3349 970 3429 ador0,
1006 3368 1145 3431 proque
1176 3348 1298 3412 debita
1329 3369 1371 3412 ac
1401 3348 1501 3412 filiali
1528 3352 1610 3413 obe·

329 3454 463 3518 dientia
486 3475 583 3536 mea,
608 3465 778 3537 quantum
801 3477 867 3539 per
890 3455 1088 3519 absentiam
1112 3455 1196 3520 licet
1219 3453 1297 3519 S¹²¹⁰¹
1320 3457 1432 3538 pedes
1456 3456 1610 3520 devotis·

329 3561 415 3625 sime
440 3563 639 3643 exosculor,
664 3583 799 3644 oroque
819 3574 858 3627 ut
872 3584 929 3626 me
948 3561 1032 3626 olim
1051 3563 1254 3626 clientulum
1269 3582 1369 3626 suum
1393 3571 1429 3626 et
1445 3562 1609 3627 addictis-

329 3668 453 3732 simum
477 3670 655 3732 servulum
680 3680 716 3733 et
739 3690 832 3733 nunc
849 3667 885 3734 S.
902 3670 946 3734 V.
973 3669 1299 3733 obedientissimum
1314 3668 1423 3733 filium
1439 3671 1611 3734 ecclesias

328 3796 426 3839 meas
450 3796 582 3857 omnes,
607 3797 647 3838 ac
673 3776 826 3858 denique
851 3776 1053 3840 universam
1076 3796 1190 3839 meam
1215 3774 1383 3839 familiam
1407 3779 1474 3840 sub
1497 3777 1611 3859 ipsius

281 3896 286 3908 ·
328 3885 488 3945 umbram
512 3893 636 3966 utpote
660 3883 899 3965 pientissimus
923 3894 959 3947 et
983 3883 1274 3948 clementissimus
1289 3883 1398 3947 Pater
1416 3885 1610 3949 clementer

329 3998 550 4072 paterneque
573 3990 766 4054 fovendum
790 3991 1031 4073 tuendumque
1055 3991 1235 4072 suscipere
1259 3990 1517 4073 complectique
1534 3992 1609 4075 dig-

329 4105 442 4160 netur.
488 4096 534 4159 Et
556 4099 647 4159 bene
680 4109 716 4159 et
738 4096 892 4160 feliciter
915 4099 1035 4160 valeat
1058 4097 1099 4159 Β.
1124 4096 1169 4158 V.
1201 4116 1306 4177 quam
1329 4097 1427 4160 Deus
1452 4099 1608 4181 omnipo-

329 4211 407 4265 tens
439 4204 484 4266 ad
515 4203 612 4267 orbis
643 4204 934 4285 tranquillitatem
965 4214 1000 4267 et
1027 4203 1111 4266 fidei
1139 4224 1201 4266 sue
1235 4204 1489 4267 exaltationem
1521 4205 1609 4268 chri-

329 4311 443 4373 stiane
467 4310 662 4391 reipublice
686 4311 835 4391 gloriam
860 4320 1071 4393 perpetuum
1095 4321 1215 4373 servet
1238 4311 1458 4374 incolumem.

419 4435 548 4497 Datum
571 4434 687 4498 Hallis
711 4435 770 4498 die
794 4434 850 4498 IX
875 4434 1085 4499 Decembris
1108 4434 1326 4498 MDXXIII.

861 4678 1068 4691 mmm
