3559 5734
814 539 1062 598 edidit&

299 685 400 768 quasi
422 685 642 769 impossibile
666 690 824 769 haver10,
850 699 885 751 et
911 689 942 751 la
967 689 1044 752 fari
1068 709 1152 753 cose
1185 689 1342 770 bestiali,
1376 702 1413 753 et
1443 709 1578 773 preser-

299 794 360 884 tim
384 815 440 857 me
464 794 588 857 dubito
614 796 659 858 de
687 806 812 877 queste
847 806 990 878 quattro
1026 816 1109 860 cose
1145 799 1211 860 che
1247 817 1424 879 seguon0,
1463 797 1579 879 prima

298 902 455 983 questui,
488 923 589 965 como
622 902 750 965 scrisse
778 914 858 965 acta
888 903 999 986 legati
1030 905 1138 987 plena
1168 905 1444 984 mendatiorum,
1487 909 1578 967 cossi

298 1008 454 1072 scrivere
478 1018 559 1071 acta
582 1012 757 1073 adventus
781 1009 834 1073 sui
850 1011 896 1073 ad
913 1020 1127 1073 conventum
1142 1010 1418 1091 Wormatiense,
1444 1021 1480 1073 et
1496 1031 1577 1073 exa·

300 1115 402 1179 minis
425 1116 461 1178 in
487 1137 548 1197 e0,
579 1126 614 1179 et
638 1117 818 1180 concitari
843 1119 875 1180 el
900 1119 1034 1201 populo
1060 1139 1138 1181 cum
1163 1119 1218 1181 dir
1242 1120 1321 1181 chel
1345 1139 1417 1181 non
1442 1119 1460 1180 ἐ
1485 1128 1578 1181 stato

297 1225 460 1287 admesso
484 1227 555 1288 alla
580 1224 797 1306 disputation
822 1227 982 1307 publica,
1016 1234 1052 1288 et
1076 1245 1145 1287 non
1171 1224 1191 1287 ὲ
1215 1234 1307 1287 stato
1332 1225 1449 1301 ndito,
1475 1235 1509 1286 et
1533 1226 1578 1287 de

298 1330 356 1414 gia
381 1351 426 1394 ne
449 1331 496 1393 ha
520 1332 733 1395 demandato
758 1333 792 1395 al
816 1332 1009 1396 secretario
1034 1331 1069 1394 di
1089 1331 1208 1407 Cesar,
1235 1334 1314 1395 chel
1330 1331 1469 1394 facesse
1493 1341 1579 1394 nota

297 1438 332 1499 in
357 1439 378 1500 l’
392 1437 624 1501 instrumento
655 1439 712 1501 del
736 1440 915 1503 combiato
949 1442 1014 1502 che
1048 1440 1070 1501 li
1105 1440 1201 1502 dette
1226 1438 1350 1511 Cesar;
1381 1438 1415 1501 in
1452 1447 1578 1519 questo

298 1565 407 1616 ancor
430 1547 496 1607 che
521 1545 606 1626 ogni
630 1564 714 1608 cosa
739 1545 780 1608 sii
804 1556 899 1609 stata
921 1545 1012 1609 faita
1036 1566 1137 1608 como
1165 1547 1200 1607 la
1224 1546 1351 1627 legge,
1383 1547 1418 1608 la
1448 1544 1578 1626 equita,

298 1652 331 1713 el
355 1661 514 1733 respetto
539 1652 583 1714 de
608 1654 642 1715 la
666 1651 761 1716 Sede
786 1654 1014 1735 Apostolica,
1046 1662 1082 1716 et
1116 1652 1140 1714 11
1176 1652 1494 1730 commandamenti
1533 1652 1579 1715 de

297 1758 428 1821 Nostro
446 1756 578 1839 Signor
601 1768 637 1823 et
661 1761 707 1821 da
722 1760 855 1823 Vostra
871 1759 1041 1842 Signoria
1064 1760 1206 1822 Revma
1230 1760 1277 1821 ad
1300 1779 1356 1821 me
1379 1757 1460 1821 fatti
1484 1759 1578 1821 vole·

297 1885 366 1928 ano
391 1875 426 1927 et
449 1868 483 1928 la
499 1865 776 1948 incompetentia
801 1868 845 1930 de
865 1866 971 1931 iudici
989 1888 1060 1929 non
1076 1876 1308 1948 permetteva,
1333 1864 1577 1929 nondimeno

298 1982 424 2054 questo
446 1975 579 2054 populo
595 1974 703 2036 molto
721 1977 842 2037 exalta
861 1985 897 2037 et
912 1973 1063 2037 iustifica
1087 1975 1121 2035 la
1145 1992 1252 2036 causa
1275 1975 1319 2035 de
1335 1972 1488 2035 Martino
1513 1992 1579 2054 per

298 2091 424 2160 questa
447 2079 538 2142 falsa
561 2080 620 2141 via
645 2082 689 2143 de
713 2101 783 2143 non
808 2081 829 2143 l'
843 2084 956 2145 haver
979 2083 1112 2143 lassato
1130 2080 1300 2161 disputar,
1325 2080 1392 2142 che
1417 2088 1514 2141 certo
1539 2100 1577 2142 se

299 2206 368 2248 non
394 2185 531 2251 iussero
561 2199 653 2250 state
685 2190 718 2251 le
750 2207 856 2251 cause
887 2209 995 2270 sopra
1020 2190 1117 2250 dette
1142 2198 1177 2250 et
1201 2186 1334 2269 perche
1359 2190 1393 2249 la
1417 2206 1501 2249 cosa
1525 2206 1575 2249 sa-

298 2295 408 2356 rebbe
432 2312 602 2376 processa
627 2296 661 2356 in
685 2294 860 2358 infinitum
892 2297 1000 2377 (quod
1029 2295 1182 2357 maxime
1213 2295 1359 2375 cupiunt
1389 2293 1577 2374 lutherani)

297 2400 318 2461 l'
333 2398 465 2463 official
486 2401 540 2478 de
565 2401 711 2464 Treveri
742 2402 777 2464 in
810 2404 843 2465 le
868 2401 1108 2465 exhortationi
1140 2410 1176 2464 et
1203 2400 1475 2483 interrogationi
1498 2402 1578 2463 chel

298 2506 400 2570 facea
415 2530 436 2571 a
451 2509 549 2570 detto
567 2507 701 2572 Luther
717 2508 752 2571 in
768 2509 911 2592 privato
928 2512 963 2572 lo
979 2509 1148 2572 convinse
1161 2507 1577 2570 manifestissimamente.

298 2613 340 2676 El
373 2614 464 2678 simil
495 2614 641 2679 intendo
674 2618 740 2679 che
764 2616 843 2679 fece
867 2618 902 2680 el
925 2619 1061 2680 decano
1086 2618 1131 2678 de
1155 2613 1353 2678 Francford
1376 2614 1412 2677 in
1436 2634 1578 2677 camera

298 2722 356 2783 del
387 2722 486 2784 detto
516 2721 651 2786 Luther
680 2723 786 2786 immo
810 2725 1019 2804 provocollo
1044 2725 1114 2785 alla
1138 2723 1290 2804 disputa,
1315 2731 1351 2784 et
1363 2721 1519 2784 Martino
1543 2723 1578 2783 la

297 2827 424 2891 refiuto
445 2828 479 2891 in
497 2829 677 2910 presentia
698 2831 743 2893 de
760 2830 853 2893 assai
874 2829 1134 2913 gentilhomini.
1179 2830 1220 2891 In
1238 2828 1382 2910 reliquis
1397 2831 1431 2891 la
1447 2838 1578 2890 venuta

299 2937 357 2998 del
388 2936 487 2999 detto
519 2937 537 2999 ὲ
570 2946 663 2999 stata
693 2937 926 3000 saluberrima
953 2937 1084 3019 perche
1109 2947 1145 2999 et
1169 2936 1278 2999 Cesar
1302 2946 1337 2998 et
1361 2935 1461 3016 quasi
1485 2944 1577 2997 tutto

298 3042 322 3104 11
347 3044 477 3105 mundo
503 3042 524 3105 l'
540 3044 586 3106 ha
610 3043 780 3106 extimato
805 3065 870 3125 per
893 3064 981 3125 pazo
1007 3043 1178 3106 dissoluto
1195 3052 1229 3105 et
1245 3046 1467 3114 demoniaco;
1493 3043 1576 3123 quin

297 3149 403 3212 immo
427 3150 545 3212 subito
570 3151 635 3212 che
660 3150 770 3214 Cesar
792 3150 817 3213 il
841 3151 924 3214 vide
948 3151 1064 3214 disse:
1090 3150 1229 3232 questui
1255 3149 1323 3211 mai
1347 3169 1403 3212 me
1426 3148 1577 3212 sarebbe

298 3257 467 3336 heretico,
492 3266 528 3320 et
551 3258 611 3338 poi
636 3260 778 3339 quando
803 3259 931 3321 furono
955 3257 1125 3320 nominati
1150 3257 1172 3319 li
1198 3256 1278 3322 libri
1303 3277 1422 3318 coram
1446 3255 1577 3318 Cesare

299 3375 333 3426 et
367 3363 516 3446 imperio
541 3364 672 3427 Caesar
701 3367 819 3445 palam
850 3364 942 3426 dixit
970 3376 1007 3427 et
1037 3363 1244 3445 saepissime
1274 3371 1402 3444 postea
1433 3362 1577 3443 repetiit

300 3472 365 3534 che
404 3472 473 3534 mai
511 3472 657 3534 crederit
696 3474 762 3535 che
799 3471 821 3534 l’
833 3472 940 3534 habia
972 3471 1146 3552 composti
1170 3470 1259 3533 detti
1282 3469 1374 3531 libri.
1422 3469 1532 3531 Lasso
1556 3489 1578 3530 a
1608 3543 1619 3551 „

299 3590 402 3660 parte
425 3580 460 3640 la
484 3578 618 3641 ebrieti
643 3579 713 3641 alla
736 3580 819 3660 qual
843 3579 954 3641 cierto
975 3578 1110 3641 Luther
1133 3578 1152 3640 <l
1177 3576 1395 3639 deditissimo
1420 3586 1456 3638 et
1480 3576 1577 3638 molti

299 3686 363 3747 atti
387 3685 496 3748 brutti
520 3685 609 3759 visu,
645 3688 766 3765 verb0,
792 3705 917 3766 opere,
941 3687 1056 3764 vultu,
1089 3685 1229 3747 incessu
1254 3685 1320 3746 che
1344 3683 1368 3745 li
1392 3684 1462 3744 han
1487 3680 1577 3744 fatto

300 3794 429 3875 perdet
452 3802 543 3855 tutta
567 3795 601 3855 la
625 3792 794 3873 opinione
819 3794 899 3854 chel
923 3793 1053 3855 mundo
1077 3793 1193 3853 havea
1217 3801 1379 3852 concetta
1402 3788 1438 3850 di
1463 3786 1521 3850 lui.

390 3899 428 3961 L'
442 3901 533 3962 altra
557 3920 668 3981 opera
692 3901 758 3963 che
783 3900 956 3962 minaccia
981 3901 1024 3962 de
1049 3898 1104 3960 far
1128 3907 1253 3981 questo
1277 3897 1416 3958 ribaldo
1441 3895 1476 3956 in
1507 3891 1579 3956 fine

300 4007 345 4069 de
378 4028 425 4068 un
455 4027 518 4069 suo
556 4007 699 4070 libretto
730 4009 869 4068 almano
903 4007 921 4068 ὲ
955 4008 1000 4069 de
1032 4008 1132 4069 levar
1155 4025 1302 4086 prorsus
1326 4011 1417 4065 tutta
1441 4003 1475 4063 la
1498 4020 1580 4062 con·

298 4112 432 4175 fession
464 4123 499 4175 et
529 4114 596 4176 che
629 4134 700 4176 non
731 4113 761 4177 si
790 4113 887 4176 habii
920 4135 941 4176 a
972 4113 1155 4176 confessas
1186 4115 1231 4175 ad
1258 4110 1339 4173 altri
1363 4112 1428 4172 che
1453 4129 1474 4170 a
1498 4107 1579 4186 Dio,

300 4220 334 4281 al
358 4219 464 4281 modo
490 4220 535 4282 de
559 4220 693 4283 hebrei.

390 4327 441 4388 La
475 4337 570 4389 terza
594 4329 660 4389 che
683 4327 719 4388 in
745 4328 777 4388 el
795 4326 1027 4389 Sacramento
1053 4328 1097 4389 de
1120 4329 1154 4389 la
1170 4327 1289 4389 Messa
1306 4345 1376 4388 non
1403 4324 1420 4387 ὲ
1444 4323 1468 4385 11
1493 4341 1579 4384 vero

301 4454 411 4515 corpo
443 4433 478 4495 di
504 4433 645 4495 Christo
677 4434 741 4496 sed
776 4435 810 4495 in
844 4434 1002 4516 signum,
1027 4444 1062 4495 et
1086 4446 1212 4514 questo
1237 4432 1274 4495 fu
1299 4453 1344 4494 un
1370 4431 1518 4494 articulo
1542 4428 1579 4490 di

299 4539 455 4622 Wigleff
475 4541 700 4602 condennato
725 4541 838 4621 primo
863 4562 884 4604 a
909 4541 1026 4604 Roma
1056 4541 1116 4622 poi
1148 4543 1204 4604 nel
1230 4539 1388 4603 Concilio
1420 4539 1465 4601 de
1490 4536 1578 4598 Con-

300 4648 441 4726 stantia,
466 4657 501 4710 et
525 4649 623 4710 detto
648 4648 797 4710 articulo
822 4669 888 4729 par
912 4650 978 4711 che
1003 4649 1037 4711 lo
1062 4651 1225 4729 approba
1240 4647 1394 4710 Martino
1419 4643 1580 4728 quamvis

299 4753 468 4834 implicite
492 4774 537 4815 ne
569 4755 602 4815 la
630 4754 803 4816 assertion
829 4755 886 4817 del
912 4754 1066 4817 XXX¹¹¹⁰
1090 4755 1238 4818 articulo
1263 4774 1326 4817 suo
1351 4755 1508 4816 dannato
1532 4751 1581 4812 da

299 4860 341 4924 N.
368 4860 404 4921 S.
429 4868 463 4921 et
488 4860 546 4941 gia
571 4862 622 4943 (ut
645 4860 733 4923 alias
756 4863 896 4945 scripsi)
921 4863 956 4925 in
973 4863 1127 4925 Fiandra
1152 4882 1240 4924 sono
1264 4861 1346 4924 stati
1361 4859 1456 4942 presi
1480 4857 1580 4920 molti
