3559 5734
700 534 950 590 «33198»

182 678 561 763 vnimirumopponunt
584 701 651 763 pro
684 681 814 755 Israel;
848 683 944 763 quod
979 680 1009 744 si
1040 681 1118 762 quis
1149 682 1241 745 forte
1277 682 1385 745 etiam
1411 694 1465 747 est

184 786 244 870 qui
269 789 367 850 velut
390 788 481 850 alter
497 787 616 850 David
640 789 811 851 adversus
827 787 972 852 Goliath
996 788 1093 851 illum
1111 790 1282 871 congredi
1308 792 1465 871 auderet,

184 905 303 957 tamen
328 905 399 958 tam
429 895 611 977 presentia
641 895 802 979 pericula
832 905 929 974 sunt,
959 906 1030 958 tam
1063 907 1160 960 certa
1189 897 1334 961 infamia
1365 910 1402 962 ut
1430 910 1465 962 et

184 1004 374 1065 audentem
398 1003 580 1066 deterrere
603 1001 752 1086 possint,
776 1023 818 1065 ac
835 1002 904 1065 iam
928 1005 1034 1084 plane
1060 1024 1180 1066 ausum
1205 1007 1334 1086 pedem
1360 1008 1464 1069 etiam

183 1109 320 1173 referre
344 1129 486 1191 cogere.
533 1109 588 1172 Ita
611 1108 697 1172 solis
721 1109 904 1188 conviciiS,
929 1111 1033 1173 nullis
1057 1110 1254 1175 rationibus
1279 1121 1339 1175 aut
1364 1133 1464 1194 argu-

184 1217 314 1280 mentis
337 1237 394 1280 res
419 1215 545 1298 agitur.
593 1215 671 1279 Hec
695 1216 735 1280 T.
755 1213 790 1279 S.
817 1215 932 1279 labori
955 1218 1154 1281 mercedem
1179 1240 1382 1301 proponere
1407 1222 1463 1284 de·

183 1326 285 1386 beret
310 1332 346 1386 et
367 1333 455 1406 puto
479 1342 734 1407 progressuros
758 1324 887 1387 multos
919 1324 979 1405 qui
1007 1345 1045 1387 se
1069 1326 1119 1389 sic
1144 1325 1239 1389 domi
1263 1327 1298 1390 in
1323 1329 1464 1409 angulis

184 1430 376 1495 continent.
424 1430 503 1512 Ego
527 1439 634 1513 certe,
650 1439 690 1495 ut
706 1430 792 1493 nihil
808 1430 936 1512 ambi0,
961 1430 1010 1511 ita
1033 1444 1230 1515 me-sponte
1254 1455 1333 1498 mea
1357 1447 1463 1517 atque

183 1540 274 1603 adeo
296 1558 432 1619 rerum,
464 1537 582 1643 famaq
606 1557 646 1641 ac
665 1536 798 1646 capitis
822 1537 890 1601 mei
921 1539 1091 1635 periculo,
1124 1561 1180 1603 me
1210 1540 1353 1624 inquam
1386 1564 1462 1606 sum

181 1646 250 1709 illis
275 1645 488 1726 obiecturus,
512 1664 583 1708 non
607 1646 654 1707 ob
669 1643 774 1733 ,aliud
799 1643 896 1708 certe
922 1645 986 1707 nisi
1011 1649 1106 1727 quod
1122 1646 1252 1711 Christi
1275 1669 1461 1730 synceram

182 1753 433 1836 cognitionem,
466 1752 562 1834 quod
579 1735 819 1833 Evarigelicae
837 1735 997 1814 veritaiis
1021 1754 1240 1818 sanissimam
1265 1755 1461 1820 doctrinam

183 1850 232 1923 ab
250 1851 318 1923 liiii>
338 1849 606 1940 corruptoribus
629 1852 801 1922 assertam
826 1879 904 1922 esse
928 1861 1021 1923 volo.
1069 1860 1338 1944 Christus,-or0,
1363 1865 1458 1945 quod

181 1966 305 2031 inme
336 1967 433 2049 cepit
456 1962 647 2028 'confirmet
677 1960 711 2028 in
744 1965 860 2032 finem.
889 1962 890 1965 '
917 1964 1165 2049 Spectatorem
1191 1989 1256 2032 me
1290 1970 1462 2034 hactenus

181 2064 312 2141 causae
334 2066 473 2155 prebui,
496 2064 611 2155 magis
635 2092 740 2154 quam
766 2086 938 2146 actorem;
957 2068 1033 2155 quo
1050 2072 1183 2137 factum
1198 2084 1237 2137 ut
1250 2076 1355 2139 huius
1377 2077 1463 2140 mihi

179 2170 571 2263 partes'haotenusnon
582 2179 992 2253 vendicaverim3verum
1009 2200 1088 2243 cum
1105 2201 1163 2243 res
1175 2202 1316 2265 semper
1332 2186 1462 2247 evadat

178 2288 215 2352 in
231 2278 542 2370 peius¹et5nonsit
566 2278 755 2369 superbiae
780 2288 906 2350 modus
929 2288 1030 2367 ullus,
1056 2291 1215 2354 testabor
1239 2301 1368 2374 etego
1391 2290 1462 2354 iam

172 2382 323 2460 ‘taiidem
348 2408 494 2478 operam
514 2406 631 2457 meam
655 2374 797 2458 mundo,
846 2393 1070 2475 Ubicumque
1094 2404 1210 2459 autem
1233 2396 1271 2458 hi
1298 2397 1382 2460 mihi
1406 2418 1460 2460 co-

173 2513 283 2567 natus
306 2502 422 2567 casuri
447 2512 537 2582 sunt,
562 2510 681 2564 certus
697 2520 773 2571 sum
789 2511 876 2563 vota
890 2520 969 2562 mea
986 2500 1208 2565 sanctissima
1232 2524 1320 2567 esse.
1368 2501 1459 2567 Sunt

173 2612 263 2675 mibi
288 2613 354 2674 sub
369 2610 506 2673 incude
530 2608 641 2672 libelli
657 2607 801 2690 quidam
824 2614 860 2671 et
883 2604 1035 2670 meditor
1058 2607 1159 2672 simul
1192 2609 1227 2672 in
1259 2609 1336 2673 dies
1372 2612 1460 2674 alios

179 2718 248 2801 qul,
262 2717 292 2779 si
316 2717 530 2799 quandoque
546 2714 754 2799 prodierint,
778 2723 866 2795 puto
889 2735 960 2777 non
986 2713 1072 2777 nihil
1088 2715 1214 2778 virium
1234 2718 1460 2783 decessurum

178 2814 404 2889 adversariis.
441 2823 645 2905 ‘Reliquum
670 2832 731 2884 “est
761 2820 857 2902 quod
894 2819 929 2883 S.
963 2821 1003 2886 T.
1040 2822 1145 2885 etiam
1179 2834 1287 2906 atque
1318 2825 1484 2888 summis

177 2934 274 2996 adeo
303 2920 398 2995 votis
431 2950 543 2994 exoro
562 2938 612 2992 ‘ut
643 2929 828 2993 Erasmum
864 2927 1147 2992 Roterodamum
1182 2950 1224 2992 ac
1257 2930 1459 2995 Eduardum

176 3030 304 3106 Letum
319 3038 414 3102 uiros
430 3046 527 3101 certe
544 3047 665 3102 nostra
678 3045 795 3099 aetate
813 3044 848 3099 et
863 3034 1170 3116 eloquentissimos
1181 3045 1216 3100 et
1227 3038 1459 3121 doctissimos,

169 3127 458 3230 vquibuscumque
491 3144 618 3208 officiis
653 3139 690 3207 S.
715 3145 755 3208 T.
786 3145 1012 3206 demereatur
1041 3151 1149 3224 atque
1178 3143 1282 3207 etiam
1308 3143 1341 3206 in
1366 3147 1459 3209 hanc

175 3275 322 3318 arenam
353 3253 491 3335 ingenti
528 3252 772 3336 policitatione
803 3252 997 3332 pertrahat.
1058 3250 1148 3313 Nam
1188 3251 1343 3315 maxima
1374 3274 1460 3335 pars

174 3372 320 3425 nostrae
351 3349 565 3424 Germaniae
602 3358 751 3422 Erasmi
771 3368 908 3421 tantum
933 3356 1146 3420 sententiam
1177 3358 1346 3440 sequitur,
1378 3362 1457 3423 sola

175 3468 387 3533 eruditionis
410 3489 452 3530 ac
476 3464 863 3548 litterarumopinione
887 3465 995 3527 ducta
1018 3463 1124 3526 etiam
1148 3464 1178 3526 si
1202 3485 1266 3546 per
1290 3485 1328 3528 se
1353 3468 1458 3548 pauci

174 3596 250 3640 rem
275 3574 515 3655 discusserint,
540 3592 752 3656 quamquam
776 3572 882 3635 etiam
908 3582 943 3634 et
966 3571 1021 3634 his
1044 3570 1130 3634 viris
1144 3571 1272 3652 ingens
1296 3572 1457 3636 iuditium

175 3683 220 3746 sit
244 3683 338 3746 unde
362 3681 468 3744 facile
492 3690 657 3762 speratur
688 3700 759 3742 non
791 3689 928 3741 tantum
964 3679 1092 3740 multos
1122 3697 1356 3759 persuasurus
1391 3681 1457 3744 hos

174 3791 238 3854 sed
264 3798 301 3854 et
328 3804 469 3852 causam
495 3791 541 3851 ab
566 3785 779 3850 adversariis
813 3786 1001 3848 evicturos
1055 3784 1192 3848 Horum
1220 3784 1290 3849 iam
1314 3789 1458 3851 tandem

173 3896 347 3981 monitor,
381 3904 463 3979 post
486 3897 613 3958 crebra
637 3878 861 3957 eruditissimi
885 3892 993 3955 Fabri
1018 3892 1128 3954 nostri
1160 3890 1287 3956 similia
1310 3893 1458 3957 consilia

173 4004 213 4068 T.
240 4001 277 4070 S.
309 4003 481 4066 accedere
505 4001 611 4082 volui,
642 4020 683 4063 ac
711 4002 782 4082 jam
816 4009 997 4082 postremo
1022 4018 1125 4063 orare
1157 3999 1186 4063 si
1216 4021 1287 4082 qua
1316 4010 1458 4065 vetusta

171 4111 295 4174 forent
317 4119 519 4173 sanctorum
551 4107 821 4186 commentaria,
852 4106 1006 4169 maxime
1029 4106 1194 4188 Dionysii
1219 4108 1456 4171 Alexandrini

172 4238 265 4299 quae
297 4219 356 4281 vel
384 4214 567 4299 pontificia
591 4226 652 4277 tua
681 4216 738 4277 vel
764 4213 861 4276 avita
892 4214 950 4275 vel
974 4221 1125 4295 paterna
1148 4213 1366 4279 bibliotheca
1396 4217 1457 4279 ha·

172 4327 278 4388 beret
301 4326 359 4387 vel
376 4334 473 4386 certe
490 4343 581 4405 quae
598 4321 740 4385 aliunde
765 4320 933 4401 conqueri
957 4332 1115 4401 possent,
1139 4321 1173 4384 in
1198 4321 1266 4383 hoc
1289 4342 1361 4385 non
1384 4343 1456 4387 mo·

171 4431 288 4495 dicam
304 4429 341 4494 S.
357 4431 397 4494 T.
422 4449 568 4514 operam
592 4430 744 4492 collocet
768 4438 804 4491 et
827 4436 865 4489 ut
888 4426 924 4489 in
949 4425 1084 4508 aliquot
1109 4428 1328 4509 exemplaria
1350 4449 1454 4491 excu-

170 4542 312 4620 dantur,
337 4548 452 4612 curet;
478 4536 659 4601 nonnihil
683 4535 776 4597 enim
799 4532 1036 4596 subsidiorum
1053 4533 1134 4597 hinc
1158 4554 1324 4616 paremus
1348 4556 1451 4618 quae,

171 4657 250 4709 esto
274 4644 407 4727 frigida
431 4664 495 4727 per
520 4652 563 4708 se
581 4643 764 4723 videatur,
800 4639 1015 4703 adversariis
1038 4651 1155 4704 tamen
1185 4641 1215 4704 si
1238 4641 1331 4705 illius
1354 4644 1456 4706 verbi

170 4757 283 4817 robur
311 4753 520 4831 accesserit,
550 4750 677 4813 virium
701 4750 783 4812 hinc
807 4756 905 4810 certe
929 4749 1009 4829 plus
1033 4767 1117 4830 pars
1141 4757 1262 4811 nostra
1293 4750 1454 4832 accipiet.

169 4844 276 4944 Vale,
301 4868 405 4942 pater
426 4858 703 4923 Beatissimeac
728 4854 895 4938 quicquid
920 4854 956 4916 id
982 4863 1035 4918 est
1059 4854 1166 4918 officii
1190 4855 1276 4919 boni
1299 4858 1456 4939 consule,
