3559 5734
704 569 763 628 0-5‘3
802 567 951 629 biit>-⁶

185 726 345 782 rectores
370 727 406 782 et
425 718 528 800 prior
551 727 587 781 et
610 718 760 800 quilibet
792 739 915 782 eorum
948 739 1105 783 seorsum
1138 714 1334 784 examinari
1362 719 1464 785 debe-

186 835 266 889 rent
303 837 430 907 atque.
453 824 685 906 interrogari;
731 824 817 908 ipsis
858 845 1005 912 quoque¹
1034 826 1233 890 rectoribus
1262 837 1311 891 2et
1346 828 1467 910 priore

185 933 311 996 mediis
328 954 450 996 eorum
466 932 769 996 intercedentibus
789 932 995 996 iuramentis
1019 953 1126 1015 super
1141 934 1298 997 materiis
1322 935 1466 1018 eisdem,

185 1060 305 1103 coram
329 1039 432 1104 nobis
456 1038 598 1121 publice
622 1060 664 1102 ac
689 1039 889 1103 successive
918 1040 1149 1122 interrogatis
1173 1050 1209 1103 et
1243 1043 1466 1124 examinatis

184 1167 378 1229 eorumque
402 1146 506 1209 dictis
531 1151 570 1209 et'
590 1146 873 1229 depositionibus
906 1167 972 1228 per
1004 1147 1185 1229 publicum
1214 1147 1398 1212 Notarium
1428 1150 1465 1212 in

183 1255 327 1337 scriptis
350 1253 521 1335 redactis,
551 1264 586 1316 et
610 1273 675 1334 per
697 1252 774 1316 fisci
798 1263 1067 1335 procuratorem
1091 1253 1286 1337 prefatum,
1319 1255 1463 1339 inquan-

184 1374 257 1425 tum
288 1381 418 1445 prose
449 1359 573 1422 facere
592 1359 800 1423 viderentur
834 1359 1013 1441 repetitis,
1049 1362 1229 1426 concessis
1261 1362 1367 1426 etiam
1399 1367 1465 1447 p'er

183 1490 248 1532 nos
271 1467 556 1551 competentibus
580 1465 740 1530 terminis
773 1475 808 1530 et
838 1466 1067 1531 dilationibus
1098 1473 1171 1530 t'um
1202 1470 1400 1533 rectoribus
1429 1481 1465 1535 et

182 1575 294 1657 priori
318 1596 357 1637 se
380 1573 571 1657 purgandi,
595 1594 637 1636 ac
661 1572 737 1636 fisci
760 1573 983 1655 procuratori
1006 1574 1156 1657 prefatis
1179 1575 1360 1640 hincinde
1384 1597 1462 1659 par-

182 1682 286 1763 tibus,
311 1683 404 1744 ultro
428 1680 589 1762 citroque
612 1680 812 1744 deducendi
837 1689 873 1743 et
896 1680 1049 1762 agendi,
1072 1691 1179 1764 prout
1202 1683 1362 1764 quamvis
1385 1703 1463 1766 par·

181 1789 267 1852 tium
291 1788 531 1871 predictarum
555 1789 755 1870 respective
780 1791 1020 1852 concernebat
1043 1809 1085 1852 ac
1100 1788 1185 1852 iuris
1201 1791 1289 1853 ordo
1314 1791 1461 1875 exigere

180 1897 388 1970 videbatur;
425 1895 461 1957 in
485 1894 608 1958 ultimo
632 1914 719 1957 vero
744 1895 973 1964 terminorum
999 1896 1239 1978 predictorum
1264 1899 1462 1980 comparuit

178 2002 395 2078 iudicialiter
429 2022 547 2065 coram
579 2001 697 2081 nobis,
734 2002 896 2083 prefatus
930 2001 1006 2065 fisci
1041 2004 1153 2066 nostri
1187 2017 1396 2085 procurator
1427 2016 1462 2068 et

180 2131 223 2173 eo
240 2109 393 2187 nomine,
419 2118 454 2171 et
478 2108 581 2171 dictis
600 2108 803 2186 rectoribus
828 2113 863 2172 et
886 2109 1017 2192 priore,
1042 2131 1087 2173 ex
1102 2113 1261 2174 adverso
1285 2112 1459 2194 principa·

179 2220 240 2297 lis,
276 2215 408 2279 ibidem
433 2214 536 2277 etiam
562 2215 789 2297 presentibus
818 2226 853 2278 et
882 2216 1125 2298 audientibus,
1153 2218 1199 2280 ad
1223 2218 1392 2282 ulteriora
1425 2231 1461 2283 et

179 2325 273 2388 dicte
298 2342 405 2385 cause
428 2322 570 2384 finalem
595 2321 810 2386 decisionem
835 2323 983 2404 procedi
1007 2344 1072 2405 per
1096 2344 1162 2387 nos
1185 2325 1359 2390 instanter
1381 2347 1460 2408 pos-

180 2431 316 2494 tulavit.
372 2428 447 2492 Nos
479 2439 563 2491 tunc
598 2428 814 2512 Wygandus
849 2429 1049 2512 Episcopus
1084 2430 1245 2512 prefatus
1280 2441 1317 2495 et
1350 2433 1458 2497 iudex

178 2539 390 2613 ordinarius,
415 2534 499 2598 visis
523 2535 685 2616 primitus
716 2546 752 2599 et
783 2536 914 2600 auditis
944 2536 1038 2601 dicte
1074 2557 1181 2601 cause
1205 2540 1295 2602 actis
1319 2551 1355 2603 et
1379 2562 1458 2604 con·

177 2644 412 2722 sessionibus,
437 2651 543 2724 atque
567 2643 758 2726 diligenter
782 2644 1017 2706 consideratis
1047 2643 1139 2707 illius
1168 2646 1304 2708 iuribus
1335 2657 1371 2708 et
1395 2646 1458 2711 cir·

177 2751 395 2817 cumstantiis
419 2749 610 2830 universis,
634 2751 801 2832 quodque
825 2750 956 2833 prefati
980 2763 1138 2814 rectores
1163 2761 1199 2815 et
1226 2753 1325 2835 prior
1349 2757 1454 2818 exad-

179 2881 282 2924 verso
307 2857 539 2940 principaleS,
563 2857 599 2920 in
624 2868 660 2920 et
683 2858 777 2921 circa
800 2858 974 2940 premissa
997 2858 1238 2940 multipliciter
1261 2861 1459 2925 erraverint

177 2979 212 3031 et
236 2966 344 3048 impie
367 2963 518 3028 fecerint
541 2984 584 3027 ac
608 2968 654 3028 ab
676 2976 798 3028 sancta
824 2964 1008 3030 Catholica
1022 2964 1185 3029 Ecclesia
1208 2966 1457 3032 inobedienter

177 3072 393 3138 desciverint
418 3072 575 3153 sibiipsis
598 3073 715 3154 legem
751 3082 786 3134 et
818 3074 961 3135 modum
997 3075 1152 3155 superbe
1184 3075 1456 3158 prescribentes,

176 3183 263 3246 ritus
306 3190 342 3242 et
377 3197 606 3242 ceremoneas
641 3198 761 3242 sacras
802 3181 1035 3259 abrogantes,
1076 3181 1356 3262 dogmatizantes
1388 3203 1456 3265 que

175 3292 349 3353 adversus
387 3286 576 3349 canonicas
615 3294 650 3349 et
688 3285 948 3350 ecclesiasticas
987 3287 1190 3350 sanctiones
1200 3336 1209 3366 ,
1251 3310 1292 3351 ac
1332 3301 1457 3354 contra

176 3397 389 3460 Sanctorum
413 3394 669 3474 Apostolorum
693 3393 854 3456 ordinem
888 3403 924 3455 et
951 3394 1094 3456 modum
1118 3395 1222 3457 nobis
1247 3398 1452 3479 exemplari·

174 3517 230 3567 ter
252 3501 431 3579 relictum,
464 3520 533 3581 quo
570 3500 744 3563 communi
785 3500 936 3563 coneilio
975 3520 1045 3563 non
1084 3512 1200 3563 autem
1236 3502 1453 3584 privatorum

175 3609 387 3675 auctoritate
415 3628 484 3670 res
518 3607 691 3670 ecclesiae
720 3606 916 3669 diffinirent
951 3608 1269 3689 constituerentve,
1306 3619 1342 3673 et
1377 3612 1455 3693 pari

174 3717 281 3781 modo
305 3714 465 3797 gentium
491 3715 687 3796 Apostolus
711 3715 813 3777 divus
837 3715 970 3777 Paulus
994 3735 1039 3777 ne
1063 3715 1097 3777 iu
1120 3735 1269 3779 vacuum
1286 3718 1454 3782 cucurris-

174 3833 240 3904 set,
264 3842 364 3885 suum
389 3820 615 3902 evangelium
638 3842 716 3885 cum
741 3823 874 3884 eisdem
900 3820 1084 3903 Apostolis
1101 3823 1300 3903 contulerit,
1325 3845 1367 3887 ac
1388 3825 1453 3888 dis·

173 3931 307 3995 cedens
341 3946 431 4011 pace
468 3925 578 4009 facta,
618 3928 783 3992 fidelibus
818 3928 1022 4010 preceperit
1060 3929 1238 3992 custodire
1283 3942 1453 4013 precepta

173 4035 431 4118 Apostolorum
456 4042 492 4096 et
516 4035 713 4117 seniorum,
741 4037 866 4118 procul
890 4036 999 4098 dubio
1024 4034 1219 4099 Ecclesiam
1243 4038 1454 4102 audiendam

172 4146 210 4207 in
236 4143 286 4205 eis
310 4141 480 4220 referens,
505 4151 612 4204 antea
635 4164 657 4206 a
679 4143 764 4223 Jesu
789 4142 929 4205 Christo
955 4140 1144 4205 Salvatore
1174 4153 1298 4207 nostro
1320 4144 1454 4209 institu-

89 4278 91 4282 ·
173 4261 257 4331 tam,
282 4259 318 4311 et
342 4257 381 4310 ut
405 4249 587 4312 audiretur
611 4251 911 4326 commendatam,
943 4270 985 4312 ac
1014 4269 1192 4330 nunquam
1224 4250 1454 4331 defecturam,

173 4356 275 4420 cuius
298 4356 429 4418 virtute
454 4367 489 4418 et
513 4358 624 4420 nostri
649 4377 790 4438 quoque
814 4355 1005 4437 pastoralis
1030 4354 1132 4418 offitii
1164 4357 1301 4436 existit,
1326 4358 1454 4422 anima-

173 4482 252 4528 rum
276 4462 398 4543 saluti,
431 4473 467 4526 et
501 4464 678 4527 scandalis
703 4483 748 4525 ne
772 4463 956 4543 eveniant,
987 4473 1049 4524 aut
1077 4472 1116 4525 ut
1138 4466 1285 4527 suborta
1309 4467 1454 4547 compri-

173 4580 315 4634 mantur
338 4569 527 4633 salubriter
550 4570 759 4651 providere,
791 4579 897 4650 prout
927 4569 1034 4632 etiam
1067 4572 1287 4634 concedente
1311 4572 1455 4636 domino

173 4675 397 4740 confidenter
409 4676 614 4739 tribuemus.
639 4677 764 4758 Itaque
781 4696 860 4738 cum
877 4676 973 4739 dicto
987 4687 1108 4740 nostro
1125 4676 1201 4740 fisci
1213 4689 1455 4761 procuratore,

171 4783 410 4846 concludente
435 4793 470 4846 et
493 4804 612 4847 secum
628 4783 793 4848 concludi
805 4792 951 4865 petente
971 4783 1007 4846 in
1029 4804 1136 4847 causa
1160 4784 1301 4866 prefata
1322 4787 1456 4868 pariter

169 4888 428 4970 conclusimus,
460 4890 564 4954 dictis
589 4890 696 4954 etiam
719 4889 898 4974 prioribus
923 4900 959 4953 et
982 4890 1111 4955 rectori
1137 4893 1337 4956 exadverso
1362 4894 1453 4975 prin·

1240 4997 1296 5055 rs*
