3559 5734
712 559 862 614 ι><324ἔ1
901 557 959 613 8²⁴

197 708 399 772 comunicar
415 715 541 790 questo
557 707 724 770 mandato
741 706 802 769 alli
819 702 923 769 Stati.
956 705 1065 770 Cesar
1081 716 1171 771 tutta
1195 711 1294 772 volta
1317 721 1476 774 monstra

197 837 294 881 esser
317 825 409 880 tutto
433 821 601 878 contento
626 814 750 876 chela
774 833 838 875 sua
862 812 1120 878 deliberatione
1151 815 1192 877 sii
1217 819 1290 880 cosi
1314 826 1418 899 grata
1442 820 1477 881 al

197 920 428 986 Sanctissimo
452 931 488 984 et
511 923 546 984 al
570 918 682 984 Sacro
707 919 878 1003 Collegio

289 1029 332 1092 El
347 1029 465 1092 Breve
482 1029 516 1090 al
536 1026 721 1091 confessor
737 1026 754 1090 ὲ
770 1035 902 1090 venuto
918 1029 988 1090 ben
1004 1048 1026 1090 a
1041 1035 1178 1110 tempo;
1200 1028 1283 1092 item
1300 1033 1419 1111 quello
1443 1032 1478 1094 al

197 1136 357 1200 l’ufficial
382 1136 402 1198 ὸ
426 1144 519 1197 stato
543 1141 643 1197 tanto
668 1142 772 1214 grato
797 1136 862 1197 che
887 1132 966 1197 dice
988 1137 1089 1198 voler
1112 1144 1239 1198 metter
1262 1157 1301 1199 se
1324 1139 1476 1201 havesse

197 1245 291 1308 mille
327 1243 401 1307 vite
438 1262 503 1325 per
543 1239 617 1304 Sua
655 1238 794 1304 Santita
835 1250 872 1304 et
910 1243 945 1304 la
981 1240 1076 1305 Sede
1118 1242 1328 1324 Apostolica
1367 1255 1402 1307 et
1440 1244 1476 1307 in

196 1372 282 1416 vero
306 1352 325 1414 ὲ
349 1348 581 1433 gentilissimo
605 1367 672 1430 per
700 1346 785 1430 ogni
817 1348 886 1410 via.
942 1349 1010 1411 Del
1042 1350 1136 1411 dono
1168 1349 1204 1411 di
1235 1349 1330 1413 mille
1360 1351 1477 1416 fiorini

195 1462 242 1523 ha
264 1478 372 1541 parso
395 1460 430 1521 al
454 1454 508 1519 8⁰¹
531 1454 669 1519 Nuncio
695 1463 730 1517 et
753 1476 775 1518 a
807 1474 862 1517 me
892 1456 958 1518 che
990 1457 1061 1518 ben
1089 1458 1307 1520 bastaranno
1341 1457 1474 1532 CCCC;

197 1576 232 1629 et
263 1564 440 1630 ancorche
473 1583 545 1627 non
575 1561 768 1626 habbiamo
798 1572 946 1643 possuto
973 1561 1088 1625 finora
1117 1583 1265 1627 recever
1298 1565 1322 1628 li
1354 1566 1477 1630 danari

197 1674 245 1737 dil
269 1672 408 1736 cambio
432 1671 562 1755 perche
578 1671 613 1733 la
632 1672 760 1733 lettera
784 1670 802 1732 ὲ
827 1669 918 1733 fatta
941 1689 1007 1751 per
1028 1671 1203 1751 Augusta,
1228 1681 1263 1733 et
1287 1673 1311 1735 li
1329 1672 1477 1736 Foccari

196 1802 267 1845 non
297 1788 431 1862 poteno
460 1798 481 1842 o
515 1797 586 1841 non
611 1777 741 1840 voleno
766 1796 880 1859 pagar
905 1776 963 1857 qni
988 1778 1038 1840 tal
1061 1798 1210 1858 summa,
1235 1789 1353 1842 tamen
1377 1781 1476 1843 a'ccid

197 1890 262 1951 che
285 1888 308 1950 l'
324 1885 456 1949 ufficial
482 1885 516 1948 in
540 1885 574 1948 le
599 1885 760 1948 consulte
785 1884 829 1946 de
862 1885 897 1946 la
921 1882 1026 1947 Dieta
1050 1884 1189 1949 facesse
1217 1889 1287 1949 ben
1319 1888 1340 1949 1’
1357 1887 1476 1951 officio

197 1995 221 2057 li
253 1994 443 2058 dicessimo
473 1993 519 2055 de
542 1991 567 2054 li
601 2011 665 2069 400
691 1991 770 2053 chel
794 1988 859 2053 S¹¹¹⁰
883 1992 930 2052 ha
954 1993 1167 2054 comandato
1191 1994 1257 2056 che
1281 1994 1340 2057 noi
1366 1995 1390 2057 li
1414 2015 1475 2076 pa-

197 2101 358 2185 ghiamo,
382 2101 407 2163 li
432 2099 529 2181 quali
552 2097 576 2161 li
600 2117 748 2179 parsero
771 2099 842 2161 ben
867 2098 977 2178 assai,
1010 2109 1045 2161 et
1068 2098 1102 2161 in
1133 2120 1220 2163 vero
1245 2102 1311 2163 che
1335 2101 1384 2164 lui
1408 2122 1475 2165 con

197 2209 282 2292 ogni
312 2206 531 2272 verecundia
554 2215 734 2268 mostrava
757 2204 928 2268 recusarli
952 2213 988 2268 et
1012 2204 1164 2269 offerirsi
1181 2228 1320 2289 sempre
1346 2210 1382 2271 di
1405 2212 1475 2272 ben

197 2316 231 2380 in
255 2314 378 2386 melio;
403 2313 546 2378 subbito
580 2314 646 2374 che
670 2311 837 2374 abbiamo
852 2312 999 2374 retirata
1017 2313 1116 2376 detta
1131 2333 1267 2377 summa
1289 2316 1314 2378 li
1338 2319 1474 2380 sborsa·

197 2443 293 2486 remo
318 2442 383 2500 400
404 2419 531 2502 fiorini,
557 2428 592 2482 et
607 2418 741 2500 perche
755 2438 920 2500 speramo
938 2418 979 2482 N.
998 2417 1085 2482 S.10
1102 2422 1273 2485 exaudiri
1299 2423 1335 2485 in
1359 2426 1476 2504 quelle

198 2531 265 2594 due
289 2528 453 2613 petitioni
477 2529 543 2590 che
568 2527 603 2589 io
627 2525 766 2590 mandai
793 2546 858 2607 per
876 2527 901 2589 il
925 2527 1100 2608 proxime,
1126 2528 1145 2589 l'
1163 2547 1232 2591 uno
1256 2549 1322 2610 per
1345 2529 1367 2591 l'
1384 2532 1475 2594 altro

197 2637 273 2701 fara
298 2638 364 2699 che
388 2634 437 2698 lui
453 2633 532 2697 sara
549 2641 725 2715 perpetuo
740 2633 914 2696 servitore
937 2632 975 2695 di
999 2630 1050 2696 Su
1065 2631 1118 2696 gn
1142 2643 1177 2697 et
1202 2635 1237 2696 di
1254 2635 1298 2698 V.
1315 2635 1351 2698 S.
1368 2637 1474 2701 Rma.

286 2745 342 2806 De
366 2750 528 2806 trecento
552 2740 668 2804 fiorini
692 2742 758 2802 che
782 2760 820 2803 se
845 2739 960 2803 scrive
985 2741 1050 2803 che
1074 2740 1108 2803 io
1123 2742 1220 2805 habii
1244 2763 1265 2805 a
1288 2742 1418 2825 pigliar
1441 2746 1477 2808 in

197 2853 293 2915 dono
318 2871 362 2913 ne
387 2849 546 2932 regratio
571 2848 644 2911 Sua
668 2846 720 2910 St*
740 2856 776 2909 et
799 2847 843 2910 V.
869 2845 906 2911 S.
930 2846 1026 2910 Rma
1050 2857 1182 2928 quanto
1205 2870 1313 2930 posso
1338 2862 1374 2914 et
1397 2872 1475 2934 pro·

195 2969 304 3022 metto
329 2957 438 3021 usarli
462 2956 522 3020 alli
546 2957 623 3019 loro
639 2954 782 3019 servicii
806 2975 877 3017 non
902 2956 1155 3038 sparagnando
1180 2958 1215 3020 la
1238 2959 1385 3039 propria
1401 2960 1476 3023 vita

195 3085 304 3128 ancor
327 3064 393 3127 che
418 3064 464 3126 da
487 3081 612 3145 pocco.

284 3170 514 3233 Restaranno
543 3167 701 3231 seicento
726 3168 842 3231 fiorini
866 3168 890 3232 li
916 3168 1011 3249 quali
1035 3168 1064 3231 si
1090 3171 1357 3235 exborseranno
1382 3171 1416 3234 in
1442 3175 1475 3236 le

194 3278 410 3341 necessitate
427 3285 463 3339 et
478 3275 700 3338 occorrentie
722 3276 816 3339 della
840 3275 1048 3357 expedition
1074 3296 1152 3339 cum
1176 3288 1305 3359 saputa
1327 3282 1415 3360 perd
1441 3290 1477 3344 et
1592 3319 1597 3328 ι

191 3384 350 3449 conselio
375 3384 434 3446 del
458 3380 497 3446 Sr
526 3380 713 3445 Carazzolo
739 3392 774 3444 et
798 3383 856 3445 del
880 3390 972 3444 tutto
993 3381 1022 3445 si
1037 3382 1190 3446 rendere
1207 3394 1313 3447 conto
1329 3388 1473 3449 authen-

191 3493 264 3556 tico
287 3490 359 3554 fino
383 3491 428 3554 ad
453 3510 500 3553 un
525 3489 724 3571 quadrante
753 3490 818 3552 che
849 3489 873 3552 li
906 3489 1030 3552 danari
1062 3490 1097 3552 di
1131 3487 1204 3553 Sua
1235 3490 1374 3555 Santita
1403 3514 1474 3556 non

192 3599 284 3664 siino
308 3598 379 3661 mal
402 3595 518 3676 messi,
543 3605 579 3658 et
603 3596 702 3658 detto
721 3594 853 3658 ufficial
873 3599 946 3658 cosi
962 3598 1032 3659 ben
1049 3597 1182 3660 testera
1199 3600 1475 3665 contentissima

190 3706 234 3770 Li
257 3708 408 3768 havemo
433 3703 561 3766 inditto
594 3722 640 3765 un
664 3723 755 3785 gran
780 3702 920 3766 silentio
946 3704 1011 3766 che
1035 3724 1107 3766 non
1132 3689 1223 3786 parli
1252 3707 1287 3770 di
1316 3710 1365 3769 tal
1391 3729 1474 3771 cosa

192 3812 325 3897 perche
359 3832 430 3875 non
454 3812 472 3874 ὲ
497 3815 589 3874 altra
613 3810 789 3873 calumnia
812 3810 871 3892 pid
904 3812 1042 3892 grande
1076 3812 1120 3874 ne
1151 3812 1210 3894 piri
1235 3822 1382 3894 potente
1407 3836 1473 3879 con

192 3925 227 3984 la
258 3921 341 4002 qual
369 3918 484 4000 questi
513 3917 679 3981 Alemani
713 3916 743 3979 ci
777 3918 966 3981 concitano
998 3918 1081 3981 odio
1111 3920 1265 3982 addosso
1297 3930 1333 3984 et
1366 3922 1474 3985 fanno

191 4048 305 4111 pocco
331 4026 483 4090 extimar
514 4024 538 4087 li
564 4024 720 4087 mandati
745 4024 781 4086 di
806 4024 915 4087 Cesar
939 4026 1005 4087 che
1029 4045 1096 4087 con
1122 4025 1199 4089 dire
1223 4029 1289 4089 che
1313 4027 1371 4089 noi
1396 4032 1474 4092 sub·

193 4154 340 4199 ornamo
365 4133 497 4197 Cesare
520 4152 600 4195 cum
623 4132 766 4211 danari,
801 4133 833 4194 el
862 4132 1020 4195 conselio
1045 4144 1080 4195 et
1103 4141 1195 4195 tutto
1221 4133 1241 4196 'l
1267 4138 1397 4198 mundo
1406 4184 1414 4215 ,
1440 4137 1475 4199 la

194 4244 276 4325 qual
300 4262 395 4322 cosa,
420 4260 531 4304 ancor
554 4241 620 4303 che
637 4239 679 4302 sii
702 4259 774 4301 non
799 4238 879 4301 dico
901 4240 1014 4302 solum
1037 4238 1129 4302 falsa
1145 4260 1201 4302 ma
1217 4242 1341 4321 paccia
1365 4263 1386 4305 a
1411 4243 1474 4323 dir,

193 4351 385 4413 tuttavolta
408 4369 429 4410 e
452 4348 487 4410 in
513 4346 601 4410 detti
626 4356 661 4409 et
684 4346 719 4409 in
745 4345 857 4409 scritti
881 4355 917 4408 et
948 4345 983 4408 in
1007 4346 1194 4409 iuramenti
1225 4347 1249 4410 li
1282 4347 1474 4413 Lutherani

195 4478 235 4520 se
259 4477 304 4519 ne
327 4455 437 4518 fanno
462 4453 639 4518 cavalieri.

285 4562 412 4643 Quello
437 4561 648 4624 medessimo
672 4561 718 4640 di,
742 4560 931 4622 Dominica
946 4570 1100 4641 passata,
1126 4582 1241 4624 venne
1266 4582 1384 4626 nuova
1409 4565 1474 4632 che

194 4669 328 4734 Martin
352 4689 414 4732 ero
447 4677 540 4732 stato
571 4688 678 4750 preso
710 4676 746 4731 et
776 4667 814 4729 fu
842 4687 888 4729 un
921 4669 1058 4748 grande
1090 4688 1286 4731 murmurat
1319 4672 1384 4732 che
1416 4671 1475 4734 noi

196 4797 317 4841 eramo
334 4775 416 4839 stati
433 4775 564 4839 auttori
580 4795 652 4837 non
667 4794 771 4837 senza
791 4774 930 4855 grande
953 4774 1113 4855 periculo
1138 4783 1270 4855 nostro,
1295 4776 1425 4857 perche
1451 4778 1474 4840 li

196 4883 391 4950 Lutherani
415 4882 446 4947 ci
471 4882 704 4946 concitavano
728 4889 819 4945 tutto
846 4882 868 4943 'l
892 4882 1022 4944 mundo
1046 4881 1160 4964 primo
1193 4881 1344 4945 dicendo
1379 4904 1476 4948 esser

1264 4985 1316 5044 16*
