3559 5734
1401 570 1894 634 0-4347354

369 731 597 789 turos:
676 721 865 808 quod
936 722 993 788 si
1067 744 1296 807 neque
1371 745 1506 808 ego
1573 728 1754 789 hanc
1816 725 2206 789 molestiam
2276 720 2560 790 omnino
2619 724 2930 791 evadere

369 834 585 915 potui,
636 834 790 895 fero
840 832 932 912 id,
981 835 1097 895 vel
1147 836 1239 895 ob
1288 835 1422 895 hoc
1473 835 1704 895 animo
1755 834 2048 914 equiore
2098 838 2284 914 quod
2337 846 2569 896 certus
2619 856 2769 898 sum
2818 858 2929 898 me

368 953 437 1002 et
487 952 765 1003 ceteros
815 941 1052 1022 plures
1121 938 1328 1003 Sedis
1387 940 1805 1022 Apostolice
1878 941 2179 1022 devotos
2240 942 2419 1002 haec
2484 941 2718 1003 omnia
2782 943 2928 1023 pati

367 1058 753 1130 opportere
804 1067 936 1130 pro
997 1046 1139 1109 fide
1205 1057 1276 1110 et
1341 1048 1734 1109 devocione
1796 1067 1970 1128 erga
2031 1068 2107 1109 se
2170 1047 2655 1129 defendenda,
2722 1070 2928 1131 quam

367 1174 495 1235 pro
551 1152 785 1215 virilia
831 1175 988 1216 mea
1036 1153 1219 1215 inter
1267 1153 1556 1216 alterius
1602 1153 1932 1215 factionis
1979 1154 2299 1216 homines
2346 1155 2644 1217 viriliter
2692 1166 2767 1216 ut
2815 1158 2927 1218 de—

367 1261 509 1322 cuit
557 1270 825 1323 tutatus
891 1281 1040 1322 sum
1106 1273 1179 1323 et
1240 1264 1527 1323 tutabor
1589 1281 1871 1342 semper
1933 1261 2084 1322 sine
2148 1262 2291 1323 ulla
2361 1263 2573 1324 etiam
2639 1263 2929 1344 proprie

365 1367 510 1429 vite
561 1368 855 1430 ratione.
918 1367 1072 1448 Que
1123 1368 1358 1429 omnia
1407 1368 1597 1429 volui
1655 1370 1869 1449 paulo
1919 1368 2139 1429 lacius
2186 1367 2445 1430 Vestre
2499 1369 2929 1432 Beatitudini

366 1475 766 1554 explicasse
816 1475 1165 1537 eteidem
1214 1495 1343 1555 pro
1394 1496 1550 1536 mea
1599 1494 1773 1556 erga
1824 1495 1899 1536 se
1949 1474 2409 1537 observantia
2448 1477 2809 1538 recordari
2858 1477 2925 1539 in

364 1581 472 1643 his
520 1585 735 1644 rebus
783 1583 897 1643 vel
946 1582 1280 1644 sedandis
1329 1584 1441 1643 vel
1495 1581 1563 1642 vi
1613 1582 2031 1643 cohibendis
2080 1582 2455 1663 plurimum
2504 1583 2622 1664 agi
2673 1586 2761 1645 de
2811 1586 2928 1645 ho·

366 1708 559 1766 nore,
612 1692 701 1750 de
749 1689 1015 1769 gloria,
1067 1690 1156 1750 de
1194 1690 1540 1767 'comod0,
1610 1690 1699 1749 de
1770 1690 1998 1750 salute
2065 1708 2191 1750 sua
2257 1703 2328 1751 et
2390 1690 2651 1770 ubique
2700 1691 2927 1753 tocius

367 1795 631 1858 ordinis
681 1797 1142 1859 ecclesiastici
1193 1796 1641 1875 defensione,
1693 1806 1763 1858 et
1811 1795 2111 1877 proinde
2162 1797 2654 1859 necessitatem
2702 1797 2925 1878 ipsam

369 1906 730 1983 postulare
783 1914 854 1964 ut
918 1904 1273 1965 examinet
1337 1905 1737 1984 perpendat
1802 1915 1873 1965 et
1939 1904 2316 1984 prospitlat
2369 1916 2704 1984 quantum
2763 1925 2924 1966 con·

369 2011 580 2071 ducat
627 2011 1011 2073 seditiones
1060 2010 1458 2072 huiusmodi
1506 2010 1572 2071 in
1647 2011 1803 2092 ipsa
1852 2008 2233 2072 Germania
2294 2011 2616 2092 extingui
2680 2031 2768 2073 ne
2831 2014 2926 2073 ul·

369 2117 586 2178 terius
620 2101 1206 2198 progrediantur;
1244 2129 1454 2198 atque
1485 2118 1647 2179 ideo
1690 2130 1765 2179 ut
1800 2120 2122 2179 consulat
2154 2118 2530 2198 provideat
2564 2119 2928 2199 suppetias

374 2243 721 2304 opemque
771 2225 955 2286 ferat
1005 2245 1213 2304 quam
1265 2225 1595 2286 citissime
1644 2234 1919 2305 potest,
1993 2224 2113 2286 ubi
2163 2239 2232 2286 et
2281 2227 2470 2306 apud
2519 2247 2697 2307 quos
2746 2246 2925 2306 opus

379 2350 530 2391 esse
570 2330 936 2411 intelligit;
987 2353 1118 2415 per
1165 2333 1298 2392 hoc
1350 2332 1532 2393 enim
1583 2341 1658 2392 ut
1707 2332 1916 2393 video
1966 2332 2265 2412 gloriam
2298 2332 2764 2395 immortalem
2812 2336 2921 2395 de·

370 2457 629 2518 cusque
681 2449 1103 2519 perpetuum
1152 2438 1286 2500 sibi
1336 2439 1875 2519 comparaverit,
1925 2437 2079 2500 fieri
2127 2459 2409 2520 quoque
2444 2459 2574 2520 pro
2606 2450 2925 2521 tempore

369 2544 627 2624 poterit
677 2557 750 2606 ut
799 2565 1005 2607 omne
1055 2545 1506 2626 impendium,
1557 2545 1783 2607 omnis
1832 2556 2150 2626 sumptus
2199 2566 2405 2625 quem
2456 2549 2546 2608 ad
2586 2548 2713 2608 has
2745 2568 2923 2608 com·

369 2652 727 2713 mociones
776 2652 1241 2715 eradicandas
1292 2653 1687 2732 contulerit,
1740 2655 1997 2714 damna
2046 2673 2485 2735 quecumque
2529 2654 2662 2716 sibi
2695 2674 2923 2716 cumu-

370 2757 703 2819 latissime
753 2760 1130 2838 resarciat,
1199 2761 1268 2822 id
1337 2761 1524 2841 quod
1577 2762 1692 2821 vel
1742 2760 2123 2822 animosius
2173 2780 2420 2821 curare
2470 2761 2685 2822 debet
2735 2765 2922 2841 quod

372 2864 553 2925 idem
634 2865 1141 2928 Serenissimus
1223 2867 1564 2948 Princeps
1643 2870 1777 2928 hoc
1859 2866 2086 2948 ipsum
2167 2867 2285 2929 diu
2369 2879 2723 2948 noctuque
2816 2888 2920 2929 co·

368 2971 542 3051 gitat
591 2992 675 3032 ac
726 2972 898 3034 nihil
947 2974 1288 3053 reliquum
1340 2974 1511 3036 facit
1560 2985 1635 3035 ut
1701 2973 2150 3035 defendende
2215 2973 2581 3053 dignitatis
2644 2975 2920 3037 ecclesi-

368 3078 583 3140 astice
636 3082 962 3160 clypeum
1022 3080 1288 3160 induat,
1350 3081 1422 3142 in
1485 3102 1624 3161 quo
1697 3081 2135 3161 permaxime
2199 3081 2586 3161 profecerit
2645 3082 2700 3142 si
2767 3082 2923 3162 ipsa

371 3185 497 3247 sibi
549 3207 759 3267 opem
808 3188 1141 3250 attulerit.
1239 3188 1364 3249 Cui
1430 3210 1540 3250 me
1605 3188 2116 3267 ecclesiamque
2179 3209 2373 3249 suam
2438 3188 2924 3250 'l'ridentinam

371 3294 822 3355 vehementer
871 3297 1308 3357 commende.

541 3401 646 3460 Ex
704 3401 946 3482 Rippa
996 3402 1315 3464 ‘l'ridenti
1368 3402 1609 3463 ultimo
1660 3403 1826 3464 Maii
1879 3402 2280 3465 MDXXV.

686 3510 762 3570 E.
822 3508 1116 3570 Vestrae
1166 3509 1655 3571 beatitudinis.

2189 3620 2350 3667 llum.
2389 3617 2639 3666 Creatura

2106 3710 2163 3757 R.
2207 3709 2709 3771 Eps.·1‘rident.

1572 4199 1720 4262 219.

725 4314 968 4393 Abbas
1023 4336 1075 4394 s,
1134 4313 1430 4393 Antonii
1495 4312 1912 4394 Viennensis
1967 4314 2309 4395 Clementi
2365 4316 2521 4397 VII.

1275 4461 1470 4533 (Epist.
1509 4461 1681 4534 princ.
1717 4461 1820 4519 111.
1857 4463 1989 4534 145.)

1391 4575 1462 4636 (3.
1502 4574 1650 4637 Junii
1697 4574 1869 4640 1525.)

549 4700 748 4780 Quae
796 4698 865 4759 in
917 4697 1213 4759 Alsatiis
1263 4696 1501 4758 divina
1550 4697 1997 4760 Lutheranae
2066 4699 2165 4760 illi
2214 4700 2394 4780 pesti
2443 4701 2616 4762 ultio
2664 4702 2919 4780 intulit,

364 4807 448 4869 V.
501 4806 573 4868 S.
625 4806 987 4887 explicare
1037 4807 1225 4885 quod
1274 4824 1605 4885 presumo
1657 4826 1795 4866 non
1846 4816 1987 4868 tam
2038 4808 2416 4870 temeritati
2478 4808 2645 4870 mihi
2709 4810 2914 4870 ascri-

362 4916 669 4980 bendum
720 4919 1020 4976 obsecro
1071 4932 1278 4995 quarn
1327 4912 1516 4994 quod
1548 4930 1817 4977 summa
1866 4914 2020 4997 ipsa
2070 4937 2181 4978 res
2228 4937 2532 4981 summas
2566 4914 2652 4979 V.
2698 4916 2918 5000 ipsius
