3559 5734
732 607 881 665 eutis
921 605 978 664 ca

215 754 420 837 beneficiis,
456 759 556 839 (puta
592 777 683 819 unus
718 777 825 839 super
862 756 901 819 X
925 768 986 820 aut
1011 755 1104 843 XX)
1138 758 1279 841 litigant
1313 757 1349 821 in
1383 756 1495 821 Rota:

219 875 338 927 tamen
363 864 433 926 iam
457 865 582 946 procul
597 863 706 927 dubio
720 863 889 928 Pontifex
906 864 957 928 eis
980 885 1093 928 novas
1117 865 1256 928 confert
1280 864 1414 948 gratias
1438 885 1498 927 ex·

219 970 434 1054 pectativas,
459 969 587 1052 quibus
611 979 737 1053 postea
754 971 849 1034 viros
865 975 980 1035 bonos
997 973 1178 1054 divexant,
1195 983 1230 1035 et
1245 973 1359 1054 ipsum
1375 975 1497 1035 orbem

216 1097 369 1160 quoque,
395 1086 433 1140 et
452 1097 654 1159 supremum
670 1077 789 1140 odium
807 1077 994 1142 Romanae
1018 1078 1137 1142 curiae
1162 1078 1347 1142 concitent.
1385 1077 1497 1159 Quam

218 1185 347 1247 vellem
376 1181 414 1248 S.
437 1184 481 1247 D.
506 1183 549 1250 N.
573 1183 609 1247 in
633 1183 689 1247 his
712 1185 906 1248 remedium
929 1206 1132 1268 apponere,
1164 1195 1202 1248 ut
1224 1188 1348 1249 harum
1379 1205 1498 1267 quere

217 1293 330 1354 larum
353 1289 434 1353 finis
457 1289 574 1354 fieret:
605 1293 671 1354 has
706 1290 799 1354 enim
831 1312 955 1372 voces,
979 1294 1044 1355 has
1068 1291 1313 1355 accusationes
1337 1292 1497 1374 quotidie

216 1398 339 1460 audire
372 1416 493 1478 cogor.
550 1396 590 1460 In
636 1417 675 1460 re
712 1418 791 1461 mea
826 1400 949 1461 eadem
986 1410 1070 1482 peto
1079 1447 1087 1478 ,
1133 1419 1224 1479 quae
1256 1398 1429 1480 proximis
1460 1398 1497 1460 li-

218 1505 313 1567 teris.
361 1505 420 1567 Ad
445 1513 659 1567 conventum
682 1504 932 1586 Augustanum
957 1507 1099 1568 omnino
1131 1503 1167 1570 S.
1199 1505 1242 1568 D.
1279 1504 1321 1567 N.
1346 1504 1498 1587 aliquem

221 1611 384 1674 destinet.
432 1608 674 1694 Sperabamus
704 1611 877 1691 Joannem
912 1609 1093 1675 Saxonem
1128 1612 1308 1675 meliorem
1342 1610 1499 1675 futurum

221 1719 406 1798 Federico,
431 1721 494 1780 sed
519 1718 552 1781 in
578 1720 770 1802 apologum
795 1721 840 1781 de
863 1719 956 1801 lupis
980 1718 1184 1790 incidimus:
1217 1719 1381 1800 profecto
1414 1718 1499 1801 quid

219 1826 431 1907 sperandum
457 1826 501 1888 sit
529 1824 650 1888 nescio
683 1825 866 1906 augurari,
900 1826 998 1888 Deus
1022 1828 1114 1888 bene
1147 1836 1273 1900 vertat.
1332 1827 1392 1889 Me
1415 1836 1499 1889 tuae

219 1934 308 1996 R¹¹¹¹²e
331 1953 365 2015 p.
390 1935 609 1998 commendo

311 2056 523 2138 ingolstadii
547 2056 604 2119 die
629 2054 665 2120 S.
690 2056 900 2139 Hieronymi
924 2057 1123 2124 MDXXV.

310 2270 414 2351 Quod
437 2271 536 2352 prius
559 2270 733 2352 prolixius
768 2270 932 2334 miseram
965 2271 1201 2335 calamitatem
1227 2273 1414 2336 Almaniae
1437 2293 1496 2336 no·

220 2390 330 2457 strae,
354 2379 423 2442 iam
439 2380 599 2441 eamdem
617 2378 716 2440 mitto
740 2380 966 2444 contractius.
1015 2380 1054 2442 In
1080 2382 1171 2443 hanc
1196 2379 1288 2443 enim
1312 2379 1499 2443 formulam

220 2486 430 2566 redegeram
454 2506 520 2568 pro
556 2484 727 2549 Sereniss.
753 2485 861 2567 Rege
886 2486 1042 2566 Angliae
1072 2497 1109 2548 ut
1138 2487 1242 2550 unico
1275 2489 1401 2549 obtutu
1433 2486 1498 2549 sin-

220 2594 304 2672 gula
328 2614 411 2654 mox
436 2592 668 2675 conspiceret.

515 2789 702 2851 Fructus
726 2787 951 2869 germinis
974 2789 1208 2853 lutherani.

312 2913 472 2975 Rusticis
487 2914 743 2977 rebellantibus
763 2913 797 2976 in
815 2913 1064 2978 Marchionatu
1082 2915 1257 2996 Burgaro,
1282 2927 1500 2997 occuparunt

221 3020 355 3103 oppida
379 3020 581 3101 Leipheim,
615 3031 650 3083 et
684 3020 921 3102 Grietzburg:
954 3031 1080 3103 quarto
1105 3021 1240 3102 Aprilis
1273 3021 1368 3103 ligae
1401 3043 1498 3085 exer·

221 3126 311 3189 citus
336 3147 398 3190 eos
421 3127 561 3190 invadit
585 3149 630 3189 ex
653 3138 803 3208 utraque
819 3139 923 3210 parte
940 3128 1070 3209 Ripae,
1087 3138 1122 3190 et
1139 3128 1319 3211 profligat;
1344 3129 1501 3210 Joannes

224 3235 380 3313 Jacobus
404 3237 579 3316 plebanus
603 3234 837 3316 Capitaneus,
870 3256 948 3297 cum
980 3234 1058 3296 aliis
1088 3245 1223 3316 septem
1249 3236 1425 3317 capitibus
1449 3258 1499 3299 se·

224 3340 367 3404 ditionis
398 3341 514 3403 medio
548 3340 674 3403 itinere
710 3340 801 3404 inter
832 3341 1032 3425 Leipheim,
1064 3351 1100 3404 et
1132 3341 1270 3405 Ulmam
1304 3344 1501 3407 decollatus

220 3457 284 3527 est,
309 3447 403 3510 caesi
427 3458 518 3522 sunt,
543 3456 579 3509 et
603 3449 774 3511 submersi
846 3495 1354 3512 ..........
1401 3469 1499 3528 3700.

309 3553 387 3634 Quo
412 3554 532 3617 audito
556 3556 710 3618 rebelles
733 3555 769 3617 in
794 3555 1014 3636 Baltringen,
1031 3564 1067 3616 et
1083 3552 1331 3637 Schimelberg
1347 3557 1498 3639 dispersi

219 3671 317 3723 sunt:
344 3663 535 3724 subsecuta
558 3661 630 3743 liga
655 3661 739 3724 XII.
765 3661 901 3744 Aprilis
925 3661 1194 3743 comprehendit
1216 3664 1338 3744 plures
1362 3674 1496 3745 captos

223 3777 259 3829 et
281 3788 395 3850 prope
419 3769 589 3831 Wrtzach
613 3768 649 3831 in
674 3770 753 3831 loco
777 3769 952 3850 paludoso
977 3768 1107 3831 occidit
1177 3817 1184 3832 .
1233 3817 1240 3832 .
1289 3819 1296 3832 .
1344 3818 1352 3833 .
1404 3791 1496 3849 1500.

310 3874 466 3937 Cuneum
493 3876 720 3957 Algoiorum‚
756 3886 791 3938 et
828 3895 948 3937 eorum
985 3876 1042 3956 qui
1077 3866 1242 3937 accolunt
1276 3879 1389 3939 lacum
1427 3878 1500 3960 liga

220 3983 365 4044 volebat
394 3980 605 4065 profligasse
634 3983 698 4045 sed
721 3982 924 4044 interventu
959 3980 1112 4044 Senatus
1147 3982 1430 4064 Uberlingensis,
1464 3995 1499 4048 et

219 4088 532 4169 Ravenspurgen,
557 4108 598 4149 ac
612 4088 785 4151 Comitum
810 4090 855 4152 de
879 4087 1064 4168 Montfort,
1089 4108 1146 4151 res
1161 4088 1196 4150 in
1215 4108 1339 4169 pacem
1354 4100 1498 4170 mutata,

218 4214 322 4275 quam
346 4196 491 4257 accolae
515 4196 612 4257 lacus
640 4205 836 4265 servarunt.
861 4194 984 4276 Algoii
1006 4215 1077 4258 non
1100 4194 1194 4260 item.
1412 4276 1415 4282 ι

308 4300 560 4364 Rebellionem
583 4313 712 4383 parant
741 4302 814 4365 XV
840 4301 974 4383 Aprilis
1009 4301 1130 4364 rustici
1166 4302 1261 4364 circa
1284 4302 1497 4386 Winsperg:

219 4407 344 4470 missus
367 4408 450 4470 illuc
475 4406 601 4470 Comes
625 4409 670 4471 de
695 4408 935 4472 Helffenstein
960 4409 1163 4471 Ludovicus
1187 4430 1208 4471 a
1232 4409 1403 4490 regimine
1428 4411 1498 4474 Du-

218 4514 297 4595 cali,
336 4535 357 4576 a
381 4513 522 4576 rusticis
562 4515 685 4578 dolose
725 4515 1006 4596 circumventus,
1041 4536 1119 4579 cum
1154 4515 1286 4578 XXIII
1322 4517 1498 4581 nobilibus

218 4622 385 4684 atrociter
414 4619 595 4685 occiditur.
652 4622 762 4684 Totus
791 4623 952 4685 Ducatus
981 4623 1017 4686 in
1048 4623 1276 4687 rebellionem
1307 4625 1497 4708 conspirat,

218 4728 291 4810 liga
327 4747 389 4790 eos
423 4727 636 4808 insequitur,
676 4737 712 4789 et
747 4729 942 4791 exercitum
981 4729 1190 4792 rusticorum
1226 4730 1369 4814 attingit
1406 4732 1498 4796 inter

217 4834 382 4916 Bebling,
398 4844 433 4897 et
449 4832 704 4916 Scudelfingen
727 4837 821 4898 ultra
844 4836 1147 4918 Herrenbergam,
1176 4847 1211 4898 et
1235 4837 1309 4900 XII
1325 4838 1411 4901 Maii
1435 4859 1497 4902 eos

218 4942 293 5004 sine
318 4939 526 5004 difficultate
551 4941 661 5011 cedit:
687 4943 794 5005 occisi
818 4953 900 5005 sunt
925 4947 1021 5023 6465.

245 5066 326 5120 suan,
337 5066 482 5107 Documenta
491 5066 629 5107 Lutherauc.
1303 5051 1338 5108 35
