3559 5734
702 556 947 614 relatu*

274 702 422 767 Grande
455 704 665 785 meraviglia
689 705 707 767 ὸ
733 705 798 767 che
833 706 984 768 essendo
1018 705 1175 786 alquanti
1202 704 1365 767 Alemani
1400 704 1465 765 che

185 811 348 873 scriveno
373 820 497 875 contro
517 811 651 874 Luther
675 822 710 874 et
734 812 930 875 alemanice
955 822 990 874 et
1014 811 1133 892 latine,
1158 830 1227 873 non
1252 832 1290 873 se
1315 820 1465 872 trovano

183 918 390 1000 impressori
414 920 480 981 che
505 918 528 982 li
552 919 685 982 voliino
710 920 911 1001 imprimere
936 930 970 982 et
995 942 1033 982 se
1050 922 1177 983 alcuno
1202 940 1266 1000 per
1281 938 1370 999 gran
1388 938 1465 997 pre·

184 1026 310 1107 ghiere
335 1046 355 1089 o
372 1026 496 1090 denari
521 1029 555 1090 lo
579 1026 627 1110 sa,
653 1028 795 1091 subbito
819 1028 845 1091 li
861 1028 1055 1090 Lutherani
1072 1026 1097 1089 li
1114 1026 1209 1109 quali
1225 1029 1343 1088 hanno
1361 1028 1468 1087 borsa

184 1154 335 1197 comune
366 1155 467 1197 come
492 1135 515 1196 li
539 1134 696 1215 Marani,
729 1155 922 1217 comprano
949 1134 1036 1197 detti
1061 1133 1141 1196 libri
1173 1133 1362 1215 quantine
1387 1152 1465 1214 pos-

184 1240 261 1304 sino
286 1243 397 1304 havet
421 1252 457 1304 et
480 1242 504 1304 li
530 1243 784 1323 destruggeno.

274 1375 362 1437 Item
387 1395 457 1437 uno
482 1376 573 1438 frate
589 1375 752 1438 minorita
776 1376 822 1438 de
846 1377 1076 1440 observantia
1100 1376 1134 1439 in
1153 1376 1259 1439 Ulnia
1273 1374 1468 1456 predicava

184 1484 218 1542 al
242 1481 419 1563 principio
435 1482 471 1543 di
492 1482 701 1563 Quaresima
718 1486 1041 1546 orthodoxamente
1058 1485 1101 1546 ne
1119 1503 1229 1564 sapea
1245 1484 1355 1544 haver
1371 1480 1466 1563 audi·>

184 1589 268 1660 tori;
294 1588 353 1670 poi
378 1589 551 1675 comincio
575 1610 597 1652 a
620 1590 785 1671 predicar
809 1602 844 1679 et
860 1591 1013 1653 sostenir
1037 1593 1069 1653 le
1091 1588 1326 1672 propositioni
1352 1589 1417 1650 che
1432 1588 1466 1649 io

184 1697 316 1757 mando
342 1707 377 1759 et
401 1698 447 1758 ha
472 1717 644 1760 concorso
670 1698 705 1759 di
729 1706 821 1760 tutta
840 1700 875 1760 la
892 1712 997 1761 terra.
1037 1698 1075 1760 Io
1091 1696 1352 1760 communicato
1370 1695 1467 1758 dette

185 1803 422 1884 propositioni
455 1824 521 1866 con
556 1806 589 1867 el
614 1804 799 1867 confessor
832 1806 940 1869 chet
975 1806 1010 1867 di
1036 1807 1118 1887 quel
1143 1803 1267 1867 ordine
1301 1814 1337 1865 et
1361 1822 1467 1884 spero

185 1910 272 1972 dara
296 1912 463 1974 remedie.

276 2036 396 2099 Dicesi
421 2038 485 2100 che
510 2037 544 2100 in
570 2040 604 2100 la
628 2037 770 2101 diocese
787 2038 1000 2119 Moguntina
1024 2040 1042 2102 ὲ
1067 2048 1160 2101 stato
1183 2046 1397 2099 ammazzato
1422 2056 1467 2097 un

185 2152 299 2225 prete,
324 2145 454 2226 perche
480 2143 673 2226 predicava
696 2156 821 2208 contra
846 2147 997 2226 Luther‚
1029 2147 1174 2209 sedhic
1199 2165 1318 2207 rumor
1342 2153 1396 2206 est
1419 2142 1468 2204 in-

185 2262 314 2313 certus.
363 2251 408 2312 Di
442 2251 557 2333 questi
582 2251 728 2314 monstri
753 2253 838 2335 ogni
871 2254 907 2315 di
940 2252 998 2335 qui
1028 2275 1072 2315 ne
1097 2254 1247 2314 vedemo
1281 2262 1316 2315 et
1349 2251 1468 2313 udimo

185 2359 290 2437 assai,
315 2379 372 2421 ma
394 2379 449 2421 me
474 2379 539 2440 par
564 2359 742 2442 superfluo
768 2384 788 2424 a
813 2361 979 2425 scrivere.

277 2482 379 2546 Nunc
413 2496 582 2564 quantum
613 2485 740 2548 attinet
772 2509 793 2549 a
817 2487 934 2569 quelle
967 2486 1083 2568 gratie
1116 2487 1181 2548 che
1206 2487 1253 2547 ha
1281 2484 1371 2546 fatto
1396 2484 1470 2546 Sua

187 2590 327 2651 Santita
351 2593 385 2653 al
411 2590 590 2653 Camerier
615 2593 831 2657 Armestorff
852 2604 888 2657 et
912 2616 933 2656 a
957 2593 1072 2677 questi
1097 2593 1192 2673 altri,
1222 2592 1312 2674 sapii
1336 2594 1468 2655 Vostra

186 2697 355 2779 Signoria
380 2698 697 2762 Reverendissima
728 2722 847 2764 essere
881 2712 975 2765 stata
1005 2721 1075 2764 una
1106 2710 1208 2763 santa
1242 2711 1277 2763 et
1310 2698 1468 2781 proficua

186 2825 309 2887 opera,
334 2815 370 2869 et
394 2804 467 2869 cosi
491 2807 654 2889 supplico
679 2830 717 2871 se
741 2808 833 2872 faeci
859 2811 917 2872 del
941 2822 1048 2887 rest0,
1072 2810 1203 2890 perche
1228 2829 1300 2870 non
1324 2807 1352 2869 si
1379 2808 1469 2869 vede

185 2934 259 2974 una
292 2913 349 2975 via
373 2915 527 2976 humana
559 2914 683 2977 melior
716 2936 781 2997 per
804 2917 948 2998 mitigat
981 2925 1108 2997 questa
1132 2915 1371 2978 concitatione
1404 2916 1469 2976 che

185 3040 259 3081 non
274 3019 534 3101 gratificationi.
574 3022 662 3085 Esse
680 3022 898 3086 Armestorff
910 3025 958 3086 ha
978 3045 1047 3086 una
1064 3022 1310 3104 potentissima
1326 3024 1469 3103 lengun,

187 3138 224 3187 et
249 3128 357 3188 molto
382 3126 579 3207 extimad0‚
616 3150 706 3212 capo
732 3130 911 3193 obstinato
937 3133 1029 3192 dove
1055 3131 1084 3192 si
1109 3140 1233 3209 mette,
1271 3141 1306 3192 et
1330 3131 1348 3192 ὲ
1373 3133 1470 3191 buon

187 3234 443 3314 gentilhuomo
491 3235 561 3298 Per
592 3236 616 3298 il
644 3237 758 3319 primo
783 3238 929 3300 corrieri
955 3236 1064 3300 Cesar
1095 3247 1130 3299 et
1155 3238 1253 3300 detto
1278 3236 1469 3298 Camarieri

188 3340 386 3422 regratiara
410 3362 476 3423 per
499 3363 561 3406 sue
585 3345 690 3407 lettre
716 3342 789 3407 Sua
813 3343 970 3425 Santit‘a‚
1004 3354 1039 3407 et
1063 3344 1087 3407 li
1112 3345 1191 3408 altri
1216 3366 1237 3406 a
1261 3344 1317 3407 chi
1342 3365 1469 3426 appar-

187 3449 295 3510 tiene.
350 3449 392 3511 El
431 3451 597 3531 predetto
629 3451 822 3515 Camerieri
853 3452 1070 3515 Armestorff
1106 3453 1152 3514 ha
1183 3451 1469 3515 recomminciato

189 3557 284 3639 apud
318 3577 441 3619 omnes
473 3558 639 3639 predicar
669 3561 702 3621 le
731 3558 827 3621 laudi
858 3561 917 3622 del
940 3560 1257 3622 Reverendissimo
1282 3559 1470 3622 Cardinale

189 3663 336 3744 Egidio,
374 3684 474 3727 come
505 3666 617 3745 primo
649 3667 682 3728 el
712 3665 831 3748 facea,
868 3678 904 3729 et
936 3667 953 3729 ἐ
986 3668 1032 3729 da
1062 3687 1180 3729 nuovo
1211 3676 1300 3728 tutto
1333 3666 1368 3728 di
1397 3666 1470 3729 Sua

114 3792 118 3800 ·
190 3769 358 3852 Signoria
384 3771 718 3849 Reverendissima‚
752 3775 889 3836 bench&
918 3776 1024 3855 (quod
1048 3774 1132 3836 mihi
1161 3774 1314 3836 maxime
1340 3754 1475 3855 placet)

190 3878 239 3939 lui
263 3879 525 3959 comprehende
551 3889 586 3941 et
610 3879 773 3943 confessa
797 3883 862 3943 che
886 3902 951 3962 per
974 3882 1119 3963 meggio
1144 3880 1179 3943 di
1195 3881 1327 3943 Vostra
1343 3880 1467 3963 Signo-

190 3985 244 4047 ria
267 3985 600 4069 Reverendissima,
638 3988 693 4050 cui
727 4007 796 4070 ego
830 4009 972 4051 causam
1006 3990 1354 4067 commendaveram,
1392 3990 1469 4071 ipse

191 4092 258 4155 fuit
280 4092 355 4155 voti
376 4114 532 4175 compos,
557 4096 684 4157 Donde
702 4095 779 4157 dice
801 4097 866 4157 che
882 4118 919 4157 se
937 4095 1031 4158 tiene
1049 4096 1108 4177 piu
1125 4096 1284 4177 obligato
1303 4118 1323 4159 a
1338 4096 1469 4158 Nostro

191 4198 345 4281 Signore
370 4211 450 4263 eta
466 4202 599 4265 Vostra
623 4201 791 4284 Signoria
806 4204 1122 4266 Reverendissima
1146 4206 1211 4267 che
1236 4226 1274 4265 se
1298 4205 1322 4266 li
1347 4206 1469 4266 haves-

191 4327 271 4368 sero
295 4309 386 4370 altre
410 4310 506 4371 volte
532 4310 663 4371 donato
688 4310 791 4373 Dieci
815 4310 909 4373 mille
935 4310 1051 4373 ducati
1076 4311 1111 4373 di
1135 4310 1315 4391 beneficii,
1340 4312 1469 4394 perche

192 4417 319 4477 elnon
345 4426 453 4497 potea
476 4418 647 4498 tolerare,
679 4419 744 4481 che
769 4418 876 4500 dopoi
901 4420 966 4480 che
992 4418 1064 4481 Suo
1088 4419 1229 4482 fratello
1255 4440 1332 4481 cum
1357 4421 1470 4481 solen·

192 4522 264 4584 nita
289 4543 350 4584 era
374 4532 466 4586 stato
491 4545 606 4588 messo
630 4524 667 4586 in
691 4525 927 4606 possessione,
953 4534 989 4588 et
1012 4546 1195 4607 promesso
1221 4526 1279 4588 alli
1303 4525 1469 4588 Canonici

193 4629 229 4692 di
252 4631 407 4694 renderli
430 4632 576 4694 indenni
601 4633 646 4695 da
669 4652 818 4695 censure
843 4644 878 4696 et
902 4633 982 4695 altri
1006 4633 1268 4696 inconvenienti
1293 4654 1371 4696 curn
1392 4655 1468 4715 spe-

192 4759 299 4802 ranza
333 4741 429 4801 della
462 4759 608 4802 reserva
644 4743 701 4804 del
737 4740 1054 4803 Reverendissimo
1085 4740 1289 4821 Cardinaie,
1325 4743 1470 4803 tandem

193 4846 289 4909 fusse
320 4845 391 4910 cosi
416 4845 769 4930 ignominiosamente
794 4856 842 4929 (ut
866 4848 934 4929 ipsi
958 4848 1095 4930 putant)
1128 4858 1291 4929 extruso,
1327 4858 1362 4912 et
1386 4852 1469 4910 ben-
