3559 5734
692 518 938 582 0{Mitti-²⁶

174 678 209 732 et
239 668 373 734 ibidem
405 679 563 735 nostram
594 681 630 733 et
660 670 752 734 sacri
782 671 922 754 imperii
947 680 1100 733 statuum
1126 666 1373 733 tractationem
1398 686 1456 731 ex·

172 786 336 860 pectere,
368 789 404 841 et
428 779 558 842 deinde
583 782 628 842 ab
654 779 735 843 hinc
759 799 871 860 usque
895 779 941 841 ad
966 799 1065 842 suam
1089 777 1315 841 securitatem
1339 776 1457 838 redire

173 885 323 966 debeat,
355 895 390 949 et
423 886 538 968 possit
569 906 590 948 a
615 886 718 948 nobis
743 895 779 949 et
802 886 978 949 universis
1002 885 1140 965 illesus,
1173 894 1209 947 et
1233 882 1374 947 minime
1398 883 1456 946 im·

173 993 334 1075 peditus;
358 1005 395 1057 et
418 995 500 1057 ideo
521 996 728 1057 mandamus
744 993 918 1057 universis
934 1004 969 1057 et
986 993 1136 1075 singulis
1150 991 1375 1056 Eiectoribus
1389 1000 1457 1053 etc.

173 1102 269 1181 quod
298 1100 501 1165 huiusmodi
531 1112 689 1165 nostrum
723 1111 758 1163 et
788 1102 879 1164 sacri
912 1101 1051 1183 imperii
1074 1101 1210 1163 salvum
1235 1101 1458 1178 conductum,

173 1218 209 1270 et
241 1208 470 1272 securitatem
500 1209 537 1273 in
570 1210 666 1272 dicto
690 1208 848 1272 Luthero
880 1207 1028 1271 firmiter
1052 1218 1088 1271 et
1111 1206 1365 1270 inviolabiliter
1388 1225 1456 1268 ser·

173 1326 277 1395 vent,
309 1316 415 1379 etiam
445 1314 479 1377 in
511 1335 657 1379 accessu
689 1327 724 1378 et
752 1335 896 1378 recessu
921 1335 985 1377 suo
1009 1318 1055 1377 ad
1080 1316 1221 1377 domum
1245 1313 1458 1392 conducant,

174 1431 210 1484 et
234 1423 385 1485 conduci
410 1422 560 1501 faciant,
590 1432 627 1485 et
649 1422 805 1486 iubeant.
852 1422 897 1484 Et
922 1434 1046 1486 contra
1069 1423 1138 1485 hoc
1163 1441 1233 1484 non
1258 1421 1460 1499 molestent,

173 1549 239 1591 seu
267 1531 498 1610 perturbent,
531 1539 592 1592 aut
624 1532 670 1592 ab
701 1529 819 1610 aliquo
852 1530 1032 1592 hominum
1055 1528 1132 1592 fieri
1156 1528 1363 1611 permittant
1386 1529 1458 1590 ullo

173 1637 298 1699 modo:
332 1638 366 1698 in
398 1648 568 1718 quantum
598 1637 788 1718 unicuique
819 1647 976 1700 vestrum
1008 1657 1129 1700 carum
1160 1646 1214 1699 est
1242 1645 1460 1698 nostramet

174 1743 267 1806 sacri
292 1743 431 1826 imperii
454 1743 734 1826 indignationem
759 1744 1005 1824 gravissimam
1026 1744 1172 1807 evitare.
1212 1744 1343 1805 Datum
1356 1741 1458 1804 Wor-

174 1851 315 1914 matiae.

790 2264 845 2331 47.

263 2389 475 2471 Mandatum
503 2367 696 2493 imperiale
723 2389 1035 2471 interlocutorum
1062 2410 1169 2490 super
1196 2388 1372 2468 librorum

515 2516 802 2597 lutheranorum
830 2514 1121 2615 sequestratione.

626 2675 709 2741 (Acta
726 2672 861 2732 wormac.
878 2671 925 2731 lot
942 2672 1010 2740 toa)

269 2798 415 2864 Carolus
429 2814 494 2869 etc.
509 2803 682 2866 universis
695 2811 732 2866 et
747 2800 1138 2882 singulisElectoribus,
1148 2799 1379 2881 principibus,
1390 2810 1460 2867 tam

177 2906 447 2990 Ecclesiasticis,
461 2930 567 2991 quam
579 2910 831 2990 saecularibus
844 2908 1024 2991 praelatis
1043 2908 1241 2985 comitibus,
1258 2908 1460 2985 baronibus,

177 3014 366 3096 nobilibus,
379 3016 558 3098 militibus,
569 3018 766 3096 clientibus,
777 3017 985 3099 capitaneiS,
996 3015 1232 3098 praesidibus
1246 3016 1460 3094 castellanis,

177 3121 420 3207 vicedominis,
434 3124 637 3208 praefectis,
653 3124 953 3206 vicegerentibuS,
970 3122 1140 3205 scultetis,
1163 3121 1460 3203 burgimagistris,

178 3228 364 3313 iudicibus,
376 3233 590 3315 consulibus,
604 3233 742 3296 civibus
756 3244 791 3295 et
804 3232 1114 3296 communitatibus
1127 3251 1168 3294 ac
1182 3230 1461 3312 quibuscumque

179 3336 257 3398 aliis
280 3338 412 3401 nostris
436 3351 471 3401 et
494 3339 586 3403 sacri
610 3340 759 3422 imperii,
783 3361 825 3404 ac
850 3340 958 3403 etiam
981 3338 1240 3421 principatuum
1262 3347 1460 3400 nostrorum

178 3445 505 3527 haereditariorum,
530 3460 566 3510 et
589 3449 850 3530 provinciarum
875 3446 1043 3526 subditis,
1075 3457 1109 3509 et
1134 3445 1299 3509 fidelibus
1323 3445 1461 3508 dilectis

178 3553 428 3635 cujuscumque
452 3555 647 3637 dignitatis,
673 3567 795 3635 status,
821 3566 881 3618 aut
905 3554 1117 3618 conditionis
1142 3554 1282 3631 fuerint,
1308 3552 1461 3633 gratiam

179 3669 335 3723 nostram
360 3661 587 3743 Caesaream,
613 3673 649 3727 et
672 3684 776 3726 omne
800 3667 948 3727 bonum:
982 3662 1190 3725 Reverendi
1216 3661 1461 3740 Venerabiles,

180 3766 337 3830 illustres
346 3800 366 3847 ,·
388 3769 567 3851 magnifici
576 3818 585 3851 ,
619 3770 776 3850 nobiles,
811 3781 845 3832 et
876 3769 1104 3833 honorabiles
1129 3768 1230 3831 amici
1255 3779 1291 3830 et
1314 3787 1459 3830 consan-

181 3874 299 3953 guinei
325 3876 437 3938 nostri
461 3877 667 3957 charissimi,
693 3878 885 3959 Electores,
911 3875 1100 3958 principeS,
1133 3875 1254 3938 devoti
1279 3885 1314 3937 et
1336 3873 1464 3936 fideles

182 3979 310 4045 dilecti.
358 3983 443 4064 Nos,
468 3996 503 4046 et
527 3984 676 4065 quilibet
700 3994 856 4047 vestrum
881 3988 974 4047 bene
998 3982 1170 4061 novimus,
1197 3982 1316 4064 qualia
1340 3983 1461 4059 verba,

181 4088 395 4170 scripturae,
431 4102 467 4154 et
502 4092 582 4154 libri
617 4113 683 4174 per
716 4093 909 4154 Martinum
943 4092 1135 4153 lutherum
1172 4089 1306 4154 ordinis
1338 4085 1460 4150 Sancti

183 4194 390 4277 Augustini,
422 4208 458 4259 et
488 4200 523 4260 in
556 4200 697 4263 nomine
728 4220 792 4262 suo
822 4219 888 4281 per
918 4197 1062 4278 aliquod
1091 4207 1231 4279 tempus
1254 4194 1461 4278 praedicati,

183 4302 317 4384 scripti,
346 4305 441 4366 etin
465 4305 576 4368 latino
600 4327 642 4369 ac
666 4306 871 4387 germanico
896 4305 1064 4368 idiomate
1088 4303 1269 4386 impressi,
1291 4314 1325 4364 et
1349 4304 1460 4384 publi-

183 4410 250 4471 cati
272 4410 416 4491 fuerint,
441 4413 500 4494 qui
525 4424 667 4477 nostrae
691 4424 837 4477 sanctae
860 4413 955 4492 fidei,
981 4422 1016 4475 et
1032 4411 1254 4475 Christianae
1278 4410 1461 4472 doctrinae

182 4516 317 4600 ritibus,
342 4530 378 4581 et
402 4520 543 4602 legibus
567 4521 710 4584 omnino
733 4522 911 4600 contrarii,
936 4531 971 4583 et
987 4520 1167 4583 offensivi:
1193 4537 1461 4602 quorumquam

183 4625 335 4688 maxima
366 4647 450 4708 pars
482 4627 518 4690 in
543 4648 645 4691 sacro
670 4628 830 4691 Concilio
856 4627 1128 4690 Constantiense
1152 4647 1230 4689 cum
1255 4624 1402 4687 consilio
1427 4635 1462 4687 et

184 4751 327 4796 assensu
351 4733 597 4799 Romanorum
619 4735 859 4817 Imperatoris
890 4755 931 4797 ac
956 4734 1061 4797 etiam
1086 4733 1239 4797 omnium
1263 4733 1462 4815 principum

185 4856 219 4908 et
242 4845 475 4909 communium
504 4865 545 4907 ac
569 4843 762 4925 precipuae
787 4841 1022 4906 Germanicae
1056 4840 1207 4905 nationis
1239 4840 1394 4904 damnati
1427 4850 1463 4903 et
