3559 5734
727 511 973 572 Quoue-0

213 662 376 726 dubitare
401 663 484 745 quin
509 659 567 724 8¹²⁸
583 662 626 727 D.
650 661 693 726 N.
721 663 818 725 bono
849 671 885 726 et
919 662 1087 745 prudenti
1123 664 1271 727 consilio
1308 684 1392 728 usus
1425 659 1493 727 sibi

216 769 391 833 silentium
423 771 469 834 de
500 769 648 833 Erasmo
677 769 930 852 imponendum
960 770 1171 844 censuisset;
1211 774 1375 854 velleque
1406 772 1493 835 illud

216 886 361 940 eatenus
384 897 529 941 servare
553 885 728 958 quatenus
753 875 789 939 S.
814 876 857 939 D.
883 875 925 940 N.
950 878 1138 941 mandasse
1162 879 1341 952 crederet;
1374 879 1410 942 id
1440 889 1495 943 est

213 993 251 1045 ut
282 1004 303 1047 a
335 983 583 1047 maledicentia
612 982 646 1045 in
672 983 861 1045 Erasmum
889 984 1097 1047 nominatim
1121 988 1324 1048 exercenda
1348 1006 1494 1067 prorsus

214 1091 419 1172 abstineret,
443 1100 549 1172 prout
572 1089 748 1153 facturum
772 1111 810 1153 se
835 1111 873 1153 se
896 1091 965 1154 iam
990 1102 1073 1154 tunc
1097 1093 1276 1174 pollicitus
1297 1107 1361 1171 est,
1385 1094 1492 1175 plane

214 1198 425 1280 promittens
456 1219 495 1261 se
526 1199 710 1261 Erasmum
746 1198 896 1280 amplius
929 1198 1145 1261 haereticum
1170 1201 1354 1282 appellare
1387 1200 1493 1280 nolle,

213 1317 319 1385 prout
347 1304 445 1387 prius
469 1304 658 1386 aliquoties
688 1307 746 1367 vel
775 1304 909 1368 dixisse
943 1306 1001 1367 vel
1030 1307 1155 1368 saltem
1186 1305 1342 1370 innuisse
1373 1327 1412 1369 se
1435 1306 1494 1369 mi·

215 1413 307 1474 nime
331 1410 570 1492 inficiebatur,
609 1432 678 1474 non
703 1411 845 1494 quidem
869 1412 952 1475 odio
976 1433 1152 1494 personae
1176 1413 1280 1475 adid
1304 1414 1495 1477 adductum

216 1539 321 1600 quam
346 1539 415 1582 una
440 1540 519 1582 cum
542 1519 670 1582 litteris
693 1538 833 1600 semper
857 1528 1025 1598 amasset,
1059 1520 1122 1582 sed
1147 1522 1223 1583 zelo
1247 1520 1330 1583 fidei
1354 1520 1410 1584 cui
1435 1541 1493 1584 ex-

214 1626 340 1707 pedire
364 1626 468 1689 immo
494 1625 729 1689 necessarium
755 1646 834 1688 esse
858 1626 1036 1705 duxisset,
1068 1626 1232 1690 fidelibus
1264 1628 1390 1710 quibus
1420 1648 1492 1690 ver·

216 1736 298 1795 bum
317 1733 385 1796 Dei
409 1754 453 1796 ex
480 1731 598 1796 officio
622 1733 839 1796 annunciare
864 1734 1001 1814 debuit,
1027 1734 1233 1816 patefacere
1258 1747 1293 1798 et
1317 1735 1495 1800 insinuare

216 1840 383 1922 quidnam
408 1840 453 1903 de
478 1839 614 1903 Erasmi
644 1839 785 1922 scriptis
819 1861 888 1903 non
922 1841 1045 1924 paucis
1077 1841 1280 1922 pernitiosis
1316 1842 1496 1905 erroribus

216 1948 350 2028 ubique
373 1948 562 2029 respersiS,
600 1948 733 2011 sentire
757 1948 948 2027 deberent,
981 1968 1025 2011 ne
1061 1948 1229 2011 videlicet
1259 1949 1394 2031 pariter
1418 1969 1496 2012 cum

217 2055 358 2118 mellitis
387 2067 422 2118 et
455 2053 589 2117 ornatis
616 2054 767 2117 hominis
801 2054 920 2117 verbis
953 2074 1093 2118 venena
1128 2076 1292 2119 sensuum
1327 2057 1393 2118 sub
1427 2055 1496 2118 illis

219 2162 367 2225 latentia
400 2162 614 2225 imbiberent
649 2171 685 2225 et
718 2171 756 2224 ut
790 2161 914 2223 videas
950 2159 1089 2246 (inquit)
1122 2163 1299 2244 quomodo
1331 2163 1495 2225 Erasmus

220 2289 307 2351 erga
332 2270 478 2332 Lutheri
502 2269 715 2332 diabolicum
740 2279 881 2349 ceptum
908 2277 944 2330 et
967 2267 1163 2332 iustitutum
1195 2272 1240 2332 ab
1265 2268 1365 2354 initio
1388 2269 1496 2333 fuerit

218 2376 386 2457 affectuS,
416 2377 506 2440 scito
530 2377 626 2439 illum
651 2376 686 2438 in
711 2377 862 2457 quadam
894 2375 1045 2456 epistola
1081 2378 1124 2439 ad
1157 2378 1369 2457 Lutherum‚
1404 2397 1496 2458 quae

218 2485 336 2565 palam
361 2484 625 2563 circumfertur,
660 2482 846 2565 scripsisse
877 2485 966 2544 haec
997 2485 1126 2545 verba:
1151 2483 1252 2545 Haec
1283 2483 1400 2546 scribo
1424 2503 1495 2547 non

217 2602 255 2652 ut
278 2591 407 2672 facias,
445 2594 507 2654 sed
543 2601 581 2653 ut
620 2593 714 2672 quod
749 2589 853 2669 facis,
888 2599 1063 2671 perpetuo
1094 2589 1221 2663 facias;
1255 2611 1346 2672 quae
1370 2593 1493 2672 verba,

218 2697 339 2760 nescio
364 2697 501 2788 (inquit)
527 2718 597 2780 quo
622 2697 717 2761 facto
741 2718 763 2760 a
787 2717 964 2779 quoquam
996 2697 1030 2758 in
1062 2699 1193 2760 bonam
1229 2698 1494 2781 parteminter·

217 2804 349 2886 pretari
373 2816 537 2887 possent,
567 2814 627 2868 aut
657 2805 835 2887 quomodo
861 2824 930 2886 ego
954 2803 1168 2885 reprehendi
1191 2804 1226 2866 in
1252 2824 1295 2868 eo
1319 2807 1415 2886 quod
1439 2825 1495 2868 au·

218 2910 351 2974 ditores
388 2932 485 2975 meos
520 2912 687 2975 admonui
729 2931 773 2974 ne
809 2911 956 2973 Erasmo
992 2911 1138 2991 eiusque
1171 2910 1314 2993 scriptis
1354 2912 1497 2975 nimium

216 3016 379 3082 fiderent.
429 3018 528 3082 Haec
565 3029 600 3081 et
632 3019 687 3082 his
711 3019 839 3081 similia
864 3019 973 3081 multa
997 3017 1145 3081 adduxit
1169 3020 1214 3080 ad
1239 3020 1497 3082 ostendendum

217 3145 256 3188 se
280 3126 406 3188 merito
432 3137 467 3188 et
492 3148 537 3190 ex
561 3126 692 3189 iudicio
717 3126 822 3189 immo
855 3146 900 3187 ex
935 3125 1056 3187 debito
1088 3125 1124 3186 in
1149 3125 1331 3187 Erasmum
1362 3125 1496 3190 dixisse

217 3251 461 3314 quaecumque
486 3231 646 3313 dixisset,
671 3244 705 3295 et
731 3253 850 3295 omnes
875 3230 977 3294 verbi
993 3231 1060 3295 Dei
1075 3231 1343 3313 praedicatores
1368 3234 1494 3296 eadem

218 3338 336 3402 dicere
361 3341 538 3421 debuisse,
562 3343 629 3403 hoc
645 3339 797 3403 maxime
812 3348 973 3422 tempore
991 3358 1060 3420 quo
1076 3338 1236 3402 homines
1262 3339 1375 3421 magis
1400 3359 1493 3403 nova

218 3455 254 3507 et
269 3445 394 3509 insana
412 3448 580 3528 dogmata
603 3433 708 3528 quam
732 3466 836 3509 veras
861 3455 897 3509 et
920 3444 1114 3508 catholicas
1138 3446 1320 3509 doctrinas
1335 3445 1493 3529 prurien-

217 3551 312 3614 tibus
351 3553 495 3617 auribus
531 3553 749 3636 exciperent.
804 3552 883 3620 Hoc
912 3562 1029 3615 tamen
1065 3551 1134 3614 fine
1166 3572 1365 3616 sermonem
1396 3574 1496 3617 suum

217 3661 400 3739 conclusit,
424 3671 463 3724 ut
486 3662 628 3724 omnino
661 3670 812 3741 negaret
849 3680 888 3722 se
921 3659 1109 3740 quicquam
1142 3659 1291 3740 amplius
1315 3660 1436 3722 acerbi
1459 3661 1495 3725 in

218 3766 399 3830 Erasmum
424 3769 628 3831 nominatim
653 3768 844 3846 dicturum,
877 3767 1067 3829 dummodo
1102 3777 1219 3829 tamen
1250 3766 1309 3829 ille
1340 3766 1494 3832 vicissim

216 3874 414 3938 abstineret
443 3897 464 3937 a
496 3875 685 3938 scribendo
717 3874 752 3936 in
787 3873 870 3937 fidei
901 3883 1187 3955 propugnatores
1219 3893 1262 3937 ea
1292 3894 1383 3955 quae
1415 3875 1495 3939 illos

218 3984 314 4062 apud
345 3986 515 4064 populum
547 3981 832 4063 contemptibiles
863 3991 898 4043 et
926 3979 1155 4060 auctoritate,
1184 3979 1313 4043 talibus
1343 3981 1494 4045 maxime

220 4081 432 4170 necessaria,
457 4100 620 4152 carentes
643 4089 794 4152 reddere
818 4099 976 4170 possent.
1013 4088 1071 4150 Ad
1097 4088 1191 4168 quod
1216 4087 1312 4150 illum
1337 4087 1495 4152 similiter

216 4215 282 4277 per
306 4195 396 4258 S¹mun
419 4198 463 4260 D.
490 4197 530 4260 N.
561 4196 710 4278 astringi
735 4194 976 4278 supplicabat;
1008 4214 1124 4274 neque
1160 4193 1252 4256 enim
1283 4196 1354 4256 ullo
1387 4205 1493 4276 pacto

218 4302 348 4365 adduci
371 4304 487 4385 potuit
510 4313 549 4367 ut
573 4305 736 4365 crederet
760 4323 838 4366 esse
870 4301 998 4364 mentis
1015 4299 1063 4362 8¹⁸
1084 4300 1179 4363 Suae
1199 4300 1345 4363 Erasmo
1363 4302 1495 4365 debere

217 4409 330 4473 libere
354 4410 511 4474 scribere
536 4430 780 4492 quaecumque
811 4411 919 4471 vellet
952 4408 986 4469 in
1011 4407 1277 4489 praedicatores
1301 4407 1495 4471 catholicos

218 4537 351 4599 eosque
375 4518 470 4581 mille
496 4517 710 4600 contemptis
743 4528 778 4580 et
802 4515 957 4579 ridiculis
985 4515 1168 4578 vocabulis
1193 4516 1397 4596 appellare;
1422 4536 1492 4577 non

216 4624 324 4688 licere
348 4624 557 4688 autemillis
581 4645 659 4687 sese
679 4625 851 4687 adversus
874 4623 968 4685 illius
992 4623 1134 4704 scripta,
1158 4622 1268 4684 multo
1296 4620 1401 4684 latius
1432 4642 1491 4703 pa·

215 4732 327 4796 tentia
350 4732 470 4796 verbis
494 4753 577 4795 mox
601 4730 906 4810 evanescentibus
936 4741 971 4792 et
991 4749 1131 4811 semper
1155 4726 1346 4810 loquentia,
1371 4727 1492 4792 defen·

216 4842 314 4904 dere.
359 4840 523 4923 Denique
546 4839 581 4901 in
607 4839 758 4922 epistola
782 4838 953 4920 quadam,
982 4856 1085 4918 quam
1122 4835 1215 4898 idem
1239 4834 1494 4917 Egmondanus
