3559 5734
855 503 1102 562 edatius

338 649 460 714 divina
485 649 597 715 offitia
622 669 661 715 ac
687 650 819 716 Sacros
843 652 946 734 ritus,
981 652 1185 735 germanico
1211 650 1391 733 ydiomate
1416 648 1621 714 enunctiant

338 759 464 840 partim
490 770 525 822 et
549 762 793 840 aboleverunt,
820 760 926 842 impie
951 780 1092 842 quoque
1117 760 1374 840 dogmatizant,
1399 758 1435 821 id
1459 758 1620 841 apprime

338 877 508 936 conantes
532 888 601 948 quo
626 870 796 950 populum
822 871 866 931 ab
893 868 1099 930 obedientia
1114 867 1158 930 V.
1175 865 1211 930 S.
1237 879 1273 929 et
1297 867 1451 949 denique
1467 867 1621 947 singulo-

337 995 412 1036 rum
437 974 658 1055 superiorum
682 974 767 1054 iugo
784 987 966 1057 avertant.
990 975 1235 1037 Consideranti
1254 974 1427 1055 siquidem
1440 973 1525 1036 mihi
1543 994 1622 1036 eam

337 1082 562 1143 seductorum
594 1082 700 1143 etiam
732 1081 767 1143 in
799 1081 942 1144 diversa
973 1081 1192 1144 tendentium
1224 1081 1429 1160 colluviem,
1465 1101 1510 1142 ne
1542 1100 1622 1142 cum

336 1187 415 1249 aliis
446 1187 587 1250 silentio
611 1196 811 1269 torperem,
849 1187 981 1251 ambivi
1005 1187 1222 1269 Episcopum
1245 1187 1348 1268 hujus
1371 1188 1441 1250 loci
1472 1196 1508 1250 et
1532 1187 1622 1249 alios

338 1294 530 1376 dignioreS,
557 1294 615 1376 qui
639 1295 675 1356 in
699 1315 773 1357 rem
793 1294 985 1357 necessarii
1002 1295 1226 1372 videbantur,
1252 1294 1458 1376 frequenter
1472 1296 1621 1376 pulsans

337 1423 455 1464 eorum
481 1402 637 1482 animos,
663 1410 837 1484 quatenus
861 1400 1066 1483 vigilantius
1090 1400 1277 1464 Dominico
1303 1400 1416 1481 Gregi
1439 1400 1618 1483 prospice-

336 1518 426 1587 rent,
451 1520 486 1570 et
509 1509 645 1571 heresis
669 1508 890 1571 scismatisve
908 1508 1090 1571 criminum
1110 1528 1192 1571 reos
1208 1507 1314 1570 etiam
1330 1507 1489 1588 potiores
1504 1507 1621 1589 primo

336 1626 605 1697 oppugnarent,
642 1615 700 1697 qui
731 1615 760 1678 sl
785 1614 979 1678 deficerent
1009 1614 1195 1678 inferiores
1227 1614 1331 1677 facile
1363 1623 1620 1678 everterentur.

335 1722 469 1784 Durum
495 1732 612 1784 autem
631 1721 812 1802 negotium
836 1721 999 1804 pluribus
1014 1722 1128 1785 visum
1153 1721 1229 1802 fuit,
1253 1731 1327 1784 tum
1350 1741 1394 1785 eo
1410 1722 1524 1803 magis
1548 1742 1621 1804 quo

335 1828 413 1891 aliis
444 1828 668 1910 coepiscopis
698 1828 960 1890 remorantibus
990 1829 1095 1910 primi
1122 1850 1187 1892 nos
1211 1828 1406 1910 periculum
1439 1828 1623 1909 experturi

335 1934 553 2007 videremur;
578 1936 722 1997 tandem
746 1935 881 2016 placuit
905 1934 1088 2015 negotium
1112 1934 1274 2017 aggredi.
1322 1935 1447 2016 Itaque
1465 1936 1535 1998 duo
1550 1955 1621 1997 ma·

336 2041 506 2104 ximarum
530 2041 806 2122 parrochialium
830 2050 1009 2121 rectores,
1033 2040 1206 2123 prepositi
1230 2041 1434 2122 nuncupati,
1460 2051 1495 2104 et
1519 2040 1623 2104 simul

335 2149 433 2229 prior
458 2148 662 2210 monasterii
688 2147 966 2229 Augustinensis
990 2147 1088 2229 opidi
1104 2148 1339 2230 Nurenberge
1363 2147 1493 2229 prefati
1517 2148 1624 2230 primi

336 2256 475 2318 evocati
512 2256 558 2317 ad
589 2254 826 2337 personaliter
859 2258 1138 2337 comparendum
1168 2276 1278 2337 seque
1306 2258 1548 2337 purgandum
1587 2267 1623 2318 et

335 2364 417 2424 dum
442 2364 486 2425 de
512 2373 656 2425 auctore
682 2361 741 2444 qui
764 2361 841 2424 fisci
866 2361 1010 2425 nomine
1035 2372 1159 2425 contra
1183 2363 1327 2425 eosdem
1352 2371 1545 2442 exurgeret
1569 2362 1619 2425 in-

336 2470 551 2551 quireretur,
587 2469 665 2531 aliis
690 2469 823 2549 dubiis,
861 2469 1066 2532 timentibus
1090 2468 1168 2531 aliis
1193 2468 1476 2532 adversariorum
1500 2489 1620 2532 versu·

336 2577 418 2638 tiam
451 2587 486 2639 et
509 2576 679 2658 loquendi
704 2576 790 2656 vim,
826 2576 1047 2657 singulorum
1076 2585 1270 2638 nostratum
1295 2587 1379 2638 voto
1412 2574 1621 2658 designatus

335 2704 403 2766 ego
437 2682 507 2758 fui;
543 2683 602 2765 qui
628 2683 800 2746 eiusmodi
825 2703 915 2746 onus
939 2692 1035 2746 certe
1059 2682 1255 2764 perdificile
1291 2691 1326 2745 et
1358 2685 1453 2765 apud
1477 2684 1620 2764 plebem

336 2790 582 2854 exosissimum
605 2789 822 2873 propietate
839 2799 958 2853 autem
982 2792 1016 2852 in
1033 2792 1148 2853 Deum
1173 2800 1208 2852 et
1225 2801 1382 2852 sanctam
1398 2789 1516 2872 fidem,
1541 2812 1620 2874 pro·

336 2919 405 2981 que
437 2900 573 2960 honore
598 2899 635 2960 S.
661 2897 703 2960 V.
736 2897 787 2959 uti
818 2896 926 2960 fidum
959 2897 1189 2978 mancipium,
1225 2897 1355 2978 spretis
1387 2898 1620 2979 popularibus

338 3005 427 3069 odiis
452 3012 488 3066 et
511 3013 608 3066 certe
632 3004 774 3067 summis
798 3004 983 3086 periculis,
1009 3005 1100 3066 letus
1124 3005 1275 3086 suscepi.
1323 3004 1621 3087 Comparantibus

335 3112 455 3193 itaque
480 3109 695 3173 adversariis
721 3131 800 3173 cum
823 3115 933 3174 multo
958 3130 1100 3174 suorum
1124 3110 1303 3193 comitatu,
1328 3112 1514 3194 quatriduo
1540 3133 1618 3175 con-

336 3219 445 3296 tinuo,
471 3219 549 3280 Deo
566 3217 660 3279 vires
683 3217 915 3301 ministrante,
941 3217 1074 3281 eisdem
1090 3218 1126 3280 in
1142 3218 1264 3281 fatiem
1279 3219 1403 3301 restiti,
1427 3239 1620 3301 eorumque

335 3325 484 3407 perfidie
509 3323 709 3387 testimonia
732 3327 778 3387 ab
801 3326 852 3387 eis
875 3325 962 3406 ipsis
987 3324 1131 3404 extorsi,
1156 3324 1217 3407 qui
1233 3326 1315 3388 dum
1339 3327 1410 3389 alio
1427 3326 1620 3391 deficerent

335 3433 371 3495 in
394 3432 548 3495 furorem
573 3431 687 3511 versi,
720 3430 854 3494 furioso
879 3431 1041 3494 mendaci
1065 3432 1187 3494 libello
1217 3453 1272 3494 me
1297 3432 1485 3513 petierunt.
1529 3432 1617 3498 Sub

335 3538 418 3602 inde
442 3536 580 3621 prefixo
614 3538 684 3600 alio
709 3538 767 3601 die
791 3538 967 3602 sententie
991 3538 1186 3618 audiende,
1222 3559 1300 3601 cum
1328 3540 1483 3622 denique
1507 3542 1618 3604 maior

336 3665 419 3727 pars
442 3654 647 3725 nostratum,
672 3645 786 3726 primo
811 3645 846 3707 in
871 3645 1043 3708 leniorem
1059 3655 1198 3727 partem
1213 3646 1385 3710 inclinare
1400 3647 1617 3729 viderentur,

337 3772 406 3833 quo
417 3751 1618 3832 videlicetadversarii,Ecclesiasticoexcommunicationedumtaxat

336 3858 542 3938 ferirentur,
578 3858 823 3922 vehementius
847 3859 957 3922 institi
988 3869 1026 3921 ut
1050 3860 1194 3923 tandem
1227 3863 1293 3923 sub
1318 3870 1442 3925 tenore
1473 3883 1539 3944 per
1562 3884 1617 3927 me

336 3976 526 4046 concept0,
551 3976 587 4028 et
611 3966 710 4028 cuius
735 3966 875 4047 copiam
899 3966 1125 4047 presentibus
1149 3965 1186 4030 S.
1211 3967 1255 4030 V.
1280 3969 1499 4051 transmitto,
1528 3970 1615 4033 diffi-

337 4072 447 4135 nitiva
478 4072 655 4135 sententia
678 4073 983 4154 pronuntiaretur,
1020 4061 1139 4155 aqua
1167 4094 1232 4155 per
1256 4085 1429 4138 assertum
1451 4096 1615 4158 procura·

338 4190 448 4242 torem
473 4179 758 4242 adversariorum
783 4190 819 4243 et
843 4192 881 4243 ut
906 4180 981 4243 eius
1005 4181 1125 4243 verbis
1149 4191 1238 4260 utar,
1264 4183 1308 4244 ad
1332 4183 1487 4246 futurum
1504 4184 1613 4267 publi-

336 4307 413 4348 cum
438 4286 608 4366 liberum,
636 4295 673 4349 et
696 4286 900 4350 cristianum
924 4286 1109 4351 concilium
1142 4290 1339 4369 appellato,
1375 4290 1431 4352 cui
1460 4294 1615 4373 appella·

336 4393 423 4456 tioni
447 4393 497 4455 uti
521 4395 616 4454 nulle
641 4395 797 4456 delatum
821 4393 1000 4475 nonfuit,
1032 4396 1096 4456 sed
1121 4397 1305 4477 apostolos
1329 4397 1465 4478 petenti
1488 4398 1615 4462 refuta-

337 4500 416 4562 torii
442 4499 526 4562 dati.
565 4500 774 4563 Adversarii
799 4520 884 4563 vero
909 4521 989 4563 cum
1003 4501 1277 4582 Norimbergam
1293 4504 1493 4586 rediissent,
1518 4506 1616 4570 initio

336 4606 468 4668 factum
494 4626 614 4668 eorum
638 4608 747 4669 multa
769 4606 915 4670 fictione
941 4609 1153 4689 colorarunt,
1178 4618 1213 4672 et
1236 4611 1353 4674 denuo
1379 4633 1497 4676 coram
1518 4623 1615 4677 certo

337 4713 474 4776 notario
507 4711 706 4794 inscriptis
737 4713 872 4795 pariter
905 4715 949 4776 ad
973 4714 1130 4778 futurum
1154 4715 1348 4781 Concilium
1381 4721 1616 4802 appellarunt,

338 4840 458 4886 earum
496 4820 716 4902 subscriptas
750 4820 872 4903 copias
904 4822 962 4885 hic
1003 4843 1069 4905 per
1101 4825 1271 4888 ecclesias
1304 4835 1438 4888 incerto
1473 4828 1617 4893 nunctio
