3559 5734
710 490 940 546 043438>0

186 637 217 699 d'
235 637 325 702 altri.
372 636 489 699 Tanto
513 638 579 699 che
604 636 698 698 dicto
724 636 830 699 Mass.
856 636 1010 698 Micheie
1034 636 1128 698 ando
1153 635 1270 697 subito
1295 635 1330 696 di
1359 655 1467 717 sopra

185 746 217 806 al
241 745 311 824 Re,
337 745 431 807 dove
457 764 518 806 era
542 742 752 806 Sedunense
776 765 797 805 a
823 746 1092 807 lamentarsene.
1142 741 1247 805 Dicto
1272 742 1378 806 Mess.
1403 743 1466 805 Mi-

185 854 284 915 chele
315 852 434 914 hebbe
467 853 604 931 grande
629 871 754 932 paura;
787 855 815 914 si
848 852 913 914 che
944 850 1060 932 questi
1084 849 1229 912 barbari
1253 871 1291 912 se
1315 859 1466 931 porteno

186 962 293 1023 molto
316 960 419 1022 male.
466 959 506 1021 In
531 958 716 1021 Vormatia
741 958 855 1020 XXII
879 958 958 1043 (sic)
982 957 1142 1038 Januarii
1165 955 1348 1019 MDXXI.

412 1612 414 1615 ,
504 1522 895 1603 vicecancellarius
923 1523 1140 1603 sicandro.

595 1670 738 1739 (Nuntiat
759 1670 884 1728 German
903 1670 933 1728 Ιι.
951 1669 996 1729 fol.
1015 1670 1061 1739 E)

253 1791 304 1855 (Ex
327 1792 393 1841 Palo
415 1792 568 1840 Portuensis
588 1791 717 1839 dioecesis
737 1792 778 1839 28.
798 1793 908 1855 Januar.
928 1817 961 1827 -
982 1791 1147 1838 Wormatiae
1166 1803 1190 1851 9.
1211 1791 1289 1839 Febr.
1312 1792 1396 1851 1521.)

400 1917 618 1979 Reverendo
643 1924 746 1996 pater
772 1913 897 1977 Amice
922 1912 967 1974 mi
996 1912 1200 1996 praecipue.

276 2040 327 2103 La
350 2042 479 2103 lettera
495 2051 531 2102 et
548 2060 659 2121 opera
679 2048 715 2102 et
731 2038 864 2102 fatiche
880 2049 1000 2101 vostre
1017 2059 1125 2121 sopra
1141 2059 1248 2101 eausa
1265 2038 1468 2101 lutheriana

183 2167 273 2210 sono
298 2147 533 2210 accettissime
558 2167 580 2208 a
603 2146 736 2209 Nostro
760 2144 934 2227 Signore,
967 2146 1027 2227 qui
1051 2145 1276 2209 commendat
1299 2145 1334 2208 in
1360 2166 1403 2208 ea
1429 2164 1467 2207 re

183 2253 348 2332 studium,
374 2253 480 2316 fidem
505 2274 546 2315 ac
571 2252 796 2334 prudentiam
820 2261 986 2333 vestram,
1009 2254 1242 2334 hortaturque
1267 2251 1469 2334 perduretis

183 2370 220 2424 et
246 2381 325 2424 cum
349 2360 524 2424 modestia
549 2380 590 2422 ac
614 2359 787 2441 patientia
810 2359 945 2441 geratis
969 2359 1244 2441 sustineatisque
1270 2360 1396 2422 omnia.

275 2468 436 2532 Havrete
467 2487 534 2531 con
561 2477 687 2548 questa
720 2487 790 2529 una
820 2466 856 2528 di
888 2467 1027 2529 cambio
1052 2467 1087 2528 di
1112 2488 1177 2545 400
1202 2466 1331 2530 Ducati
1355 2467 1389 2527 d'
1405 2487 1468 2529 oro

182 2575 339 2638 drizzata
366 2596 387 2637 a
411 2573 600 2647 Foccheri;
634 2574 761 2637 usateli
786 2595 830 2637 ne
862 2573 1005 2656 bisogni
1033 2573 1143 2637 vostri
1169 2583 1203 2637 et
1228 2574 1322 2637 della
1347 2595 1467 2643 causa:

182 2704 255 2746 non
288 2682 449 2746 dubitate
481 2682 516 2745 vi
544 2701 582 2744 se
607 2681 761 2744 habbia
786 2702 969 2762 mancare,
1001 2684 1078 2745 solo
1103 2704 1141 2745 se
1166 2683 1201 2743 vi
1225 2681 1423 2744 advertisse
1448 2702 1469 2743 a

183 2789 367 2872 spenderli
392 2790 575 2853 utilmente
600 2799 636 2853 et
660 2811 730 2852 non
754 2791 790 2853 in
816 2810 900 2853 cose
924 2789 1113 2873 superflue,
1138 2809 1238 2853 come
1263 2808 1360 2853 semo
1381 2787 1468 2852 certi

182 2897 309 2961 farete.

275 3004 434 3067 Havrete
458 3005 616 3067 anchora
640 3006 709 3067 due
734 3007 830 3068 bolle
854 3005 1036 3087 piombate
1061 3016 1275 3069 novamente
1298 3004 1388 3068 fatte
1415 3025 1467 3068 so·

183 3132 250 3196 pra
274 3114 309 3175 la
333 3132 441 3174 causa
465 3110 501 3173 di
526 3112 671 3194 Luther‚
695 3110 730 3174 in
755 3133 825 3175 una
849 3122 904 3176 est
927 3113 1079 3176 facultas
1103 3112 1341 3177 substituendi
1365 3133 1386 3175 a
1410 3132 1468 3176 vo-

182 3219 240 3283 bis
264 3219 391 3301 petita;
416 3218 586 3282 vederete
611 3219 632 3281 1’
648 3239 720 3282 una
744 3230 780 3283 et
804 3220 825 3282 l’
838 3222 930 3284 altra
954 3232 991 3283 et
1013 3221 1035 3283 l’
1050 3232 1190 3284 usarete
1214 3221 1410 3302 prudenter
1434 3229 1470 3281 et

184 3328 364 3408 modeste,
396 3347 464 3409 pro
495 3326 547 3389 rei
579 3327 846 3410 opportunitate
879 3339 914 3392 et
945 3329 1116 3411 temporis
1147 3330 1350 3401 commodo;
1386 3326 1420 3389 vi
1450 3326 1469 3390 ὲ

185 3436 300 3501 anche
330 3454 401 3496 uno
426 3434 544 3496 Breve
568 3454 590 3496 a
614 3432 744 3498 Cesare
772 3455 880 3517 super
904 3435 1030 3499 eodem
1055 3435 1210 3517 Negotio
1236 3445 1271 3499 et
1295 3453 1469 3515 appresso

183 3541 333 3605 insieme
366 3540 491 3604 XXV.
528 3540 632 3622 copie
666 3553 842 3625 stampate
876 3552 911 3606 et
946 3544 1188 3607 authenticate
1224 3543 1319 3606 della
1355 3542 1469 3623 prima

184 3650 291 3729 bolla,
317 3648 377 3730 poi
402 3649 435 3711 in
461 3669 533 3711 una
556 3669 658 3711 cassa
682 3647 717 3710 di
742 3651 877 3712 lattone
895 3669 1021 3731 grossa
1034 3652 1202 3731 parecchi
1217 3650 1318 3713 brevi
1334 3671 1355 3710 a
1372 3648 1468 3711 Prin-

167 3756 256 3837 ,cipi
288 3776 396 3837 sopra
424 3758 459 3818 la
482 3754 675 3818 medesima
700 3756 848 3819 materia
871 3758 1180 3820 commendandoli
1205 3758 1240 3820 di
1265 3767 1397 3838 quanto
1421 3754 1469 3818 fin

186 3863 246 3945 qui
279 3864 350 3924 han
381 3860 472 3925 fatto
505 3872 541 3925 et
573 3863 797 3925 exhortando
827 3863 862 3926 in
887 3864 1024 3936 futur0;
1057 3864 1114 3927 evi
1144 3865 1201 3928 fra
1231 3865 1255 3926 li
1287 3864 1367 3925 altri
1399 3883 1469 3926 uno

186 3971 221 4031 al
236 3968 444 4032 confessore
458 3968 494 4030 di
509 3968 651 4049 Cesare,
676 3971 785 4033 molto
809 3972 917 4051 bono,
941 3972 999 4035 nel
1025 3972 1129 4033 modo
1154 3972 1176 4032 l'
1194 3981 1299 4034 avete
1323 3970 1469 4046 chiesm,

187 4076 243 4138 evi
274 4096 345 4139 una
376 4085 498 4140 nostra
529 4076 634 4138 lettra
658 4097 679 4138 a
704 4075 780 4139 Sua
803 4078 942 4142 Maesta
976 4078 1010 4140 in
1044 4078 1207 4141 francese
1231 4098 1331 4141 corne
1356 4078 1388 4139 ci
1412 4080 1469 4139 ha·

187 4195 269 4247 vete
300 4183 495 4264 ricercato,
530 4185 677 4248 havrete
709 4185 745 4247 in
778 4187 833 4248 un’
861 4187 952 4248 altra
984 4196 1140 4249 cassetta
1173 4185 1207 4247 di
1244 4182 1379 4248 lattone
1409 4184 1469 4266 pih

187 4293 293 4353 bassa
319 4290 343 4351 il
380 4293 490 4353 breve
522 4310 590 4353 con
622 4292 658 4353 la
690 4291 821 4355 minuta
854 4313 876 4354 a
899 4292 1030 4356 Cesare
1064 4313 1130 4375 per
1160 4293 1183 4354 l'
1200 4292 1423 4355 absolutione
1448 4313 1469 4355 o

188 4397 421 4478 suspensione
445 4417 467 4459 a
491 4398 649 4460 censuris
674 4418 773 4462 come
798 4420 863 4479 per
887 4400 987 4463 detta
1011 4400 1144 4463 minuta
1168 4402 1347 4462 vederete.

277 4503 329 4566 La
360 4505 486 4567 cedola
516 4513 638 4567 vostra
669 4504 704 4567 di
730 4506 868 4569 cambio
893 4526 958 4588 per
983 4528 1047 4585 400
1071 4507 1200 4570 Ducati
1226 4506 1245 4569 e
1269 4507 1364 4569 nella
1389 4506 1469 4569 Cas·

188 4621 280 4673 setta
311 4611 496 4693 maggiore
529 4631 595 4675 con
627 4612 652 4675 li
684 4613 785 4676 brevi
816 4615 912 4696 quali
937 4636 1025 4678 sono
1050 4615 1115 4678 XI.
1164 4614 1214 4676 Le
1240 4616 1329 4676 altre
1353 4613 1469 4695 provi-

188 4717 277 4780 sioni
309 4720 354 4782 de
383 4719 443 4801 qui
467 4718 502 4780 vi
527 4719 792 4801 bisogneranno
817 4720 953 4784 avisate
978 4724 1043 4784 che
1068 4742 1139 4785 non
1164 4722 1193 4783 si
1217 4720 1408 4784 mancherh
1434 4721 1469 4782 di

189 4845 271 4888 cosa
295 4828 436 4899 alcuna;
462 4826 639 4908 segnitate
664 4848 731 4910 pur
755 4827 790 4890 di
813 4831 910 4891 bono
934 4849 1051 4892 ammo
1076 4841 1111 4892 et
1135 4838 1227 4891 tutto
1252 4828 1281 4890 si
1305 4828 1397 4891 faeci
1413 4839 1469 4890 tra
