3559 5734
779 557 1027 617 *bessbs

263 708 314 773 dl·
338 728 436 774 meus
461 705 618 773 datarius
642 708 798 773 debeant
822 718 958 773 mature
974 710 1135 793 cogitare
1150 708 1195 774 de
1211 709 1253 774 iis
1270 731 1362 794 quae
1385 712 1430 775 ad
1454 712 1546 775 hanc

263 816 447 881 materiam
463 815 653 898 pertinent,
669 815 876 898 imponendi
893 815 1030 881 scilicet
1045 817 1081 881 in
1098 818 1250 899 gratiam
1263 819 1400 882 Erasmi
1415 819 1546 883 silentii

264 924 333 988 illis
357 943 505 1008 quorum
535 923 683 986 libertas
712 923 811 986 vocis
835 921 869 986 in
896 925 1105 988 damnandis
1137 924 1232 989 illius
1266 927 1445 990 erroribus
1478 929 1546 989 col·

264 1032 444 1095 laudanda
468 1040 504 1094 et
527 1029 721 1095 excitanda
751 1051 829 1094 esse
861 1030 1061 1112 videretur,
1097 1054 1142 1096 ne
1178 1054 1256 1097 cum
1280 1034 1487 1097 satisfacere
1512 1044 1547 1096 et

263 1140 406 1221 placere
430 1139 594 1202 volentes
618 1141 747 1200 multos
770 1139 880 1220 longe
896 1140 1120 1221 synceriores
1137 1151 1172 1203 et
1188 1141 1301 1223 magis
1326 1140 1547 1204 necessarios

264 1248 478 1329 languentes
512 1265 554 1308 ac
578 1243 721 1328 tepidos
755 1247 919 1308 reddant.
971 1246 1096 1329 Neque
1129 1247 1222 1310 enim
1253 1262 1379 1328 putare
1413 1249 1547 1312 debent

264 1353 377 1417 latere
400 1373 507 1435 posse
531 1363 642 1416 totum
667 1353 834 1415 mundum
868 1357 963 1435 quod
993 1355 1061 1417 hac
1089 1375 1128 1417 re
1158 1355 1194 1417 in
1227 1355 1379 1437 gratiam
1410 1355 1546 1419 Erasmi

265 1470 389 1522 contra
423 1458 537 1522 dictos
568 1459 657 1522 duos
692 1459 898 1541 Theologos
929 1460 1185 1541 providerunt;
1217 1482 1295 1524 curn
1331 1464 1547 1526 credendum

265 1569 311 1629 sit
334 1567 432 1630 illum
456 1569 501 1629 de
525 1569 594 1629 hoc
619 1566 714 1648 apud
740 1586 862 1630 omnes
887 1568 993 1630 etiarn
1025 1568 1166 1651 scriptis
1194 1569 1347 1650 publicis
1379 1571 1545 1651 gloriatu-

265 1694 352 1753 rum,
377 1673 675 1755 quemadmodum
699 1676 809 1736 breve
833 1676 1012 1754 quoddam
1038 1695 1108 1755 quo
1133 1673 1211 1738 ΒΜ·
1230 1677 1273 1740 D.
1296 1676 1336 1737 N.
1358 1679 1415 1739 vel
1434 1676 1547 1739 Rev¹¹¹

267 1782 300 1843 d.
324 1780 492 1843 Datarius
517 1781 564 1843 Sl·
592 1780 668 1844 eius
692 1780 832 1844 nomine
858 1781 889 1843 ei
926 1782 1105 1864 pollicitus
1132 1781 1238 1845 fuerit
1273 1782 1376 1845 dictis
1404 1784 1543 1846 duobus

269 1887 448 1971 theologis
472 1887 648 1950 silentium
664 1886 859 1969 imponere,
885 1909 963 1951 eum
984 1889 1090 1953 audio
1115 1910 1136 1951 a
1152 1890 1401 1973 calcographis
1418 1891 1547 1953 excudi

267 2018 308 2060 ac
332 1995 474 2078 vulgari
504 1995 642 2058 fecisse.
699 1995 800 2076 Quae
836 1995 998 2059 nimirum
1034 1995 1125 2060 ratio
1161 2017 1217 2059 me
1249 1996 1360 2060 movit
1394 2018 1439 2060 ne
1479 1997 1546 2079 ipsi

266 2103 413 2166 Erasmo
438 2102 625 2184 quicquam
642 2101 845 2184 scripserim
869 2102 915 2166 de
939 2102 1185 2165 commissione
1210 2112 1245 2165 et
1269 2105 1436 2167 mandato
1462 2106 1546 2167 mihi

266 2211 311 2274 ad
336 2218 549 2273 memoratos
573 2210 662 2273 duos
686 2209 892 2292 Theologos
917 2231 938 2272 a
961 2206 1056 2272 SS¹²¹⁰
1079 2210 1122 2274 D.
1147 2209 1190 2274 N.
1215 2230 1277 2273 seu
1294 2210 1370 2273 R¹²¹⁰
1391 2213 1455 2273 D¹¹⁰
1479 2213 1546 2275 Da-

266 2316 356 2380 tario
381 2315 490 2391 datis;
521 2316 617 2398 quod
649 2314 818 2379 videlicet
845 2315 1005 2379 timerem
1037 2336 1115 2379 eum
1149 2316 1290 2398 scriptis
1314 2319 1386 2382 suis
1410 2321 1455 2383 de
1479 2321 1547 2382 hoc

266 2423 509 2506 gloriaturum.
556 2423 666 2486 Immo
690 2443 777 2486 vero
801 2422 862 2484 vix
887 2423 1015 2504 cuique
1039 2433 1183 2505 praeter
1206 2424 1320 2487 dictos
1345 2426 1434 2489 duos
1450 2428 1546 2489 theo·

268 2534 372 2613 logos
397 2531 517 2593 dicere
542 2550 648 2593 ausus
672 2550 747 2592 sum
773 2531 818 2592 de
840 2529 1086 2593 commissione
1104 2551 1192 2610 mea,
1217 2550 1287 2613 quo
1304 2551 1361 2594 res
1377 2532 1548 2594 secretior

267 2650 481 2706 remaneret:
507 2651 654 2718 propter
680 2637 775 2719 quod
807 2647 843 2699 et
873 2636 952 2699 illos
983 2637 1080 2718 ipsos
1111 2636 1277 2701 distincte
1309 2638 1478 2720 requisivi
1503 2660 1548 2701 ne

270 2767 343 2808 rem
368 2744 614 2827 publicarent;
650 2765 729 2807 nam
755 2756 790 2807 et
814 2746 880 2807 hoc
905 2745 940 2806 in
965 2744 1140 2807 mandatis
1164 2744 1272 2808 habui
1297 2757 1431 2809 utrem
1456 2747 1546 2809 hanc

268 2862 405 2916 secreto
431 2862 466 2914 et
490 2851 565 2914 sino
590 2853 738 2913 tumultu
754 2850 1078 2933 paucisissimisque
1095 2852 1246 2913 consciis
1262 2872 1417 2933 agerem.
1443 2853 1545 2933 Quod

267 2980 371 3041 quum
396 2960 502 3021 video
526 2979 638 3020 meam
663 2958 697 3020 in
722 2960 789 3020 hoc
815 2958 1022 3021 industriam
1047 2978 1171 3040 parum
1195 2958 1406 3039 profecisse:
1443 2959 1544 3041 siqui·

267 3069 346 3129 dem
374 3067 496 3147 accepi
522 3066 565 3130 D.
591 3066 778 3128 Albertum
805 3065 969 3146 Pighium
993 3086 1114 3127 mense
1138 3067 1271 3146 (credo)
1294 3067 1387 3145 Julio
1412 3067 1547 3128 dehac

267 3175 391 3236 eadem
417 3193 455 3234 re
480 3171 666 3253 scripsisse
681 3183 716 3235 et
731 3173 776 3233 ad
792 3172 987 3235 Rectorem
1012 3185 1048 3235 et
1072 3172 1115 3233 ad
1133 3153 1351 3234 Facultatem
1376 3174 1547 3254 theologi-

266 3301 342 3343 cam
367 3280 484 3342 dictae
509 3279 728 3343 Academiae
752 3300 815 3342 seu
841 3278 1092 3341 Universitatis
1117 3279 1364 3358 Lovaniensis,
1396 3280 1547 3343 dicendo

266 3387 355 3448 S¹⁰¹¹¹¹¹
381 3387 424 3449 D.
450 3386 491 3449 N.
517 3406 688 3467 expresse
712 3386 836 3449 iubere
860 3397 898 3447 ut
923 3386 1028 3448 dictis
1051 3386 1286 3468 Egmondano
1302 3407 1343 3450 ac
1357 3387 1547 3450 Vincentio

267 3494 442 3558 silentium
467 3497 516 3575 (ut
540 3493 752 3575 praefertur)
777 3492 1016 3575 imponerent,
1050 3493 1205 3575 alioquin
1237 3493 1389 3556 futurum
1417 3507 1453 3556 ut
1478 3516 1546 3557 non

268 3602 344 3664 sine
368 3600 470 3683 gravi
495 3600 605 3682 ipsius
627 3600 844 3663 Academiae
863 3601 1040 3662 dedecore
1057 3609 1093 3663 et
1109 3600 1332 3665 incommodo
1351 3601 1423 3665 Sua
1440 3601 1546 3666 Sanc-

269 3710 351 3772 titas
374 3709 454 3772 illos
478 3718 593 3771 mutos
617 3710 801 3772 redderet:
834 3717 872 3771 ut
905 3706 973 3770 iam
1006 3728 1109 3771 nemo
1140 3707 1216 3771 fere
1248 3709 1283 3770 in
1309 3709 1363 3771 his
1387 3712 1548 3790 partibus

268 3817 312 3879 sit
337 3815 493 3898 quirem
518 3818 608 3877 hanc
633 3835 703 3878 non
729 3818 785 3878 vel
810 3814 899 3878 sciat
923 3816 980 3877 vel
1004 3814 1171 3879 facillime
1188 3815 1233 3878 sit
1249 3815 1409 3879 sciturus
1443 3817 1547 3879 Unde

274 3926 414 4004 qualem
440 3923 655 4004 triumphurn
680 3933 844 4003 putamus
868 3921 1052 3984 Erasmum
1077 3933 1256 4002 acturum,
1281 3922 1380 4004 quasi
1409 3926 1468 4003 qui
1493 3926 1550 3986 vel

269 4029 373 4092 Sedis
398 4029 630 4112 Apostolicae
654 4028 784 4091 iudicio
809 4049 850 4090 ac
882 4049 1032 4091 censura
1066 4028 1250 4091 victoriam
1279 4031 1452 4093 adversus
1486 4051 1548 4092 eos

271 4136 329 4219 qui
358 4157 397 4200 se
427 4136 552 4199 merito
586 4136 619 4198 in
653 4136 770 4199 multis
794 4137 1106 4217 reprehendebant
1130 4149 1340 4199 consecutus
1371 4138 1430 4208 sit:
1465 4140 1547 4200 dum

267 4245 346 4307 illos
370 4247 618 4307 obmutescere
643 4244 796 4325 debere,
833 4264 870 4306 se
903 4263 990 4306 vero
1026 4242 1061 4304 in
1097 4242 1238 4325 scriptis
1270 4243 1342 4305 suis
1375 4245 1487 4307 libere
1512 4259 1548 4307 et

268 4352 344 4415 sine
369 4350 651 4414 contradictione
675 4350 740 4413 toti
765 4350 896 4413 mundo
913 4349 1009 4431 loqui
1026 4369 1133 4431 posse
1149 4350 1362 4413 obtinuerit?
1399 4350 1546 4432 Qualem

268 4478 353 4521 vero
378 4478 398 4520 e
424 4458 566 4520 diverso
591 4459 750 4519 dolorem
785 4469 821 4520 et
845 4457 1014 4539 gemitum
1047 4456 1290 4520 existimamus
1314 4458 1397 4520 inde
1421 4478 1547 4539 passos

268 4563 376 4627 fuisse
401 4585 442 4626 ac
467 4562 597 4645 iugiter
620 4563 696 4645 pati
720 4583 782 4626 eos
806 4562 864 4645 qui
889 4573 1020 4627 norunt
1043 4575 1078 4626 et
1103 4563 1225 4627 vident
1250 4584 1352 4646 quam
1378 4567 1445 4627 hoc
1462 4566 1542 4628 Rei-

268 4672 434 4753 publicae
459 4670 504 4733 sit
527 4670 759 4733 damnosum?
795 4680 831 4732 et
854 4690 960 4752 quam
985 4670 1083 4733 multi
1107 4669 1189 4733 hinc
1214 4670 1284 4733 sint
1307 4672 1485 4734 animandi
1510 4691 1547 4733 ut

268 4788 350 4859 post
374 4777 605 4859 Apostolicae
629 4774 735 4840 Sedis
762 4776 1017 4859 praeiudicium
1048 4777 1184 4841 Erasmi
1217 4778 1351 4861 scripta
1382 4779 1548 4843 libentius

268 4888 390 4968 legant
415 4895 450 4946 et
474 4883 612 4948 facilius
636 4885 783 4946 credant
807 4884 840 4947 in
867 4904 1032 4969 magnum
1056 4885 1249 4948 animarum
1276 4906 1415 4949 suarum
1443 4887 1546 4950 detri-
