3559 5734
827 512 885 565 043
924 512 977 567 ‘228
1015 511 1073 564 &0

310 655 548 717 maledictioni
574 658 759 718 lutherane
784 658 842 719 del
857 677 967 738 paese
991 659 1036 719 de
1052 660 1159 720 bassa
1173 660 1363 740 alemagna
1388 667 1424 720 et
1437 657 1590 730 flandra:

310 781 380 824 non
406 763 582 824 demando
607 767 694 844 pero
719 784 803 824 cosa
818 775 942 826 contra
966 763 1098 826 iustitia
1121 786 1178 826 ma
1195 786 1260 847 per
1282 767 1317 827 la
1333 764 1475 845 aequitii
1499 785 1591 846 quae
1639 811 1645 819 .

310 879 364 930 est
387 868 471 930 iuris
495 869 672 950 interpres
697 877 732 931 et
756 869 881 932 anima.

397 974 439 1037 El
471 976 656 1038 confessor
687 996 833 1038 cesareo
865 975 885 1039 e
917 979 1025 1039 molto
1060 986 1226 1040 contento
1258 987 1294 1040 et
1325 978 1463 1060 allegro
1497 977 1591 1040 delle-

308 1083 435 1144 lettere
466 1083 532 1144 che
558 1082 600 1144 V;
626 1081 662 1144 S.
688 1083 784 1145 Rma
816 1103 854 1144 se
878 1084 925 1144 ha
949 1084 1106 1165 degnato
1131 1083 1290 1146 scriverli
1322 1086 1367 1148 de
1398 1105 1462 1147 sua
1485 1104 1591 1147 mano

310 1199 345 1250 et
369 1187 442 1251 cosi
467 1192 500 1252 le
525 1191 705 1270 responde
729 1209 793 1271 per
819 1191 852 1260 le
877 1191 1004 1252 lettere
1026 1192 1166 1252 adnexe
1181 1191 1250 1252 alle
1268 1190 1346 1253 mie.
1386 1192 1495 1253 Detto
1511 1211 1590 1253 con-

309 1296 425 1358 fessor
448 1316 469 1357 a
493 1296 607 1377 quest'
621 1297 709 1358 hora
733 1317 788 1358 me
812 1297 859 1358 ha
883 1297 982 1359 detto
1007 1296 1109 1358 venir
1133 1297 1178 1359 de
1203 1316 1343 1360 camera
1367 1298 1412 1358 de
1433 1296 1591 1360 Chevres

310 1405 342 1466 el
367 1404 451 1485 qual
475 1403 554 1465 dice
579 1411 652 1465 star
675 1403 862 1466 meliorma
887 1424 958 1466 non
984 1404 1096 1485 perho
1121 1423 1226 1466 senza
1250 1403 1362 1466 febre.

398 1511 477 1574 Non
509 1512 555 1573 ho
579 1522 727 1592 possuto
751 1510 806 1572 far
839 1512 904 1573 che
928 1531 1000 1573 non
1025 1510 1145 1572 mandi
1169 1519 1295 1592 questa
1318 1510 1468 1591 letania,
1497 1513 1590 1573 dove
1605 1567 1617 1581 .,
1687 1571 1691 1580 ,

309 1617 424 1699 questi
439 1616 530 1679 ladri
550 1619 698 1699 parlano
715 1615 806 1679 cossi
823 1616 1051 1697 impiamente
1068 1614 1206 1680 (1(3151110
1226 1628 1262 1679 et
1278 1617 1335 1678 un’
1349 1619 1440 1679 altra
1455 1622 1590 1698 paccla.

309 1724 351 1789 V.
379 1723 414 1787 S.
440 1725 535 1786 Rma
566 1724 625 1806 poi
649 1745 687 1785 se
712 1723 870 1805 degnari
896 1723 987 1786 farle
1013 1725 1159 1785 mandar
1183 1744 1203 1785 a
1227 1724 1347 1787 Roma
1377 1745 1443 1806 per
1466 1745 1591 1806 passar

308 1842 439 1911 tempo.
492 1831 556 1894 Chi
594 1831 735 1892 volesse
775 1832 923 1892 mandar
961 1830 1046 1912 ogni
1082 1850 1165 1893 cosa
1205 1833 1480 1911 besognarebbe
1521 1853 1590 1895 uno

309 1938 504 2019 cariaggio

399 2043 560 2106 Sarebbe
592 2063 659 2124 pur
684 2046 778 2105 bono
810 2044 877 2105 che
901 2042 925 2104 li
949 2043 1060 2105 nostri
1085 2043 1299 2106 accademici
1332 2053 1367 2107 et
1396 2045 1475 2107 altri
1500 2046 1590 2108 dotti

308 2151 459 2214 d'ltalia
489 2162 524 2213 et
548 2150 734 2231 presertim
761 2151 805 2212 de
829 2150 949 2212 Roma
975 2150 1247 2214 comineiassero
1280 2155 1449 2233 alquanto
1473 2172 1588 2215 resen-

309 2258 393 2320 tirse
427 2266 463 2321 et
486 2257 604 2320 alcuni
639 2257 695 2319 chi
719 2277 787 2338 pur
820 2277 932 2319 sanno
957 2269 1203 2320 severamente
1236 2260 1434 2339 respondet
1467 2269 1591 2322 contra

309 2376 435 2447 questa
451 2363 601 2428 heresia.
638 2363 731 2426 Altri
748 2362 882 2426 scriver
899 2365 1049 2444 qualche
1065 2384 1149 2427 cosa
1165 2365 1210 2426 ad
1225 2366 1340 2427 honor
1355 2365 1400 2429 de
1416 2366 1450 2427 la
1464 2366 1590 2446 patria,

309 2475 353 2533 de
369 2472 404 2534 la
420 2472 502 2552 qual
518 2471 633 2553 questi
648 2469 817 2534 Germani
832 2491 876 2532 ne
892 2469 1002 2532 fanno
1018 2479 1116 2533 tanto
1134 2491 1226 2552 poco
1242 2471 1355 2534 stima.
1387 2473 1502 2554 Spero
1520 2476 1589 2535 ben

309 2580 375 2641 che
399 2598 437 2640 se
460 2577 486 2640 li
510 2577 620 2639 nostri
644 2597 804 2639 voranno
829 2576 884 2639 far
908 2578 1059 2658 qualche
1083 2577 1263 2659 apologia,
1288 2579 1322 2639 la
1346 2577 1498 2641 faranno
1523 2599 1590 2642 con

309 2686 369 2767 piu
394 2685 525 2748 iudicio
550 2694 585 2747 et
609 2705 678 2746 non
704 2705 782 2747 curn
808 2686 927 2765 quella
950 2683 1096 2765 impieta
1119 2685 1185 2746 che
1210 2683 1318 2747 fanno
1343 2683 1368 2746 li
1392 2685 1503 2747 nostri
1528 2685 1590 2747 cri·

308 2791 483 2856 minatori.
531 2792 570 2853 Ιο
602 2811 667 2872 per
698 2811 772 2868 me,
809 2812 846 2853 se
877 2811 947 2852 una
978 2792 1076 2852 volta
1100 2789 1169 2852 Dio
1202 2811 1257 2852 rne
1289 2791 1336 2852 da
1366 2791 1482 2872 gratia
1514 2793 1590 2872 che,

309 2899 470 2981 quaesito
504 2898 588 2960 mihi
612 2919 706 2979 pane
742 2898 787 2959 ad
812 2898 1005 2960 senectutis
1030 2897 1215 2976 viaticum,
1251 2897 1347 2959 habii
1376 2898 1397 2959 l'
1412 2898 1529 2961 animo
1554 2898 1589 2960 in

309 3007 429 3089 quieta
454 3007 575 3085 domo,
611 3004 669 3086 gia
701 3006 766 3066 che
791 3025 855 3066 son
884 3004 1015 3067 intrato
1048 3004 1083 3065 in
1110 3013 1236 3084 questa
1260 3004 1372 3066 danza
1403 3006 1590 3067 lutherana

309 3111 549 3176 sforzarommi
574 3111 687 3174 farlo
712 3131 792 3173 men
817 3113 887 3173 mal
922 3112 987 3173 che
1012 3110 1117 3192 potro
1148 3122 1272 3172 contra
1297 3114 1411 3191 questi
1436 3131 1506 3174 non
1531 3112 1591 3194 gia

308 3219 441 3282 fratelli
466 3217 575 3280 nostri
600 3219 644 3280 ne
669 3218 817 3280 membri
843 3219 887 3280 de
913 3218 1053 3280 Christo
1078 3238 1135 3280 ma
1158 3217 1292 3299 peggio
1317 3220 1383 3280 che
1408 3218 1498 3281 cani.
1546 3218 1591 3281 Et

308 3335 399 3389 tutto
424 3329 458 3388 al
482 3326 596 3387 honor
620 3325 664 3386 de
679 3324 749 3386 Dio
774 3334 810 3387 et
834 3326 892 3387 del
916 3345 981 3387 suo
1005 3323 1138 3387 vicario
1163 3335 1198 3387 et
1223 3323 1267 3389 de
1290 3322 1421 3387 Sancta
1438 3325 1588 3389 Chiesia.

309 3433 344 3495 A
368 3432 412 3495 V.
437 3431 473 3494 S.
498 3432 595 3494 illma
621 3440 706 3493 baso
731 3432 764 3493 le
789 3431 894 3493 mani.

926 3877 979 3941 90.

564 3992 742 4071 Aloander
769 4013 902 4093 magno
931 3991 1153 4071 (lancellario
1181 3992 1333 4093 imperii.

737 4139 877 4206 (Nuntiat.
898 4140 1064 4198 normann
1091 4139 1158 4202 tos>

689 4260 768 4324 (Post
787 4260 900 4308 medium
921 4259 1016 4307 mensis
1036 4259 1101 4308 Maii
1123 4257 1211 4325 1521.)

399 4400 503 4461 Mitto
528 4399 680 4461 edictum
705 4399 851 4462 latinum
876 4410 912 4462 et
935 4399 1168 4463 alemanicum
1192 4421 1300 4483 super
1319 4421 1357 4463 re
1374 4401 1588 4464 Lutherana.

310 4509 408 4569 Deus
431 4506 581 4587 inspiret
604 4517 642 4567 ut
665 4506 701 4567 id
726 4506 947 4587 potissimum
982 4506 1045 4568 fiat
1079 4508 1175 4589 quod
1210 4508 1257 4569 ad
1290 4528 1416 4589 pacem
1448 4518 1484 4570 et
1508 4529 1589 4571 con-

310 4613 548 4676 servationem
572 4614 775 4696 Religionis
800 4625 942 4676 nostrae
966 4614 1086 4678 facere
1121 4613 1294 4677 videatur.
1342 4614 1446 4678 Certe
1482 4636 1590 4697 super

309 4740 349 4782 re
373 4719 516 4782 Martini
541 4719 626 4782 nihil
650 4730 770 4801 potest
794 4742 872 4783 esse
897 4720 1016 4783 sanius
1040 4720 1164 4784 iustius
1188 4731 1249 4784 aut
1272 4721 1384 4784 maius
1407 4720 1483 4784 iure
1508 4743 1589 4785 con·

308 4825 484 4892 firmatum
509 4847 613 4911 quam
638 4828 734 4911 quod
762 4826 796 4888 in
828 4827 941 4911 prima
974 4828 1080 4892 edicti
1110 4838 1213 4912 parte
1245 4828 1461 4912 continetur,
1494 4830 1587 4896 adeo
