3559 5734
718 536 965 598 esllbbffl

199 693 319 748 tamen
344 683 403 748 vix
430 687 552 749 decem
569 691 682 750 verba
704 687 738 749 in
761 709 855 751 anno
879 689 1039 770 proferat
1061 710 1177 752 merus
1194 690 1482 754 melanchonicus

201 802 237 854 et
261 803 384 874 stupor
408 792 496 876 ipse.

290 900 334 962 El
346 899 565 982 Lantgravio
582 901 614 963 d'
629 902 760 965 Hassia
774 902 1022 985 potentissimo
1039 903 1163 986 signor
1178 906 1352 968 ancorche
1368 915 1481 987 putto,

201 1028 258 1069 ma
282 1009 327 1070 de
351 1007 508 1090 ingegno
532 1010 669 1091 grande
694 1019 728 1072 et
743 1012 836 1073 malo
861 1019 897 1073 et
920 1020 1012 1073 tutto
1028 1011 1243 1092 Lutheran0,
1269 1033 1368 1075 come
1386 1015 1480 1094 quel·

201 1114 248 1177 lui
272 1117 317 1178 de
342 1116 398 1178 chi
422 1118 455 1179 el
470 1117 572 1178 Duca
588 1114 734 1180 Saxone
759 1119 806 1180 ha
829 1121 864 1181 la
888 1138 983 1199 cura,
1006 1117 1248 1201 favoreggera
1271 1121 1316 1182 ad
1332 1122 1365 1182 le
1383 1140 1480 1183 enor-

202 1221 284 1284 mita
309 1222 345 1284 di
368 1222 516 1286 Hutten.

290 1328 364 1391 Sed
395 1331 490 1411 quod
520 1329 622 1411 peius
646 1339 701 1393 est
724 1329 944 1412 Sichinghen
976 1352 1043 1394 con
1074 1341 1165 1395 tutta
1197 1334 1231 1394 la
1261 1353 1397 1415 povera
1422 1354 1481 1397 no·

203 1436 287 1499 bilta
318 1437 354 1512 di
385 1436 558 1500 coniurati
589 1439 634 1499 de
659 1437 850 1500 Germania
882 1439 1036 1503 nutrisce
1062 1441 1159 1503 detto
1184 1441 1343 1503 Hutteno
1378 1449 1412 1503 et
1442 1462 1481 1504 se

203 1563 304 1606 serve
329 1542 364 1604 di
388 1543 437 1605 lui
460 1545 506 1604 ad
531 1543 612 1607 altri
636 1545 712 1606 suoi
737 1545 921 1626 propositi,
946 1546 1077 1628 perche
1099 1546 1203 1609 melio
1223 1547 1295 1609 tien
1312 1547 1400 1610 uniti
1417 1569 1482 1631 per

203 1670 264 1712 suo
297 1650 443 1732 meggio
476 1650 557 1713 tutti
589 1651 704 1732 questi
729 1652 824 1714 conti
857 1663 894 1714 et
927 1652 1037 1715 nobili
1061 1653 1203 1735 povari,
1239 1673 1305 1716 con
1339 1654 1362 1717 li
1387 1655 1483 1737 quali

205 1756 399 1837 Sichingen
425 1777 564 1839 sempre
588 1761 634 1820 ha
658 1758 748 1820 fatto
773 1768 809 1821 et
833 1759 1006 1840 pretende
1031 1759 1086 1822 far
1103 1761 1136 1822 le
1153 1780 1216 1823 sue
1232 1779 1361 1840 guerre
1377 1782 1482 1825 senza

202 1884 289 1945 gran
321 1884 437 1945 spesa.
484 1864 543 1926 Ε1
560 1864 595 1926 in
619 1884 706 1927 vero
739 1866 837 1927 detto
862 1864 1058 1948 Sichingen
1090 1869 1197 1929 rebus
1228 1867 1277 1930 sic
1307 1869 1482 1932 stantibus

202 1980 254 2033 est
284 1982 400 2034 terror
425 1970 656 2052 Germaniae,
692 1993 738 2034 ex
768 1992 837 2054 quo
863 1995 985 2037 omnes
1016 1972 1076 2052 alii
1106 1984 1322 2054 torpescunt.
1371 1975 1424 2038 No
1449 1977 1480 2038 ci

203 2080 293 2141 vedo
322 2081 442 2140 buona
466 2099 638 2162 speranza
662 2079 697 2141 di
723 2081 821 2142 detto
844 2078 1064 2162 Sichinghen
1089 2101 1153 2162 per
1177 2081 1246 2161 noi,
1271 2083 1324 2143 sel
1349 2102 1418 2144 non
1443 2104 1481 2145 se

201 2186 427 2248 dechiarasse
457 2186 637 2266 francese,
673 2207 693 2248 0
719 2189 858 2249 almeno
889 2190 1041 2250 havesse
1065 2197 1204 2249 secreta
1234 2188 1480 2272 intelligentia,

200 2292 247 2354 dil
273 2294 338 2354 che
364 2313 408 2353 ne
432 2293 478 2353 ho
503 2295 654 2374 qualche
671 2294 867 2374 suspitione
892 2293 1025 2374 perche
1041 2293 1206 2356 Roberto
1223 2294 1318 2356 della
1332 2295 1481 2358 Marcha

200 2402 246 2461 ha
269 2420 340 2461 uno
356 2419 420 2461 suo
441 2402 663 2463 ambassator
687 2403 720 2463 al
737 2411 905 2482 presente
930 2411 966 2463 et
989 2400 1091 2481 quasi
1112 2400 1290 2462 ordinario
1308 2422 1480 2484 appresso

202 2509 301 2568 detto
327 2506 564 2586 Sichingbem
588 2527 652 2588 per
677 2508 725 2570 tal
750 2508 808 2570 via
832 2508 860 2570 si
885 2510 1062 2589 potrebbe
1085 2505 1141 2568 far
1165 2508 1242 2569 chel
1269 2508 1480 2572 christianis·

202 2613 289 2677 simo
314 2616 492 2676 usarebbe
517 2616 668 2695 qualche
692 2618 764 2677 bon
788 2614 932 2696 meggio
956 2636 978 2676 a
1002 2616 1144 2676 sbassar
1168 2615 1202 2675 la
1223 2616 1421 2696 petulantia
1446 2626 1481 2678 et

198 2724 235 2784 la
264 2721 486 2784 coniuration
518 2722 563 2783 de
587 2722 724 2784 Hutten
755 2721 815 2803 gia
839 2722 905 2783 che
930 2719 1043 2802 questi
1069 2720 1241 2783 cesariani
1273 2742 1337 2802 per
1361 2722 1480 2786 niente

200 2849 269 2891 non
294 2830 425 2890 voleno
450 2827 528 2891 fare
552 2828 738 2891 mutationi
762 2849 783 2890 o
807 2829 947 2891 tumulti
972 2828 1007 2889 in
1024 2840 1148 2908 questa
1166 2827 1367 2909 Germania,
1392 2851 1482 2911 quos

199 2947 317 2998 tamen
353 2936 436 2997 dum
470 2934 623 2998 maxime
657 2935 803 3017 cupiunt
840 2936 980 2997 blandis
1014 2934 1127 2997 modis
1161 2934 1295 2997 evitare
1328 2937 1481 3000 maxime

198 3043 391 3104 incurrunt.
704 3105 706 3110 .

289 3150 327 3212 In
354 3169 489 3212 summa
513 3149 654 3212 Revme
679 3158 714 3211 et
738 3148 971 3212 illustrissime
988 3147 1151 3227 Domine,
1177 3147 1293 3228 agitur
1317 3171 1410 3214 nunc
1435 3152 1479 3213 de

200 3256 331 3319 aliare
356 3277 461 3337 quam
486 3259 530 3318 de
556 3257 730 3337 Lutbero,
754 3257 904 3338 perche,
930 3278 1029 3318 come
1054 3254 1132 3317 dice
1157 3256 1312 3336 Hutten,
1336 3260 1478 3337 quando

199 3364 293 3426 mille
311 3364 408 3426 volte
422 3364 578 3426 Luthero
594 3363 690 3426 fusse
705 3375 831 3445 morto,
853 3385 890 3427 se
908 3363 1188 3445 descopriranno
1205 3373 1309 3425 cento
1323 3365 1479 3446 Lutberi,

200 3481 237 3532 et
259 3470 320 3551 gia
344 3491 430 3552 pare
462 3472 528 3533 che
560 3493 639 3534 esso
664 3472 800 3535 Hutten
824 3474 1001 3534 vorrebbe
1032 3470 1183 3551 quadam
1208 3469 1341 3532 invidia
1366 3484 1480 3536 motus

199 3578 390 3640 vendicare
415 3577 482 3639 sibi
505 3578 637 3659 primas
662 3589 792 3660 partes,
817 3580 841 3641 il
866 3580 932 3642 che
957 3578 1106 3640 farebbe
1131 3578 1316 3639 volentieri
1341 3601 1379 3642 se
1403 3602 1479 3663 spe-

198 3706 295 3746 rasse
330 3686 408 3747 chel
443 3688 576 3767 populo
610 3686 633 3748 li
668 3689 817 3748 havesse
850 3695 949 3747 tanta
982 3683 1065 3745 fede
1102 3694 1232 3764 quanta
1267 3707 1286 3746 a
1312 3686 1478 3751 Luther0.

199 3792 344 3853 Ancora
369 3793 401 3853 el
426 3792 557 3855 scrive:
583 3794 724 3872 quando
751 3813 830 3854 esso
854 3792 1047 3855 medesimo
1071 3790 1167 3853 fusse
1184 3803 1298 3854 morto
1322 3814 1393 3855 non
1409 3815 1478 3856 res·

198 3898 273 3960 tera
306 3899 328 3961 il
355 3909 451 3960 resto
485 3900 579 3961 della
604 3900 751 3961 nobilita
785 3899 928 3980 seguire
962 3908 1086 3980 questa
1111 3909 1274 3960 concetta
1307 3899 1477 3981 impresa;

199 4007 242 4068 ne
268 4007 286 4068 ὲ
312 4007 358 4067 da
382 4006 550 4068 dubbitar
575 4009 640 4069 che
666 4010 699 4069 la
722 4008 842 4068 hanno
866 4005 926 4088 gia
950 4005 1126 4068 destinata
1154 4005 1215 4086 piu
1239 4016 1359 4087 tempo
1383 4006 1420 4069 fa
1444 4018 1479 4069 et

199 4133 264 4175 con
289 4116 428 4194 grande
452 4134 598 4176 numero
624 4115 669 4174 de
694 4114 875 4176 coniurati.
924 4113 982 4174 Ad
1008 4132 1087 4174 esso
1106 4111 1236 4174 Hutten
1256 4115 1312 4174 nel
1330 4116 1478 4178 castello

199 4221 243 4281 de
258 4219 454 4301 Sichingen
477 4241 696 4284 concorreno
720 4222 800 4283 tutti
826 4220 941 4301 questi
962 4218 1176 4281 accademici
1192 4219 1361 4282 Rhenani
1386 4234 1421 4284 et
1445 4221 1478 4284 la

200 4327 283 4406 ogni
308 4348 378 4388 uno
403 4337 509 4389 mette
534 4328 556 4388 il
582 4330 744 4409 symbolo
770 4349 835 4390 con
854 4337 953 4389 tanto
969 4325 1085 4387 studio
1110 4335 1145 4387 et
1162 4335 1261 4388 tanta
1276 4327 1478 4391 elimatione

200 4435 265 4495 che
290 4434 308 4495 ὲ
335 4455 418 4497 cosa
443 4437 628 4516 stupenda.
669 4436 707 4497 Io
732 4437 766 4497 lo
791 4456 829 4495 so
853 4455 919 4514 per
942 4433 1082 4518 diverse
1105 4433 1162 4495 vie
1188 4445 1223 4495 et
1239 4435 1479 4498 ultimamente

201 4540 244 4600 rni
268 4539 288 4600 e
312 4553 446 4603 venuta
477 4543 512 4603 in
536 4542 629 4604 mani
662 4564 730 4604 una
762 4542 941 4604 cartecina
965 4540 1000 4602 di
1024 4541 1122 4601 detto
1147 4541 1282 4603 Hutten
1317 4543 1382 4603 che
1413 4563 1477 4624 par

200 4648 264 4708 che
297 4648 340 4709 sii
374 4668 443 4710 una
476 4649 649 4730 particula
684 4650 777 4710 della
810 4649 944 4711 minuta
977 4648 1012 4709 di
1047 4650 1163 4729 quella
1196 4649 1357 4730 Epistola
1389 4651 1479 4714 satta

201 4764 320 4816 contra
353 4754 463 4836 preti,
499 4757 565 4817 che
597 4756 835 4817 &cancellata
866 4755 901 4816 in
934 4754 995 4836 piu
1021 4755 1185 4817 dicento
1217 4757 1352 4837 luocbi,
1388 4766 1477 4820 tutte

202 4862 297 4940 quasi
323 4863 356 4922 le
380 4863 505 4942 parole
531 4862 566 4923 X
594 4864 689 4923 volte
714 4872 863 4940 mutate,
898 4864 968 4923 alla
992 4865 1105 4925 barba
1138 4864 1192 4925 de'
1210 4866 1319 4928 nostri
1346 4867 1476 4929 oratori
