3559 5734
699 569 928 625 0-232354

175 737 287 798 neque
312 717 419 779 animi
445 716 548 798 curis,
574 737 689 798 neque
714 716 875 799 corporis
899 716 1094 798 laboribus,
1120 729 1179 781 aut
1205 720 1300 783 vitae
1318 722 1452 803 pericu-

174 824 215 886 lis
237 826 432 906 parcend0,
458 845 499 886 ac
525 824 642 886 omnia
657 824 810 905 denique
826 826 1031 906 prestando,
1058 845 1146 905 quae
1171 848 1191 888 a
1206 826 1303 890 fideli
1320 827 1454 910 pariter

173 951 214 992 ac
237 930 400 1012 diligenti
426 930 557 993 Nuntio
582 930 734 1012 prestari
759 940 908 1012 possunt
933 942 969 993 et
992 932 1135 995 debent.
1176 933 1217 995 ln
1249 954 1319 1015 quo
1354 956 1454 1017 spem

173 1037 217 1098 de
231 1038 334 1101 vobis
358 1049 580 1121 conceptam,
604 1058 674 1101 non
700 1037 855 1120 impletis
878 1047 1026 1117 tantum,
1051 1040 1114 1101 sed
1140 1040 1246 1103 etiam
1263 1042 1452 1125 superatis

172 1144 249 1223 Quo
281 1148 328 1207 ad
358 1145 548 1208 facultates
581 1166 669 1226 quas
700 1166 720 1206 a
752 1143 983 1208 Sanctissimo
1008 1146 1161 1210 Domino
1187 1148 1318 1211 Nostro
1348 1150 1451 1213 vobis

171 1252 320 1314 concedi
335 1252 556 1332 desideratis,
582 1262 619 1315 ut
634 1251 778 1334 possitis
795 1251 982 1315 benivolas
1006 1262 1042 1315 et
1058 1254 1233 1335 propitias
1255 1257 1358 1319 vobis
1375 1258 1451 1320 red-

170 1359 255 1421 dere
278 1379 454 1441 personas
486 1360 587 1422 istius
612 1358 785 1438 nationis,
824 1379 915 1441 quae
948 1380 1014 1422 vos
1053 1360 1176 1424 iuvare
1209 1373 1378 1444 poterunt
1414 1363 1449 1428 in

170 1485 280 1547 opere
317 1478 441 1529 contra
464 1467 657 1531 Martinum
681 1466 873 1530 Lutherum
908 1466 1011 1529 vobis
1036 1469 1233 1549 commisso,
1274 1468 1453 1533 Sanctitas

169 1572 244 1635 Sua
268 1585 417 1655 propter
441 1574 705 1637 revocationem
738 1572 900 1636 similium
929 1573 1138 1638 facultatum
1172 1597 1285 1658 nuper
1309 1579 1451 1655 editam,

168 1689 206 1742 et
229 1681 265 1742 in
283 1681 498 1744 cancellaria
515 1681 727 1762 Apostolica
747 1681 975 1762 publicatam,
999 1683 1186 1762 respondit
1209 1683 1451 1766 impresentia-

166 1807 245 1849 rum
270 1789 576 1871 supersedendum
601 1809 696 1860 esse;
722 1797 776 1851 est
800 1797 918 1850 autem
943 1797 1131 1869 contenta,
1163 1793 1259 1872 quod
1283 1812 1349 1873 pro
1373 1813 1449 1873 per·

165 1894 275 1974 sonis,
301 1894 430 1976 quibus
454 1895 590 1976 gratias
615 1895 750 1977 aliquas
767 1896 1016 1957 concedendas
1041 1916 1120 1959 esse
1145 1896 1356 1977 indicabitis,
1381 1921 1448 1962 me·

165 2001 331 2064 morialia
355 2001 511 2082 mittatis,
537 2012 572 2064 et
596 1999 777 2064 Sanctitas
801 2000 875 2064 Sua
898 2001 1007 2065 faciet
1031 2002 1192 2085 expediri
1223 2005 1360 2068 litteras
1384 2009 1449 2068 sub

165 2110 324 2188 plumb0,
351 2108 460 2171 etsie
485 2108 536 2170 illi
560 2108 760 2171 uberiorem
785 2109 938 2189 gratiam
961 2111 1146 2172 habebunt
1171 2131 1192 2172 a
1209 2112 1319 2193 Papa,
1345 2134 1450 2194 quam

164 2236 186 2276 a
211 2214 327 2276 Vobis
352 2217 487 2277 habere
511 2225 668 2297 possent.
716 2212 802 2278 Sitis
826 2216 936 2296 igitur
959 2219 1054 2278 bono
1079 2217 1213 2296 animo,
1246 2228 1282 2279 et
1305 2230 1448 2301 sperate

163 2319 199 2382 in
225 2322 323 2402 De0,
355 2322 414 2403 qui
445 2343 517 2386 non
545 2322 721 2404 relinquet
751 2342 893 2385 causam
918 2321 1028 2385 Suam
1069 2336 1314 2405 procurantes.
1375 2327 1447 2388 Nos

163 2429 347 2509 equidem,
376 2430 405 2491 si
429 2450 500 2511 qua
523 2431 558 2493 in
590 2451 629 2492 re
654 2432 840 2493 commodo
865 2451 906 2492 ac
931 2430 1074 2492 utilitati
1098 2441 1239 2495 vestrae
1264 2435 1449 2496 consulere

161 2516 373 2616 poterimus,
399 2556 464 2617 pro
488 2537 593 2599 vobis
617 2558 687 2600 non
713 2536 816 2599 aliter
840 2558 944 2618 quam
969 2559 1034 2620 pro
1058 2538 1160 2601 nobis
1177 2539 1263 2621 ipsis
1283 2560 1447 2621 procura-

161 2640 289 2722 bimus,
314 2662 357 2704 ac
381 2644 605 2707 benevalete.

578 2751 708 2814 Vester
732 2759 901 2833 tanquam
927 2749 1060 2814 Servus

1032 2875 1203 2939 inmoritur
1222 2877 1333 2940 lulli.

949 2969 1104 3015 Sanctorum
1125 2976 1237 3031 quatuor
1257 2970 1411 3032 Martyrum.

708 3109 715 3115 r
722 3108 830 3118 *mamar-
877 3116 880 3117 γ
888 3110 894 3119 ι

780 3322 817 3384 11

498 3429 707 3508 Alennder
739 3428 1111 3514 vicecancellario.

561 3566 703 3630 mutat.
731 3565 820 3627 dem.
844 3566 875 3627 la.
903 3567 949 3627 fol.
977 3568 1045 3641 137.)

591 3675 725 3745 (Fortasse
749 3691 788 3727 12.
808 3682 909 3744 Januar
932 3680 1019 3747 1521.)

323 3800 397 3873 Ruit
422 3812 458 3864 et
480 3800 551 3874 iat}e
575 3802 639 3875 Duff
672 3802 737 3875 D¹¹2²
770 3802 817 3866 mi
842 3806 935 3880 colun

250 3926 286 3989 A
317 3926 352 3988 di
378 3925 444 3989 XI.
477 3925 512 3987 di
544 3937 670 4007 questo
702 3927 822 4009 recepi
853 3929 887 3990 le
919 3928 956 3990 di
988 3938 1042 3991 tre
1067 3932 1111 3993 de
1137 3932 1180 3995 V.
1206 3932 1242 3996 S.
1267 3934 1355 4007 RQ&
1392 3955 1442 3997 re-

160 4032 341 4112 sponderb
363 4034 432 4094 alle
451 4032 543 4115 parti
561 4033 597 4094 di
615 4035 733 4114 quelle
748 4034 809 4115 poi
826 4037 893 4097 che
908 4037 994 4098 haro
1012 4037 1213 4119 significato
1231 4044 1263 4102 el
1279 4062 1443 4103 successo

160 4141 255 4201 della
280 4139 349 4201 mia
374 4138 581 4202 difficillima
605 4141 768 4222 impresa.
824 4143 944 4224 Dopoi
969 4146 1001 4205 el
1027 4145 1061 4206 di
1088 4145 1255 4208 XLVIII
1281 4149 1338 4209 del
1364 4144 1463 4228 pass

160 4258 237 4308 sato
255 4247 321 4308 che
338 4246 372 4309 io
389 4249 422 4309 le
438 4247 556 4309 scrissi
577 4249 692 4310 havea
716 4248 838 4311 scritto
862 4247 899 4310 in
923 4252 1041 4330 quelle
1066 4254 1132 4314 che
1156 4274 1222 4335 per
1244 4255 1278 4315 la
1303 4255 1442 4317 brevite

160 4356 218 4415 del
243 4363 364 4435 tempo
389 4355 455 4416 che
481 4352 611 4415 Cesare
636 4353 673 4415 fu
698 4374 719 4416 a
742 4354 931 4436 Moguntia
960 4367 996 4419 et
1024 4360 1259 4439 occupatione
1284 4362 1341 4424 del
1366 4362 1443 4434 R¹¹1⁰

160 4459 373 4542 Mogontino
404 4469 439 4521 et
472 4458 523 4545 (ut
556 4458 711 4541 ingenue
735 4461 862 4542 fatear)
895 4482 959 4543 per
992 4465 1026 4525 la
1055 4466 1252 4545 perversita
1279 4469 1440 4531 de'mini-

160 4567 222 4628 stri
246 4564 348 4628 achi
373 4567 419 4628 lui
446 4568 561 4629 havea
585 4567 668 4629 dato
692 4570 727 4629 la
751 4569 998 4633 commissione
1023 4571 1117 4633 della
1146 4593 1230 4635 cosa
1254 4576 1442 4638 lutherana

158 4685 192 4735 et
208 4693 273 4756 per
297 4673 482 4755 malignitai
506 4673 542 4735 di
565 4676 684 4755 quella
707 4675 802 4755 cina,
828 4696 919 4758 quae
943 4680 989 4739 ab
1014 4679 1159 4760 antiquo
1184 4700 1337 4762 nequam
1363 4682 1439 4766 fuit,

160 4794 195 4841 et
219 4801 274 4842 me
298 4779 378 4842 fece
403 4800 424 4841 a
448 4800 503 4843 me
527 4782 678 4861 qualche
702 4784 822 4844 brutto
848 4785 1004 4863 scher20,
1030 4784 1066 4846 fu
1091 4786 1180 4849 fatto
1203 4788 1296 4850 assai
1314 4789 1441 4855 fredda

160 4887 382 4951 executione.
422 4889 470 4949 Al
485 4898 652 4968 presente
677 4889 700 4950 li
725 4888 887 4972 significo
913 4892 978 4953 che
1004 4894 1037 4954 el
1059 4894 1150 4961 Cart
1179 4898 1297 4976 quella
1313 4897 1440 4962 istessa
