3559 5734
705 549 933 605 renuo*

173 694 296 776 libros,
320 696 385 757 sed
409 695 613 777 priusquam
634 696 703 758 bae
719 694 838 776 sigillo
855 715 1025 759 caesareo
1041 702 1299 774 emorerentur,
1323 701 1458 754 tantum

178 801 285 865 valuit
309 804 560 865 nonnullorum
583 802 776 885 malignum
793 804 989 883 consilium,
1013 812 1052 865 ut
1066 823 1123 865 res
1139 801 1183 865 sit
1199 803 1244 864 ad
1260 800 1459 864 Germanos

172 910 357 990 principes
381 919 417 972 et
440 911 594 991 populos
619 910 679 991 qui
702 909 738 972 in
755 921 934 974 conventu
949 919 1061 993 agunt
1075 912 1199 990 relata,
1224 929 1280 972 me
1295 907 1459 992 profecto

173 1017 363 1099 plurimum
395 1017 458 1080 sed
491 1016 623 1079 frustra
653 1019 879 1081 reclamante.
929 1017 1107 1081 Videbam
1135 1017 1228 1080 enim
1251 1015 1358 1079 facile
1380 1015 1458 1078 fore

173 1133 213 1184 ut
235 1122 266 1186 si
289 1123 325 1186 id
350 1124 396 1186 ad
420 1124 508 1187 istos
532 1122 758 1206 misomystas
781 1124 987 1206 referretur,
1015 1124 1101 1188 nihil
1125 1125 1209 1188 inde
1232 1123 1318 1187 boni
1342 1121 1457 1185 eveni-

172 1242 239 1294 ret.
286 1230 487 1312 Utcumque
517 1231 715 1312 parendum
745 1230 813 1294 fuit
841 1230 985 1296 Caesari
1016 1254 1061 1294 ex
1096 1232 1214 1295 alieno
1239 1229 1385 1294 consilio
1411 1228 1459 1291 ita

172 1337 311 1401 iubenti
343 1347 381 1400 ut
410 1359 485 1401 rem
510 1338 748 1400 Lutheranam
783 1358 903 1401 coram
933 1359 972 1402 se
1002 1350 1038 1402 et
1065 1338 1209 1421 Imperii
1239 1336 1459 1420 principibus

172 1454 447 1528 proponeretur.
495 1445 563 1527 Egi
597 1445 705 1527 igitur
738 1466 881 1509 causam
916 1448 1006 1509 hanc
1041 1446 1099 1509 die
1130 1445 1275 1508 cinerali
1300 1447 1346 1507 ad
1370 1445 1459 1506 duas

172 1554 282 1615 horas
315 1572 447 1634 magna
478 1551 641 1616 Caesaris
673 1564 708 1615 et
741 1553 940 1635 principum
973 1553 1184 1627 attentione;
1220 1551 1351 1615 Caesar
1380 1552 1458 1632 ipse

172 1678 317 1740 semper
347 1670 386 1721 ut
411 1660 509 1741 prius
532 1680 554 1721 a
578 1658 649 1722 fide
673 1660 771 1722 stetit
794 1660 901 1741 inque
926 1660 1000 1724 eius
1024 1660 1236 1725 senteutiam
1262 1657 1314 1746 (ut
1338 1655 1458 1742 audio)

170 1765 356 1848 principes
386 1768 559 1830 electores
592 1786 715 1829 omnes
747 1767 902 1848 iverunt,
936 1780 1080 1850 praeter
1112 1765 1293 1831 Saxonem
1326 1765 1385 1848 qui
1418 1775 1456 1828 ut

171 1871 336 1936 febribus
365 1882 534 1955 aegrotus
566 1876 702 1938 aberat.
750 1874 887 1955 Rogati
919 1876 1096 1939 sententia
1120 1875 1253 1938 caeteri
1277 1872 1458 1956 principes

171 1981 356 2062 petierunt
388 1980 455 2044 sibi
487 1991 626 2062 tempus
659 1983 705 2043 ad
736 1982 1006 2045 deliberandum
1037 1982 1134 2062 dari,
1168 2001 1238 2064 quo
1262 1991 1369 2063 pacto
1394 2000 1458 2042 sex

172 2086 252 2149 dies
275 2089 448 2168 petebant
472 2089 768 2168 quemadmodum
793 2098 828 2151 et
851 2087 1052 2152 Simonides
1076 2088 1191 2176 (puto)
1216 2087 1364 2152 Hieroni
1388 2108 1458 2149 res·

173 2213 363 2275 ponsurus.
400 2193 532 2257 Caesar
556 2196 672 2258 adhuc
696 2196 849 2259 triduum
874 2205 992 2260 tamen
1017 2196 1202 2260 concessit.
1238 2195 1279 2257 Id
1304 2193 1458 2258 crastino

173 2300 233 2363 die
257 2299 410 2382 finietur,
435 2321 550 2382 neque
575 2302 659 2383 quid
684 2302 729 2365 sit
752 2302 909 2368 futurum
934 2304 1020 2366 certi
1045 2302 1179 2385 aliquid
1199 2304 1384 2376 babemus;
1410 2301 1459 2363 ita

172 2418 324 2471 restam
347 2408 546 2488 manifesta,
571 2418 714 2491 tamque
738 2411 845 2491 clara,
870 2411 1114 2492 pugnantibus
1138 2410 1324 2474 sententiis
1347 2409 1458 2472 invol-

172 2515 280 2577 vitur.

281 2622 522 2704 Expectamus
552 2622 661 2704 igitur
692 2625 826 2688 exitum
858 2628 903 2689 de
937 2646 1006 2708 quo
1043 2636 1078 2690 te
1109 2634 1237 2708 postea
1270 2624 1457 2689 certiorem

171 2730 331 2792 reddam.
380 2728 463 2792 Vidi
487 2730 657 2795 Coloniae
688 2751 735 2794 ex
766 2732 894 2797 litteris
925 2753 1013 2815 quas
1037 2736 1083 2796 ad
1107 2733 1338 2798 Hocstratum
1362 2731 1456 2794 dedi·

173 2835 236 2914 sti,
262 2847 298 2898 et
322 2857 368 2898 ex
393 2835 447 2899 his
471 2836 554 2900 item
579 2858 668 2919 quas
692 2840 737 2902 ad
761 2860 816 2903 me
841 2860 973 2922 nuper,
1005 2841 1090 2922 quid
1114 2860 1180 2922 per
1204 2851 1239 2902 te
1264 2839 1308 2902 sit
1330 2838 1365 2901 in
1390 2839 1455 2900 hac

173 2963 212 3007 re
243 2953 376 3023 actum,
408 2955 444 3007 et
468 2945 551 3025 quid
577 2945 661 3008 mibi
686 2950 851 3011 consulas
875 2947 1035 3011 similiter
1062 2947 1274 3011 faciendum.
1321 2947 1361 3009 In
1386 2966 1456 3028 quo

173 3070 252 3115 amo
277 3059 324 3130 te,
349 3053 395 3113 mi
410 3051 506 3130 Ecci2
531 3053 688 3133 multum,
713 3054 795 3135 quia
820 3055 980 3118 tractasti
1005 3067 1040 3118 et
1063 3054 1217 3118 fideliter
1241 3063 1277 3118 et
1298 3052 1458 3136 graviter

175 3178 217 3220 ea
239 3158 359 3220 omnia
383 3159 597 3223 adamussim
622 3181 770 3242 quorum
794 3162 859 3224 tibi
883 3163 1071 3245 negocium
1092 3164 1212 3225 datum
1229 3170 1292 3224 est.
1324 3159 1369 3223 Et
1385 3179 1455 3242 ego

174 3283 315 3347 quoque
347 3266 474 3328 eodem
505 3265 569 3328 tibi
603 3267 750 3331 consilio
775 3267 960 3332 Pontificis
992 3270 1172 3332 decretum
1202 3269 1238 3331 in
1263 3267 1456 3330 Lutherum

176 3381 210 3433 et
240 3370 317 3434 eius
348 3371 551 3435 coniuratos
575 3375 737 3437 omnibus
761 3375 949 3458 Episcopis
973 3376 1104 3456 obtuli,
1139 3386 1174 3439 et
1198 3377 1366 3438 mandata
1388 3374 1456 3437 rite

176 3496 249 3539 sum
281 3489 454 3543 executus
484 3500 705 3562 quacumque
737 3484 909 3546 hactenus
933 3482 1001 3547 iter
1024 3481 1108 3555 feci;
1142 3490 1178 3545 et
1201 3481 1231 3545 si
1255 3503 1344 3565 quos
1368 3480 1457 3544 alios

175 3582 208 3645 in
232 3585 299 3646 hoc
324 3583 612 3667 frequentissimo
636 3598 814 3650 conventu
839 3590 1033 3671 inveniam,
1065 3589 1197 3652 ididem
1222 3589 1368 3670 faciam,
1392 3591 1456 3651 sed

177 3691 338 3772 profecto
362 3694 451 3755 haec
475 3693 594 3759 omnia
617 3715 740 3777 parum
765 3696 868 3760 nobis
893 3698 998 3762 video
1023 3696 1218 3779 profutura,
1244 3697 1309 3760 nisi
1330 3697 1456 3760 Caesa·

176 3797 220 3859 ris
251 3799 425 3863 autoritas
457 3800 559 3863 adsit.
608 3801 676 3882 Qui
701 3802 793 3865 enim
825 3825 958 3886 quaeso
989 3805 1052 3868 fiat
1075 3816 1113 3867 ut
1136 3804 1159 3868 ii
1185 3805 1332 3867 timeant
1356 3802 1455 3884 Epis·

175 3925 342 3987 coporum
367 3907 480 3970 minas
504 3908 564 3989 qui
589 3906 722 3971 Summi
747 3911 931 3974 Pontificis
955 3912 1214 3993 execrationes,
1241 3912 1311 3975 imo
1336 3908 1455 3975 Ponti·

174 4010 272 4075 ficem
304 4011 419 4095 ipsum
453 4014 514 4076 vix
547 4014 611 4097 pili
640 4016 794 4081 faciant?
842 4020 1029 4083 Plectendi
1053 4030 1135 4082 sunt
1157 4020 1328 4083 baeretici
1351 4018 1455 4100 virga

174 4118 290 4183 ferrea
323 4131 358 4184 et
389 4120 465 4202 igni
496 4123 558 4185 ubi
582 4123 760 4189 obstinate
784 4139 940 4209 pergunt
965 4138 1000 4189 et
1024 4147 1174 4209 peccare
1199 4126 1282 4210 ipsi,
1307 4137 1343 4190 et
1366 4125 1455 4188 alios

175 4225 320 4291 miseros
352 4227 386 4290 in
421 4227 637 4309 profundam
671 4230 807 4296 ruinam
840 4253 958 4296 secum
986 4236 1137 4316 habere,
1172 4244 1208 4297 et
1231 4231 1395 4297 tradendi
1419 4233 1454 4294 in

175 4331 349 4396 interitum
375 4336 492 4398 carnis
516 4357 586 4417 quo
610 4337 755 4419 spiritus
770 4341 889 4404 salvus
905 4340 977 4422 fiat,
1003 4353 1040 4405 ut
1056 4341 1091 4404 in
1106 4341 1341 4424 Vigilantium
1358 4350 1454 4401 recte

175 4440 394 4522 cognominis
431 4462 528 4506 meus
565 4444 668 4507 divus
705 4447 881 4509 consuluit
917 4448 1166 4532 Hieronymus.
1226 4448 1454 4532 Quapropter

175 4548 283 4610 maius
317 4569 387 4632 ego
419 4550 543 4613 nescio
573 4550 657 4633 quid
691 4554 737 4614 ab
764 4551 863 4618 initio
888 4554 1008 4619 statim
1033 4577 1107 4619 sum
1132 4574 1325 4637 aggressus
1350 4573 1454 4635 quarn

174 4666 230 4716 aut
253 4655 424 4718 Pontifex
458 4658 541 4720 mibi
570 4658 762 4722 iniunxerit
795 4662 890 4742 quod
922 4661 1005 4725 fidei
1028 4664 1149 4727 hostes
1180 4662 1246 4725 sibi
1280 4661 1454 4744 quispiam

174 4763 433 4840 persuaderem.
488 4764 577 4827 Nam
614 4767 793 4830 decretum
831 4767 994 4832 Caesaris
1030 4770 1063 4832 in
1098 4770 1219 4851 primis
1252 4770 1453 4852 procuravi,

175 4867 268 4931 cuius
294 4870 449 4933 maximo
474 4874 519 4934 ad
540 4874 787 4954 exequendam
802 4875 987 4938 Pontificis
1002 4878 1214 4940 sententiam
1229 4877 1453 4957 adminiculo,
