3559 5734
829 520 1075 580 eoactum

312 670 480 730 mandent
505 678 539 730 et
568 681 691 731 contra
723 689 794 730 non
826 671 1060 730 observantes
1095 676 1131 729 et
1161 664 1362 728 diffamatos
1395 665 1593 746 procedant

313 773 460 837 iuridice
484 775 529 836 ad
554 793 666 857 penas
682 785 881 846 contentas;
907 773 1080 836 correctio
1097 773 1190 835 enim
1203 791 1357 852 unquam
1373 774 1454 852 plus
1467 791 1591 852 opera·
1679 810 1682 814 <

312 884 407 945 bitur
431 903 535 964 quam
561 881 639 962 ipsa
663 882 868 964 publicatio,

404 991 448 1051 Et
463 990 557 1050 istud
573 988 752 1051 videbitur
773 993 838 1051 sub
863 988 1083 1051 correctione
1106 1007 1213 1068 poss-‚e
1237 986 1314 1048 fieri
1340 985 1594 1047 convenienter

314 1118 378 1178 per
394 1096 568 1157 officiales
589 1095 846 1158 ordinariorum
871 1116 917 1158 ex
942 1094 1186 1156 commissione
1212 1092 1409 1173 apostolica
1425 1095 1517 1154 bene
1534 1112 1593 1152 ex·

313 1213 414 1266 tensa
439 1212 562 1265 contra
586 1212 770 1284 exemptes
794 1202 1043 1282 cuiuscumque
1068 1200 1203 1262 ordinis
1228 1210 1263 1262 et
1287 1198 1510 1260 conditionis.

401 1301 545 1371 interim
570 1309 817 1371 commonendi
841 1321 922 1370 sunt
946 1328 1068 1369 omnes
1092 1306 1318 1369 confessores
1341 1304 1593 1385 cuiuscumque

313 1416 527 1480 conditionis
559 1425 597 1477 ut
626 1418 758 1478 nullum
790 1416 1006 1477 detinentem
1037 1414 1147 1476 libros
1179 1413 1376 1494 hujusmodi
1405 1413 1594 1474 absolvant

313 1535 374 1586 aut
407 1525 638 1586 Sacramenta
670 1522 912 1585 ecclesiastica
947 1520 1193 1583 administrent
1228 1530 1294 1581 etc.
1332 1519 1365 1581 in
1402 1518 1480 1580 foro
1514 1539 1593 1581 con·

313 1631 483 1694 scientiae

401 1739 446 1800 Et
470 1739 617 1800 ulterius
646 1735 817 1799 diffamati
849 1736 894 1797 de
924 1737 991 1797 hoc
1023 1754 1112 1815 quos·
1141 1734 1373 1795 absolverunt
1401 1742 1437 1794 et
1460 1731 1594 1812 scripta

314 1845 475 1908 detinent
500 1846 543 1906 ad
569 1843 734 1906 iustitiam
760 1843 835 1904 fisci
861 1842 1014 1905 citentur
1038 1853 1074 1902 et
1098 1850 1222 1902 contra
1246 1840 1343 1921 ipsos
1376 1841 1592 1920 procedatur

313 1954 358 2015 ad
382 1972 504 2033 penas.

403 2059 441 2121 In
467 2059 592 2119 eadem
616 2056 861 2119 commissione
887 2068 947 2117 aut
972 2056 1041 2118 alia
1065 2058 1110 2117 ad
1135 2065 1336 2136 presentem
1357 2056 1491 2116 debent
1514 2074 1593 2115 esse

313 2166 420 2246 aliqui
445 2165 622 2245 speciales
647 2163 876 2225 commissarii
903 2163 938 2223 in
962 2163 1123 2243 partibus
1156 2162 1283 2242 quibus
1315 2163 1417 2222 detur
1442 2160 1594 2222 facultas

313 2272 524 2333 absolvendi
548 2280 696 2353 propter
720 2271 888 2350 pericula.

864 2719 866 2721 ’
929 2716 981 2779 ll.

678 2831 1004 2946 vicecancellarius
1032 2832 1220 2910 Alcandrc.

721 2979 892 3046 [Nuntiat.
912 2979 1064 3038 (tarmen.
1087 2978 1118 3035 L.
1137 2978 1188 3047 tt.)

812 3113 863 3159 129.
883 3100 987 3164 Aprilis
1010 3098 1096 3166 1521.)

404 3234 565 3296 Havemo
589 3236 623 3294 la
648 3242 769 3294 vostra
793 3233 850 3293 del
875 3231 910 3294 V
934 3234 991 3294 del
1016 3253 1112 3294 mese
1137 3252 1203 3293 con
1228 3231 1263 3292 la
1287 3227 1389 3310 copia
1414 3229 1508 3290 della
1529 3228 1594 3289 dii·

314 3341 406 3414 fida;
432 3343 467 3402 la
490 3341 571 3421 qual
597 3360 681 3401 cosa
705 3340 722 3400 ἐ
747 3342 916 3401 talmente
950 3339 1180 3402 rincresciuta
1209 3338 1255 3398 ad
1282 3336 1325 3400 N.
1357 3332 1393 3400 S.
1423 3336 1489 3396 che
1522 3355 1594 3397 non

316 3449 347 3510 ci
377 3451 480 3509 basta
514 3447 534 3508 l’
553 3447 670 3508 animo
698 3446 734 3507 di
768 3446 1044 3526 exprimerneloz
1082 3456 1117 3506 et
1147 3465 1185 3506 se
1220 3463 1289 3505 non
1321 3443 1387 3503 che
1415 3447 1475 3522 poi
1508 3441 1538 3502 ci
1575 3442 1595 3504 ὁ

315 3565 447 3617 venuto
471 3554 571 3615 aviso
597 3554 662 3614 che
686 3554 734 3614 tal
760 3552 884 3614 diffide
909 3553 927 3614 ὲ
953 3563 1044 3615 stata
1068 3559 1248 3628 revocata,
1273 3570 1335 3610 sua
1360 3546 1411 3610 gu
1436 3569 1496 3610 era
1512 3528 1617 3609 con-¹

317 3671 448 3724 strecta
472 3660 574 3722 farne
604 3660 871 3722 dimostratione
897 3660 930 3721 di
964 3670 1058 3720 sorte
1090 3660 1155 3719 che
1188 3675 1328 3737 sempre
1364 3675 1401 3717 se
1431 3675 1475 3717 ne
1506 3654 1596 3716 fussi
1672 3716 1676 3720 ,

316 3769 455 3850 perlato
481 3768 515 3829 in
542 3766 719 3846 vituperio
744 3775 780 3827 et
803 3766 1021 3828 dannatione
1054 3766 1136 3826 delli
1169 3763 1302 3825 auctori
1333 3774 1368 3824 et
1400 3762 1483 3823 delli
1514 3761 1596 3842 capi

316 3883 352 3936 et
376 3873 494 3935 nation
520 3874 585 3935 che
610 3873 632 3933 li
658 3873 826 3940 sostiene:
857 3894 913 3935 ma
937 3873 1075 3954 piaccia
1092 3872 1162 3933 alla
1179 3891 1313 3932 somma
1329 3869 1439 3929 bonta
1464 3869 1499 3928 di
1525 3869 1595 3929 Dio

320 3983 385 4043 che
411 3981 439 4042 si
464 3979 651 4041 emendino
676 4000 745 4041 una
770 3981 866 4041 volta
890 3992 926 4041 et
949 3978 1196 4040 riconoschino
1221 3998 1259 4038 se
1284 3987 1319 4036 et
1339 3977 1363 4036 li
1380 3975 1489 4037 errori
1508 3974 1596 4037 suoi.

408 4086 453 4147 Vi
478 4086 505 4146 si
531 4088 659 4148 manda
684 4087 719 4148 la
745 4087 846 4148 Bulla
870 4090 999 4149 havete
1024 4086 1160 4146 chiesta
1183 4092 1378 4146 rassectata
1403 4084 1459 4144 nel
1490 4083 1597 4144 modo

318 4204 354 4256 et
382 4214 509 4274 parere
534 4204 654 4254 vostro
687 4196 752 4255 che
784 4196 911 4255 drento
943 4214 1012 4255 non
1046 4192 1074 4252 si
1108 4191 1265 4273 exprime
1296 4191 1598 4252 nominatamente

318 4304 383 4363 che
408 4301 574 4362 Martin0.
623 4302 692 4362 Per
715 4310 879 4381 respecto
906 4302 962 4361 del
988 4301 1135 4361 doctore
1152 4296 1324 4379 Spieghel
1342 4297 1383 4361 N.
1402 4294 1437 4359 S.
1459 4296 1478 4357 e
1502 4306 1597 4358 stato

319 4418 485 4469 contento
511 4407 545 4466 di
571 4407 750 4469 rimettere
774 4409 809 4467 la
834 4418 965 4468 anneta
989 4408 1059 4468 alla
1083 4404 1288 4467 univerisitit
1321 4404 1354 4465 di
1386 4400 1598 4465 Stletstadio

319 4524 354 4577 et
383 4514 427 4575 de
457 4515 570 4575 donar
602 4516 660 4576 del
694 4534 757 4575 suo
790 4515 859 4575 allo
896 4513 1101 4575 adversario
1136 4521 1267 4592 quanto
1305 4513 1351 4571 ho
1381 4511 1598 4572 domandato

318 4621 416 4683 accio
442 4622 530 4683 ceda
555 4629 590 4681 et
615 4625 686 4682 cosi
712 4631 802 4682 tutto
828 4621 891 4682 s'e
917 4620 1080 4682 ordinato
1106 4628 1141 4680 et
1158 4617 1379 4698 exequirassi
1396 4616 1598 4678 indubitata

320 4739 436 4790 mente
462 4738 497 4789 et
521 4729 674 4809 bisogna
699 4730 764 4790 che
790 4727 845 4789 noi
871 4727 1045 4788 facciamo
1071 4725 1154 4787 dalli
1179 4724 1379 4786 medessimi
1395 4723 1505 4786 nostri
1529 4726 1596 4784 sol·

319 4836 455 4897 licitare
480 4839 512 4896 el
538 4845 634 4897 tucto
660 4856 728 4896 non
753 4837 919 4896 havendo
949 4837 983 4895 la
1012 4832 1203 4896 universita
1235 4832 1269 4893 in
1300 4833 1419 4894 Roma
1442 4851 1597 4911 persona
