3559 5734
835 514 1084 578 *dando*

318 667 424 734 etiam
454 666 690 750 intervenire,
724 666 817 730 sicut
848 666 885 729 in
918 669 1014 730 bono
1038 665 1156 732 tritico
1190 664 1323 730 zizania
1353 685 1501 730 necesse
1533 672 1599 730 est.

316 776 408 839 Illud
432 775 535 839 nobis
559 796 631 840 non
656 774 848 840 admodum
871 774 1032 837 modeste
1061 772 1195 837 factum
1217 772 1331 839 uisum
1356 783 1410 837 est
1434 775 1531 856 quod
1554 774 1600 835 de

317 882 475 946 Concilio
506 886 699 965 loquuntur
728 884 893 967 generali
922 904 996 948 non
1019 903 1122 946 secus
1153 902 1195 944 ac
1223 882 1252 945 si
1277 881 1342 946 soli
1373 881 1506 946 domini
1530 901 1601 946 om·

317 991 410 1054 nium
435 1011 552 1055 rerum
577 1001 706 1071 essent,
732 1002 768 1055 et
791 989 1042 1056 christianitas
1063 1010 1134 1056 una
1157 988 1203 1052 sit
1226 988 1436 1063 Germania;
1461 1008 1541 1052 cum
1564 1003 1601 1050 et

318 1098 362 1159 ad
388 1118 492 1180 quem
515 1097 712 1181 pertineat,
744 1119 787 1161 ac
811 1118 960 1180 quorum
985 1099 1032 1160 de
1054 1117 1233 1164 consensu
1254 1117 1453 1161 convocare
1478 1094 1602 1160 Conci·

316 1205 398 1267 lium
423 1205 537 1267 omnia
565 1204 641 1267 iura
666 1206 920 1285 demonstrent,
946 1213 981 1267 et
1002 1224 1094 1267 nunc
1110 1204 1164 1268 eis
1179 1204 1412 1272 incommodis
1427 1204 1615 1287 implicita

317 1312 362 1374 sit
386 1310 632 1375 Christianitas
662 1321 701 1374 ut
731 1314 841 1375 multa
872 1311 971 1393 prius
1002 1310 1185 1395 explicare
1215 1332 1366 1385 necesse
1396 1312 1461 1393 sit,
1494 1331 1602 1394 quam

317 1420 384 1481 huc
418 1418 599 1482 devenire.
646 1418 780 1481 Verum
813 1421 903 1482 haec
936 1418 1217 1501 gubernabimus
1251 1438 1294 1482 ea
1321 1418 1465 1483 rationo
1494 1417 1603 1501 qoam

316 1525 543 1608 inspiraverit
576 1526 679 1588 nobis
709 1525 826 1606 DeuS,
862 1525 980 1588 animo
1014 1525 1156 1607 quidem
1190 1525 1296 1589 etiam
1329 1525 1463 1590 maiore
1495 1545 1605 1607 quam

317 1644 494 1695 tantorum
518 1633 699 1698 turbinum
723 1652 916 1696 concursus
949 1632 1007 1715 qui
1033 1642 1068 1695 et
1092 1654 1112 1696 a
1136 1633 1330 1695 'l'urcarum
1353 1632 1460 1696 armis
1494 1644 1532 1696 et
1555 1635 1603 1695 ab

315 1738 491 1803 intestinis
515 1739 795 1803 Christianorum
826 1739 1060 1803 incommodis
1083 1758 1148 1802 nos
1171 1749 1376 1822 praemunt,
1412 1738 1604 1802 videantur

315 1848 508 1930 postulare.
556 1846 649 1927 Quid
674 1847 767 1910 enim
791 1849 849 1909 vel
874 1846 980 1909 animi
1005 1848 1063 1909 vel
1087 1846 1223 1909 consilii
1237 1831 1370 1910 'deesse
1391 1855 1511 1929 potest
1535 1845 1603 1908 rite

317 1965 353 2018 et
384 1954 530 2017 firmiter
563 1953 597 2018 in
623 1954 776 2018 Domino
801 1954 1052 2036 sperantibus?
1099 1953 1260 2017 Habebis
1291 1954 1397 2017 etiam
1425 1961 1602 2036 protesta-

316 2062 456 2135 tionum,
484 2063 686 2142 exemplum
721 2082 812 2142 quae
845 2081 911 2143 per
945 2062 1135 2128 liberarum
1168 2060 1349 2124 civitatum
1374 2060 1533 2123 Nuntios
1567 2059 1602 2123 in

317 2169 443 2232 eodem
467 2178 646 2232 conventu
669 2168 788 2231 factae
810 2178 901 2250 sunt,
927 2189 1017 2252 quae
1042 2188 1112 2250 quo
1133 2168 1254 2231 animo
1272 2168 1352 2249 sint,
1376 2167 1487 2231 infido
1519 2167 1607 2230 vide

316 2276 400 2338 licet
431 2282 468 2337 et
491 2286 680 2359 corrupt0,
713 2275 859 2357 etquid
887 2275 990 2339 nobis
1014 2276 1049 2338 in
1074 2275 1254 2357 presentia
1285 2276 1448 2339 videatur
1480 2273 1605 2338 afferri

318 2381 466 2445 remedii
497 2401 614 2464 posse,
641 2383 685 2445 ad
710 2383 877 2446 dilectum
901 2381 1011 2445 filium
1038 2382 1269 2446 Melchiorem
1293 2382 1456 2465 Langum
1480 2381 1601 2445 Came·

317 2489 446 2553 rarium
470 2500 629 2554 nostrum
664 2510 742 2552 cum
767 2489 1086 2572 circumspectione
1110 2499 1171 2553 tua
1193 2491 1387 2571 praecipue
1411 2489 1603 2552 communi-

317 2596 468 2659 candum
492 2596 676 2675 mittimus,
710 2596 766 2659 cui
790 2606 827 2658 tu
852 2595 959 2659 fidem
984 2616 1123 2659 omnem
1147 2596 1307 2659 habebis.
1354 2588 1522 2659 Nostrum
1548 2604 1605 2658 est

318 2724 410 2766 nunc
433 2704 569 2770 hortari
593 2703 629 2766 in
647 2703 800 2767 Domino
825 2702 1178 2786 circumspectionem
1202 2712 1298 2766 tuam
1322 2712 1360 2764 ut
1384 2702 1603 2784 singularem

317 2795 396 2874 eam
411 2811 636 2893 prudentiam
654 2830 724 2893 qua
740 2810 776 2874 in
793 2810 916 2893 primis
932 2813 1044 2896 pollet
1065 2809 1363 2874 etauctoritatem
1381 2830 1451 2892 qua
1465 2829 1603 2903 summe

317 2928 371 2981 est
395 2917 569 3000 praedita,
593 2917 757 2981 conferre
782 2939 921 2981 omnem
946 2918 992 2981 ad
1016 2918 1202 2980 tutandum
1219 2916 1441 2980 Christianae
1456 2915 1542 2980 fidei
1567 2926 1604 2979 et

316 3025 420 3088 huius
443 3023 598 3089 Sanctae
618 3022 734 3103 Sedis,
759 3024 858 3088 cuius
881 3024 960 3106 ipsa
983 3023 1292 3087 honoratissimum
1315 3026 1511 3087 membrum
1536 3037 1603 3106 est,

318 3133 427 3194 decus
450 3152 520 3193 non
536 3141 741 3214 postponat,
767 3152 917 3214 eumque
932 3152 1088 3195 amorem
1105 3151 1175 3214 quo
1191 3131 1295 3209 nobis
1308 3119 1454 3215 proprie
1470 3131 1604 3196 affecta

318 3248 372 3302 est
396 3247 432 3302 et
454 3238 511 3301 cui
534 3259 600 3302 nos
623 3259 695 3301 non
720 3239 846 3302 minori
869 3237 1112 3302 benivolentia
1133 3239 1400 3319 respondemus,
1425 3238 1604 3301 inhaere

317 3355 430 3409 totum
461 3347 667 3420 ostendere;
705 3346 733 3410 si
758 3356 874 3409 tamen
908 3344 1076 3429 perennis
1106 3351 1142 3408 et
1165 3354 1342 3428 perpetua
1372 3345 1449 3409 laus
1471 3355 1534 3408 tua
1566 3356 1603 3408 et

317 3453 417 3516 istius
451 3453 575 3516 summi
612 3473 653 3516 ac
687 3453 789 3515 nobis
823 3451 1097 3516 coniunctissimi
1126 3451 1242 3535 Regis
1276 3435 1313 3514 in
1345 3455 1414 3515 hoc
1446 3453 1602 3534 negocio

319 3560 471 3623 maxime
496 3560 614 3641 posita
639 3568 693 3623 est
725 3568 763 3622 ut
786 3560 963 3642 possimus
987 3559 1179 3640 aliquando
1204 3558 1477 3642 Rempublicam
1503 3559 1601 3622 Chri·

317 3666 467 3729 stianam
492 3677 544 3729 tot
560 3666 792 3730 incommodis
809 3668 1030 3729 laborantem
1048 3666 1103 3729 his
1117 3665 1396 3749 perniciosarum
1412 3667 1600 3730 haeresum

317 3784 354 3836 et
386 3773 618 3855 gravissimae
642 3772 834 3857 impietatis
857 3772 977 3853 malis,
1013 3773 1092 3836 Deo
1116 3782 1312 3853 annuente,
1347 3773 1511 3837 liberare.
1560 3774 1599 3837 In

317 3900 388 3962 quo
411 3890 450 3944 tu
474 3882 616 3964 quidem
640 3880 883 3962 dignissimam
915 3901 954 3942 ac
979 3880 1235 3944 sanctissimam
1259 3899 1405 3962 operam
1428 3883 1601 3962 praebes;

317 3987 474 4068 undique
498 3989 589 4050 enim
615 3987 845 4069 intelligimus
869 4006 911 4050 ac
936 3986 1042 4050 etiam
1066 4008 1112 4050 ex
1137 3986 1294 4050 eiusdem
1318 3986 1524 4051 Melchioris
1547 3990 1600 4051 lit·

317 4093 403 4156 teris
426 4113 498 4175 qua
520 4094 710 4175 prudentia
741 4104 777 4157 et
800 4093 924 4176 vigilia
948 4093 1107 4176 serpenti
1129 4093 1210 4156 huic
1234 4093 1306 4156 labi
1331 4092 1601 4177 circumspectio

317 4212 378 4264 tua
408 4211 589 4280 occurrat,
625 4219 730 4282 quam
754 4200 932 4281 quomodo
958 4200 1085 4263 idonee
1111 4248 1219 4265 .....
1245 4202 1291 4262 ob
1322 4211 1394 4263 tam
1418 4201 1601 4283 singulare

317 4308 480 4372 meritum
498 4328 568 4370 non
584 4306 795 4388 repetimus;
822 4328 902 4370 nam
921 4328 1036 4389 neque
1052 4354 1162 4372 .....
1188 4307 1329 4370 litterae
1344 4307 1461 4371 animo
1478 4319 1600 4372 nostro

317 4415 403 4480 satis
428 4463 539 4482 .....
568 4414 603 4477 in
629 4415 730 4477 coelo
754 4422 930 4496 perpetua
953 4413 1045 4477 inter
1069 4413 1229 4477 homines
1252 4412 1416 4496 profecto
1439 4416 1602 4497 singular

318 4570 426 4588 .....
451 4521 589 4586 litterar
612 4541 691 4583 cum
715 4540 849 4584 summo
876 4572 882 4586 .
902 4568 911 4585 .
928 4568 936 4585 .
956 4567 963 4584 .
980 4521 1030 4603 .¹).

406 4628 488 4694 Dat.
513 4628 653 4691 Romae
678 4637 744 4691 etc.
782 4627 850 4691 Die
875 4628 968 4691 XVI
990 4627 1077 4690 Maii
1106 4649 1188 4708 1524
1214 4629 1319 4692 Anno
1345 4640 1396 4712 p⁰.

349 4802 369 4864 ¹)
389 4799 432 4847 Ob
451 4798 581 4862 originale
600 4797 708 4847 omnino
728 4812 863 4847 corrosum
883 4797 964 4847 verba
983 4797 1131 4862 desiderato
1150 4799 1291 4864 perierunt.
1339 4779 1343 4786 ,

858 4902 1064 4916 NJVVWVWWVMV·
