3559 5734
812 512 1060 568 &3130sp-0

295 666 470 735 constare,
495 677 574 718 nam
600 676 666 719 nec
691 668 831 738 tempus
854 659 964 719 ullum
981 656 1226 739 opportunius,
1250 677 1317 718 nec
1334 675 1442 717 causa
1457 654 1579 716 iustior

296 784 448 844 unquam
473 762 540 826 fuit
563 764 747 845 ingenium
770 775 878 846 atque
904 764 1101 827 doctrinam
1118 763 1234 847 impiis
1253 761 1454 826 hominibus
1470 782 1566 845 oppo

296 870 421 944 nendi;
453 891 519 933 nec
551 891 638 933 vero
672 871 856 952 quisquam
888 871 967 953 ipso
999 872 1082 951 te1),
1115 881 1154 933 ut
1184 880 1343 933 nostrum
1372 879 1426 933 est
1450 872 1495 932 de
1518 880 1580 932 tua

296 978 495 1040 eruditione
530 977 716 1057 iudicium,
752 980 796 1040 ad
832 988 905 1041 tam
942 978 1122 1041 laudabile
1159 997 1249 1058 opus
1284 977 1402 1060 aptior
1436 977 1471 1039 in
1508 996 1579 1057 quo

295 1087 457 1150 elaborat
481 1085 624 1168 quidem
648 1096 684 1148 et
708 1088 937 1149 elaborarunt
961 1085 1140 1167 permulti,
1175 1104 1310 1148 summa
1334 1102 1412 1147 cum
1437 1082 1580 1165 pietatis

296 1201 332 1255 et
355 1191 525 1256 scientiae
550 1193 662 1272 fama,
692 1194 754 1256 sed
780 1204 816 1255 et
839 1192 978 1255 illorum
1003 1194 1114 1256 corda
1138 1192 1270 1254 direxit
1292 1191 1390 1253 Deus
1415 1202 1450 1253 et
1475 1192 1519 1253 de
1543 1199 1580 1253 te

295 1308 378 1362 tuae
415 1301 627 1382 prudentiae
662 1299 939 1382 permittendum
975 1302 1068 1380 estt).
1116 1299 1190 1362 Nos
1223 1301 1269 1361 ad
1303 1302 1436 1381 probra
1467 1307 1503 1362 et
1532 1300 1579 1360 ad

296 1407 527 1471 contumelias
555 1407 804 1470 seditiosorum
827 1407 1008 1470 hominum
1033 1406 1153 1468 divina
1178 1427 1246 1487 ope
1272 1416 1306 1469 et
1330 1406 1503 1488 patientia
1527 1426 1579 1468 ar·

296 1514 391 1598 mati,
416 1514 502 1577 illud
527 1516 640 1597 magis
664 1516 812 1577 moleste
836 1513 982 1577 ferimus
1004 1514 1100 1594 quod
1116 1534 1195 1576 cum
1210 1513 1351 1576 zizaniis
1366 1533 1436 1575 non
1453 1533 1580 1595 parum

296 1624 412 1684 bonae
443 1621 578 1704 segetis
608 1621 859 1705 corrumpitur,
892 1622 1076 1704 omnisque
1108 1625 1153 1684 de
1178 1641 1291 1703 grege
1315 1620 1418 1684 nobis
1442 1619 1579 1683 credito

296 1728 430 1792 iactura
455 1728 609 1792 animum
634 1739 792 1792 nostrum
817 1728 1042 1792 solicitudine
1065 1728 1193 1800 afficit;
1227 1728 1287 1810 qui
1311 1728 1433 1809 enim³)
1458 1748 1579 1808 possu-

296 1856 372 1898 mus
405 1856 475 1899 non
510 1837 632 1900 dolere
657 1836 869 1900 detrimento
894 1839 1068 1899 bonarum
1092 1836 1260 1898 mentium
1292 1856 1384 1917 quae
1412 1837 1580 1898 labuntur

294 1942 330 2005 in
366 1963 539 2025 errorem,
576 1964 653 2006 cum
688 1943 777 2006 istos
813 1943 911 2026 ipsos
948 1942 1078 2005 erroris
1114 1951 1150 2005 et
1188 1942 1380 2026 impietatis
1414 1952 1580 2005 auctores

295 2051 414 2113 salvos
450 2071 528 2114 esse
553 2051 762 2133 cupiamus?
809 2048 882 2114 Sed
907 2071 1023 2133 neque
1048 2050 1162 2113 deerit
1185 2050 1288 2112 nobis
1312 2050 1429 2128 Deus,
1464 2071 1580 2131 neque

295 2157 370 2220 Nos
394 2157 530 2221 numeri
554 2168 661 2240 atque
686 2158 805 2222 officio
831 2169 953 2222 nostro
978 2179 1099 2222 sumus
1123 2158 1288 2221 defuturi.
1331 2158 1435 2238 Quod
1460 2168 1579 2220 autem

295 2264 341 2326 ad
364 2263 500 2327 litteras
524 2275 604 2329 tuas
624 2265 761 2347 attinet,
786 2286 861 2347 noe,
887 2276 923 2329 et
941 2267 985 2328 de
1010 2276 1070 2328 tua
1090 2265 1224 2347 optima
1244 2267 1427 2328 voluntate
1444 2275 1579 2328 certum

295 2370 365 2432 iam
396 2373 587 2453 habemus,
622 2382 658 2434 et
681 2384 778 2436 tuum
802 2374 995 2437 adventum
1018 2374 1054 2436 in
1078 2376 1170 2437 hanc
1194 2376 1318 2436 urbem
1343 2374 1579 2454 quandocum-

296 2498 365 2558 que
389 2477 419 2541 is
444 2478 549 2542 fuerit
572 2482 666 2543 laete
691 2490 726 2544 et
750 2491 935 2563 gratanter
958 2502 1076 2544 sumus
1100 2480 1292 2562 accepturi.

386 2586 516 2649 Datum
540 2587 680 2651 Romae
705 2587 808 2651 XVI.
833 2588 992 2668 Januarii
1017 2588 1189 2651 MDXXI
1215 2588 1320 2649 Anno
1346 2597 1483 2650 octavo.

1199 2712 1239 2773 10.
1258 2711 1419 2774 salculus.

831 2856 994 2869 MftANwN-‘aes-
999 2857 1025 2869 *A*
1032 2857 1036 2862 '

912 3107 965 3171 54.

629 3230 839 3311 Aloander
871 3230 1244 3311 vicecancellariu

691 3368 864 3439 <uanum
883 3369 1038 3428 German.
1056 3369 1088 3428 11·
1107 3368 1186 3442 1³0.)

804 3478 857 3549 (19.
877 3482 968 3530 Martii
991 3480 1078 3547 1521.)

385 3614 451 3677 Poi
483 3617 548 3677 che
579 3617 626 3677 ha
658 3615 814 3696 piaciuto
846 3613 920 3678 cosi
944 3636 965 3677 a
990 3614 1099 3678 Cesar
1123 3636 1188 3699 per
1212 3615 1360 3678 consilio
1384 3615 1420 3676 di
1445 3615 1521 3678 suoi
1547 3625 1584 3678 et

296 3721 499 3802 compiacer
522 3743 543 3783 a
567 3721 682 3804 questi
708 3721 866 3804 Principi
892 3730 927 3785 et
942 3742 1008 3804 per
1024 3721 1248 3804 pacification
1267 3723 1302 3783 di
1317 3721 1440 3803 populi
1465 3722 1582 3807 (come
1616 3708 1618 3710 ⁵

297 3832 374 3891 loro
399 3826 543 3915 dicono)
567 3830 714 3892 mandar
738 3850 760 3891 a
783 3829 941 3892 chiamar
964 3828 1119 3892 Martino
1145 3841 1181 3893 et
1204 3849 1269 3911 per
1293 3829 1463 3911 pubblico
1488 3851 1582 3895 man·

298 3937 382 3998 dato
413 3935 468 3998 far
492 3951 696 4018 sequestrar
720 3935 801 3999 tutti
825 3935 849 3997 li
873 3935 955 3998 libri
979 3937 1037 3997 del
1062 3937 1160 3999 detto
1184 3937 1231 3999 ad
1255 3936 1424 3999 instantia
1447 3937 1482 3999 di
1508 3936 1584 3999 Sua

297 4043 436 4106 Maesta
459 4043 530 4107 fino
555 4044 622 4107 che
646 4046 737 4107 altro
762 4026 973 4123 commandi,
998 4043 1091 4106 homi
1117 4044 1271 4106 sforzato
1289 4045 1428 4107 almeno
1445 4044 1501 4106 far
1514 4045 1583 4107 che

297 4154 330 4214 el
367 4152 534 4213 mandato
570 4150 612 4213 sii
648 4150 683 4212 di
718 4153 838 4213 buona
873 4160 971 4213 sorte
1007 4160 1042 4213 et
1075 4151 1109 4213 al
1144 4150 1330 4233 proposito
1362 4152 1457 4214 della
1488 4150 1582 4214 Sede

297 4256 529 4339 Apostolica,
553 4269 678 4321 sevato
702 4277 842 4339 sempre
865 4257 887 4319 l'
904 4258 1018 4321 honor
1042 4267 1078 4320 et
1102 4258 1272 4321 auttorita
1295 4256 1331 4320 di
1357 4257 1398 4319 N.
1426 4256 1460 4319 S.
1485 4257 1581 4319 etin

298 4373 425 4447 questo
449 4364 588 4427 Messer
612 4364 739 4427 Nicold
764 4361 904 4427 Sichler
928 4364 1121 4427 secretario
1153 4365 1188 4426 di
1213 4365 1345 4447 lengua
1375 4363 1583 4447 germanica

330 4586 350 4656 ¹)
370 4591 508 4638 Laemmer
526 4589 605 4651 legit:
625 4596 740 4651 tempore
758 4590 807 4637 hoc
824 4604 873 4653 pro
893 4592 949 4651 ipm
969 4595 1001 4651 le,
1021 4590 1067 4637 sed
1086 4589 1195 4637 omnino
1214 4603 1361 4653 perperam.

329 4678 351 4746 ¹)
371 4681 509 4728 Laemmer
533 4679 716 4741 corrigendum
735 4678 851 4742 putavit:
876 4685 902 4725 ct
924 4678 972 4725 hoc
990 4679 1068 4724 etium
1092 4686 1152 4726 tuae
1177 4678 1332 4741 pmdentiae
1351 4675 1577 4725 commutandum*

369 4770 414 4817 sed
434 4769 518 4817 codex
537 4768 577 4817 illi
596 4768 670 4816 nullo
691 4768 770 4817 modo
789 4766 955 4830 suffragatur.

330 4858 351 4925 8)
370 4860 508 4907 Laemmer
527 4857 608 4907 male:
629 4860 678 4922 qui
694 4874 754 4906 non·
