3559 5734
1392 552 1886 620 0-43329822

358 709 452 772 ad
522 711 1038 775 correctionem
1108 730 1381 774 morum
1456 719 1530 774 et
1598 709 2171 775 reformationem
2246 709 2419 772 cleri
2493 710 2917 770 Germaniae

360 816 913 898 pertinentibu5‚
975 838 1059 880 ac
1120 817 1192 880 in
1249 838 1334 881 eo
1408 827 1650 882 nostra
1695 817 1853 881 vice
1901 826 1973 880 et
2020 817 2300 880 nomine
2346 818 2617 880 honore
2669 818 2917 878 endem

362 922 744 1005 legationis
790 924 1278 1006 praesidendi,
1327 926 1635 1007 amplam
1682 934 1932 988 tenore
1981 922 2461 1007 praesentium
2513 926 2921 986 facultatem

361 1029 569 1093 simul
619 1031 1073 1095 concedimus
1129 1040 1202 1095 et
1247 1039 1720 1114 potestatem;
1769 1031 1842 1093 in
1873 1030 2301 1094 contrarium
2329 1030 2757 1094 facientibus
2789 1042 2921 1094 etc*

363 1156 503 1200 non
554 1138 1004 1201 obstantibus
1050 1137 1608 1220 quibuscumque
1657 1147 1790 1202 etc.

538 1261 823 1325 Romae
884 1262 1001 1325 die
1059 1261 1244 1325 XIV
1291 1263 1563 1345 Aprilis
1625 1262 2042 1348 MDXXIV
2108 1263 2318 1326 Pont.
2419 1262 2661 1326 Nostri
2733 1282 2917 1326 annu

361 1389 613 1451 pr1m0.

1571 1935 1717 2002 150.

759 2049 1280 2154 Fragmentum
1335 2052 1677 2153 epistolae
1735 2053 1818 2132 de
1873 2054 2087 2133 rebus
2140 2053 2529 2156 Augustae.

1248 2199 1415 2270 (Aeta
1450 2199 1884 2259 Womatleusia
1917 2198 2058 2270 201.)

1344 2318 1455 2387 (15.
1495 2318 1705 2384 Aprilis
1750 2317 1928 2386 1524)

538 2459 826 2524 Domini
871 2461 1316 2536 Balthazaris
1364 2462 1454 2526 de
1502 2461 1895 2526 Wolffstall
1942 2481 2127 2524 uxor
2173 2459 2489 2544 scripsit:

538 2585 928 2667 Postquam
975 2585 1338 2668 prefectus
1399 2586 1515 2651 die
1579 2586 1916 2651 Mercurii
1985 2588 2078 2650 ad
2139 2586 2541 2669 Augustam
2609 2588 2921 2650 venisset

362 2692 687 2756 redditae
733 2691 1022 2756 fuerunt
1068 2693 1235 2757 mihi
1285 2693 1401 2757 die
1447 2693 1648 2776 Jovis
1693 2695 1873 2758 hora
1922 2694 2125 2756 tarda
2171 2674 2406 2757 littere
2473 2694 2785 2758 eiusdem
2849 2694 2917 2758 in

364 2799 620 2882 quibus
668 2798 977 2881 scripsit:
1027 2798 1410 2881 Postquam
1442 2800 1599 2884 ipse
1632 2801 1824 2864 dicto
1867 2801 1983 2863 die
2017 2802 2108 2863 ad
2138 2800 2541 2883 Augustam
2589 2802 2921 2882 uenisset,

362 2906 752 2970 invenisset
816 2905 889 2969 in
937 2903 1260 2970 Ecclesia
1316 2907 1543 2970 Beate
1606 2907 1836 2971 Marie
1902 2907 2381 2991 Augustensis
2445 2918 2517 2970 et
2581 2910 2921 2970 cimiterio

363 3013 678 3077 eiusdem
744 3012 1263 3077 multitudinem
1327 3013 1576 3097 populi
1646 3013 1958 3077 virorum
2023 3024 2094 3077 et
2158 3014 2525 3078 mulierum
2597 3026 2665 3078 et
2733 3018 2921 3098 apud

364 3120 521 3184 illos
556 3130 831 3202 septem
863 3119 1177 3202 pictores
1210 3141 1368 3184 cum
1414 3121 1715 3184 madidis
1763 3121 2086 3204 spongiis
2119 3121 2239 3204 qui
2269 3122 2613 3203 imagines
2661 3126 2921 3186 beatae

359 3228 636 3290 Mariae
701 3227 1023 3310 Virginis
1091 3236 1164 3291 et
1225 3225 1646 3292 Sanctorum
1712 3228 2132 3292 deleverunt
2213 3249 2433 3311 usque
2521 3230 2605 3290 ad
2689 3242 2921 3290 certas

360 3333 711 3416 imagines
759 3333 1130 3416 Crucifixi,
1180 3336 1307 3398 sed
1367 3335 1439 3398 in
1506 3345 1715 3398 nocte
1772 3336 2098 3418 sequenti
2160 3337 2505 3420 imagines
2589 3338 2917 3398 Crucifixi

360 3439 815 3522 spurcissimo
880 3450 951 3503 et
1015 3440 1183 3505 fedo
1246 3443 1593 3525 sanguine
1659 3451 2118 3524 asperserunt
2183 3452 2254 3505 et
2326 3442 2785 3526 defedarunt,
2853 3457 2921 3506 et

364 3547 646 3609 cuidam
696 3556 930 3609 statue
976 3549 1189 3610 beate
1237 3547 1464 3612 Marie
1512 3548 1812 3630 virginis
1861 3569 2193 3611 coronam
2241 3549 2453 3630 capiti
2505 3550 2653 3610 eius
2701 3550 2917 3630 impr]-

362 3654 571 3716 sitam
621 3655 1067 3736 deponentes
1085 3703 1103 3736 ‚
1169 3654 1398 3719 eidem
1459 3655 1674 3738 capiti
1731 3655 1898 3718 feda
1956 3664 2273 3719 stercora
2333 3654 2917 3738 reimpnsuerunt.

365 3761 700 3842 Unquam
749 3761 1002 3825 diebus
1051 3762 1194 3825 vite
1241 3782 1398 3825 mee
1447 3784 1536 3825 ex
1587 3762 1828 3845 aliqua
1875 3783 1952 3825 re
2002 3762 2228 3845 magis
2276 3766 2557 3826 turbata
2625 3766 2745 3826 fui.
2845 3766 2917 3826 Si

364 3866 574 3931 solito
632 3867 1016 3951 gloriosam
1063 3867 1434 3951 Virginem
1482 3869 1762 3951 amatiS,
1830 3870 1977 3933 scio
2024 3890 2155 3934 vos
2204 3870 2573 3934 cordiatim
2645 3894 2733 3934 eit
2783 3874 2917 3934 hm:

367 3975 633 4040 dolere.
714 3972 776 4037 O
808 3975 1005 4038 Deus
1038 3974 1483 4058 omnipotens
1532 3976 1841 4039 defende
1872 3976 2325 4040 benedictam
2355 3977 2657 4042 Matrem
2705 3990 2917 4042 tuam.

365 4081 631 4145 Datum
675 4082 748 4144 in
795 4082 1072 4146 Worde
1120 4081 1234 4146 die
1283 4083 1586 4147 Veneris
1645 4102 1715 4162 15
1770 4083 2041 4165 Aprilis
2099 4105 2284 4165 1524.

1430 4396 1843 4409 mm
