3559 5734
830 517 1078 572 *erese*

312 659 457 725 risimile
481 663 548 724 che
572 683 617 725 un
644 664 693 725 tal
719 682 801 725 caso
824 671 970 743 potesse
993 662 1126 726 tenersi
1150 665 1305 735 occulto;
1331 663 1459 726 dicono
1483 665 1548 726 che
1565 664 1594 726 si

313 768 433 848 stima,
468 771 533 832 che
557 769 650 832 colui
676 772 742 832 che
766 770 867 851 parlb
892 789 959 832 con
983 767 1058 832 Sua
1081 767 1245 833 Serenit‘a
1269 769 1383 852 prima
1407 770 1537 834 volessi
1561 773 1596 834 la

313 875 397 939 fede
427 876 463 938 di
496 896 567 939 non
601 876 803 939 comunicar
826 879 875 939 tal
900 897 984 940 cosa
1008 897 1075 940 con
1104 876 1195 940 altri.
1242 876 1436 959 Vedendo,
1472 879 1597 941 chela

314 982 411 1046 dieta
434 983 568 1046 andare
593 983 665 1045 cosi
689 983 725 1045 in
749 983 801 1062 ia,
819 986 885 1047 che
910 983 942 1046 ci
966 1004 1055 1047 sono
1080 992 1172 1048 sette
1194 984 1292 1064 mesi,
1317 995 1353 1047 et
1376 985 1436 1067 poi
1457 984 1596 1048 innanzi

314 1091 380 1153 che
411 1110 648 1171 convengano
679 1100 716 1152 et
747 1091 991 1154 comminceno
1022 1112 1044 1153 a
1073 1090 1152 1154 fare
1183 1091 1357 1154 faccende
1388 1112 1434 1155 ne
1464 1112 1597 1155 scorre-

314 1218 427 1260 ranno
459 1196 517 1259 doi
546 1197 645 1276 altri,
681 1217 811 1279 penso,
847 1200 914 1261 che
939 1178 1175 1260 Sua'Santiti
1207 1198 1287 1262 sara
1318 1209 1487 1263 contenta
1517 1198 1598 1262 chio

314 1304 439 1367 ritorni
463 1325 485 1366 a
499 1304 618 1366 Roma
642 1314 678 1367 et
701 1325 772 1367 non
796 1304 864 1367 stia
888 1315 988 1368 tanto
1013 1305 1072 1388 qui
1097 1305 1146 1368 ne·
1163 1304 1199 1368 in
1224 1316 1349 1387 queste
1364 1306 1468 1388 parti,
1493 1326 1600 1369 sanza

315 1431 489 1493 speranza
513 1410 547 1472 di
572 1422 697 1494 potere
720 1411 797 1475 fare
822 1414 951 1474 alcuna
975 1432 1071 1492 cosa,
1095 1423 1130 1474 et
1154 1432 1220 1493 per
1243 1412 1268 1475 il
1285 1433 1391 1495 parer
1408 1412 1477 1476 mio
1503 1413 1600 1475 forse

316 1538 386 1581 non
410 1520 562 1580 sarebbe
587 1520 702 1580 ancho
727 1519 954 1601 expediente,
980 1520 1046 1582 che
1069 1519 1105 1581 in
1123 1520 1223 1582 detta
1237 1519 1335 1583 dieta
1350 1540 1389 1581 se
1405 1518 1601 1583 ritrovasse

315 1647 363 1688 un
386 1627 507 1706 iegato
532 1646 601 1687 non
627 1624 779 1687 essendo
795 1627 827 1688 le
845 1646 928 1689 cose
945 1635 1065 1689 nostre
1090 1635 1125 1688 et
1145 1627 1190 1689 de
1214 1628 1249 1689 la
1264 1626 1394 1690 Chiesa
1418 1626 1479 1708 pii1
1496 1636 1601 1709 grate

317 1733 432 1795 chelle
456 1731 485 1793 si
509 1731 608 1794 sieno
633 1752 806 1813 appresso
831 1753 852 1794 a
876 1731 992 1813 questi
1008 1731 1190 1810 Germani,
1215 1733 1275 1795 alli
1299 1732 1395 1813 quali
1416 1753 1602 1814 peraven·

316 1850 396 1903 tura
419 1840 597 1920 parebbe,
635 1840 701 1901 che
726 1841 760 1901 la
784 1837 879 1901 Sede
905 1838 1115 1920 Apostolica
1137 1840 1278 1902 volesse
1302 1840 1472 1903 mandare
1496 1860 1519 1902 a
1541 1859 1603 1922 go-

318 1946 473 2009 vernarli
498 1967 519 2008 o
543 1966 564 2008 a
588 1945 773 2008 intendere
805 1946 829 2007 li
854 1946 927 2008 casi
952 1955 987 2008 et
1011 1945 1090 2007 fatti
1114 1947 1212 2020 loro;
1249 1946 1370 2038 stimp,
1406 1948 1472 2009 che
1497 1948 1603 2009 nelo

317 2053 509 2116 intrinseco
533 2051 569 2114 di
593 2054 755 2114 cadauno
780 2053 832 2115 sia
853 2052 975 2115 chiara
991 2053 1026 2114 ia
1042 2052 1233 2131 bestialiti,
1257 2052 1378 2115 furore
1403 2063 1438 2116 et
1455 2051 1605 2134 iniquita

318 2161 354 2224 di
384 2169 510 2242 questa
540 2159 720 2222 sedicione
745 2159 966 2239 Lutherana,
1003 2169 1039 2222 et
1064 2158 1246 2222 ammoniti
1278 2160 1324 2222 da
1356 2162 1390 2222 le
1414 2160 1609 2223 incommo·.

318 2267 391 2331 dita
416 2276 451 2330 et
474 2266 612 2330 tumulti
637 2266 753 2328 chella
777 2274 929 2346 apporta
952 2285 1059 2328 sanza
1082 2269 1210 2329 alcuna
1233 2266 1343 2330 bonti
1374 2287 1395 2330 o
1419 2266 1535 2329 forma
1560 2268 1607 2329 de

319 2373 454 2457 quiete,
491 2392 579 2436 sono
610 2372 795 2434 constretti
827 2373 872 2434 da
897 2392 936 2435 se
959 2372 1115 2455 pigliarli
1147 2373 1353 2455 provisione
1386 2382 1421 2436 et
1452 2372 1607 2437 maxime

318 2481 484 2545 instando
509 2479 640 2542 Cesare
673 2499 738 2560 per
768 2479 792 2542 il
824 2481 946 2542 debito
981 2491 1016 2543 et
1047 2482 1233 2543 commodo
1267 2491 1301 2542 et
1332 2482 1447 2543 honor
1471 2499 1535 2543 suo
1571 2479 1608 2541 di

319 2589 438 2651 ridure
462 2588 495 2649 le
521 2607 604 2649 cose
628 2589 661 2648 al
687 2586 808 2649 diritto
833 2587 971 2649 camino
996 2596 1032 2649 et
1055 2588 1127 2649 alla
1150 2587 1374 2649 osservantia
1398 2588 1442 2649 de
1466 2587 1501 2648 ia
1521 2586 1607 2649 fede

320 2709 356 2758 et
380 2693 437 2758 riti
462 2692 693 2756 ecclesiastici
718 2692 908 2774 approbati
933 2702 969 2754 et
993 2714 1060 2756 con
1076 2703 1202 2775 questo
1218 2695 1444 2775 potrebbono
1459 2695 1608 2756 bastare

320 2801 437 2864 alcuni
467 2799 578 2863 buoni
602 2800 710 2862 Brevi
741 2820 762 2861 a
792 2801 892 2861 detta
915 2799 1022 2862 Dieta
1053 2802 1197 2881 quando
1229 2800 1309 2863 sara
1341 2811 1479 2882 tempo,
1516 2811 1554 2863 et
1587 2821 1609 2863 a

320 2910 470 2992 qualche
506 2908 596 2970 altro
629 2905 843 2987 particolare
879 2906 1041 2987 segondo
1073 2907 1139 2968 che
1171 2907 1295 2969 alhora
1329 2907 1409 2970 sara
1448 2906 1608 2970 iudicato

321 3026 515 3099 oportuno,
549 3014 798 3096 promettendo
823 3010 897 3075 Sua
921 3009 1061 3075 Santit‘a
1092 3015 1158 3076 che
1190 3015 1234 3076 de
1259 3013 1359 3077 abusi
1384 3023 1420 3076 et
1444 3013 1608 3095 gravami

320 3122 523 3207 provedera
553 3141 620 3203 per
649 3123 683 3183 la
712 3119 877 3201 giusticia
908 3141 930 3182 a
953 3128 1055 3184 tutte.
1103 3121 1327 3183 Altramente
1357 3121 1610 3184 retrovandosi

321 3232 345 3295 li
369 3252 415 3294 un
440 3232 560 3313 legato
592 3228 706 3310 prima
730 3237 948 3290 entraranno
973 3225 1008 3289 in
1032 3226 1130 3289 varie
1155 3226 1347 3309 suspicioni
1378 3248 1478 3290 come
1503 3229 1521 3291 ἐ
1547 3249 1609 3291 na·

321 3348 401 3401 tura
424 3335 459 3399 di
484 3335 565 3417 quei
582 3333 739 3415 Principi
764 3343 799 3396 et
822 3331 968 3396 natione
985 3332 1209 3396 Germanica.
1257 3333 1321 3395 Poi
1347 3333 1375 3395 si
1392 3325 1609 3399 voltaranno

325 3445 360 3507 in
394 3444 601 3507 dimandare
625 3441 765 3506 concilii
799 3450 835 3503 et
858 3442 1041 3524 disputare
1075 3443 1121 3504 de
1145 3440 1215 3505 fide
1247 3462 1269 3504 o
1293 3461 1402 3523 sopra
1432 3443 1456 3505 li
1480 3463 1609 3525 grava-

325 3551 410 3614 mini
444 3570 527 3613 cose
563 3571 632 3613 non
658 3552 767 3612 molto
802 3549 986 3611 commode
1021 3551 1089 3612 alle
1123 3559 1244 3612 nostre
1277 3549 1436 3631 regioni,
1471 3561 1506 3614 et
1540 3571 1610 3635 pur

325 3659 467 3740 quando
493 3657 622 3719 Nostro
647 3655 799 3736 Signore
825 3655 1003 3736 judicasse
1027 3656 1229 3719 necessario
1254 3657 1387 3719 havere
1420 3657 1442 3719 li
1472 3679 1517 3720 un
1543 3658 1611 3721 Le·

325 3775 410 3847 gato
442 3785 480 3827 se
505 3764 529 3827 li
552 3763 654 3845 potr'a
679 3783 819 3845 sempre
850 3764 1021 3826 mandare
1044 3785 1066 3827 a
1089 3774 1219 3845 tempo.
1267 3763 1322 3826 Ne
1354 3765 1461 3827 creda
1484 3774 1612 3828 vostra

325 3872 492 3955 Signoria
522 3869 601 3933 chio
625 3869 740 3932 faccia
771 3879 897 3951 questo
929 3870 1088 3934 discorso
1113 3871 1190 3933 solo
1222 3890 1288 3952 per
1319 3869 1496 3933 desiderio
1527 3871 1612 3934 chio

325 3980 368 4043 mi
393 3978 526 4042 habbia
557 3978 603 4041 de
627 3978 819 4058 ritomare,
856 3997 913 4039 ma
936 3978 1069 4059 perche
1101 3986 1318 4059 conquesto
1344 3978 1500 4040 anchora
1534 3975 1612 4040 cosi

323 4086 370 4149 mi
402 4106 489 4169 pare
512 4086 579 4148 che
602 4084 655 4147 sia
684 4083 709 4146 il
731 4084 880 4166 megli0,
917 4085 982 4146 che
1008 4085 1067 4146 del
1090 4084 1225 4147 ritorno
1250 4082 1414 4147 confesso
1445 4085 1517 4147 ben
1541 4087 1613 4148 che

324 4195 370 4257 mi
393 4193 610 4276 piacerebbe
635 4201 671 4254 et
692 4212 757 4273 per
772 4191 871 4254 molti
888 4191 1028 4274 rispetti
1044 4194 1078 4255 lo
1096 4191 1262 4256 desidero
1287 4210 1387 4254 come
1403 4191 1493 4253 altre
1510 4194 1612 4255 volte

323 4304 369 4365 ho
405 4300 546 4380 scritt0,
583 4321 640 4363 ma
673 4319 740 4362 con
763 4301 883 4362 buona
907 4299 1052 4363 volonta
1086 4309 1121 4362 et
1153 4297 1382 4363 satisfacione
1416 4298 1451 4361 di
1475 4298 1612 4364 Nostro

324 4407 497 4491 Signore,
533 4410 632 4472 cuius
656 4407 805 4471 arbitrio
830 4408 979 4471 consilia
1011 4418 1047 4471 et
1069 4408 1230 4471 actiones
1253 4428 1354 4471 meae
1378 4425 1501 4469 omnes
1523 4405 1614 4472 mihi

325 4524 407 4578 sunt
430 4515 640 4597 dirigendae
645 4559 1611 4580 .....................

373 4676 378 4687 .
411 4727 535 4791 Budae
560 4725 698 4790 XXIX
723 4670 934 4792 Decembris
957 4670 1178 4792 MoXXIv.
1210 4670 1218 4686 ι
1409 4671 1416 4686 ⁸
1605 4671 1613 4686 δ

1096 4842 1144 4891 oo
1162 4841 1244 4888 frater
1262 4833 1292 4895 1..
1312 4832 1374 4895 tar.
1394 4830 1572 4906 tenuntur.

855 4931 877 4941 tv
889 4930 1064 4943 ‘svmmvm
