3559 5734
1676 535 1977 592 0-<3452
2054 530 2172 587 8>=0

1851 788 2001 854 208.

917 903 1361 1005 Margherita
1414 902 1926 984 Archiducissa
1979 905 2314 986 Austriae
2371 904 2715 986 Clementi
2772 908 2929 988 VH.

793 1053 929 1117 [Eub
961 1051 1240 1109 momente
1269 1050 1393 1108 vn.
1429 1049 1665 1108 Lettere
1699 1050 1758 1109 di
1797 1052 2008 1110 diversi
2036 1051 2281 1125 Principi
2318 1054 2379 1111 et
2408 1052 2566 1111 altri.
2604 1053 2749 1113 1525.
2784 1055 2914 1126 fogl.
2943 1054 3071 1122 11¹7.)

1659 1168 1768 1235 (18.
1829 1171 1958 1220 Maii
2026 1170 2200 1238 ¹525·)

833 1294 1247 1358 Ena-tissime
1278 1315 1360 1356 ac
1385 1292 1841 1357 Sanctissime
1865 1296 2084 1358 Pater
2106 1306 2271 1377 post
2297 1296 2753 1360 humillimam
2780 1308 2852 1361 et
2877 1300 3214 1363 devotam

657 1425 873 1485 usque
929 1405 1017 1465 ad
1060 1410 1454 1464 vestrorum
1497 1421 1859 1464 sacrorum
1911 1403 2173 1485 pedum
2217 1405 2459 1466 oscula
2506 1405 3219 1468 commendationem.

833 1528 1252 1590 Beatissime
1303 1527 1518 1589 Pater
1580 1528 1823 1590 literas
1888 1526 2300 1591 Sanctitatis
2349 1528 2610 1591 Vestre
2658 1528 2727 1592 in
2779 1529 3002 1593 forma
3058 1532 3215 1592 bre·

653 1641 761 1697 vis
833 1637 961 1697 sub
1022 1634 1218 1696 XXI
1278 1654 1506 1715 nuper
1571 1634 1750 1715 lapsi
1801 1634 2074 1716 Aprilis
2135 1635 2226 1697 ad
2284 1654 2396 1696 me
2464 1635 2740 1699 delatas
2800 1646 3222 1701 reverenter

657 1745 917 1825 recepi,
969 1741 1389 1822 illarumque
1438 1752 1821 1823 perspecto
1870 1751 2117 1803 tenore
2167 1761 2305 1802 non
2355 1761 2646 1822 possum
2712 1763 2855 1805 non
2919 1743 3054 1807 nisi
3102 1766 3218 1808 ve·

653 1853 1021 1913 hementssr
1067 1847 1422 1928 admirari,
1472 1849 1660 1929 quod
1712 1849 1960 1910 eadem
2010 1845 2370 1910 Sanctitas
2418 1848 2682 1911 Vestra
2730 1870 2840 1913 me
2889 1852 3223 1915 adhorte-

657 1973 765 2017 tur
818 1969 889 2017 ut
941 1964 1201 2018 sectam
1238 1954 1697 2017 lucterianam
1746 1954 1816 2017 in
1867 1955 2201 2018 comitatu
2256 1956 2665 2037 Hollandie,
2722 1959 2935 2020 valde
2982 1960 3223 2038 valde,

657 2077 729 2125 ut
801 2065 1085 2143 asserit,
1161 2063 1656 2144 pullulantem,
1721 2062 2019 2143 aliisque
2077 2062 2146 2125 in
2210 2064 2594 2145 provinciis
2657 2066 3011 2145 gubernio
3062 2086 3225 2130 meo

657 2173 965 2245 cre-ditis.
1017 2170 1378 2250 extirpare
1413 2189 1809 2251 procurem,
1859 2170 1925 2231 in
1954 2171 2231 2251 hocque
2266 2169 2545 2233 faveam
2579 2171 3225 2237 Reverendissimo

657 2281 725 2341 in
781 2281 1058 2341 Christo
1110 2277 1305 2340 Patri
1359 2277 1661 2340 Domino
1713 2277 2072 2340 Cardinali
2121 2277 2524 2357 Leodiensi,
2573 2278 2682 2340 cui
2732 2279 2981 2342 eadem
3023 2301 3223 2344 sanc-

661 2389 821 2449 titas
873 2389 1132 2447 Vestra
1181 2385 1270 2447 de
1321 2405 1405 2447 eo
1455 2385 1740 2447 uberius
1789 2384 2108 2467 scripsit;
2159 2404 2316 2446 cum
2373 2384 2724 2447 neminem
2782 2406 3222 2467 cognoscam

661 2493 1092 2573 Principem,
1141 2492 1261 2572 qui
1311 2512 1522 2573 super
1573 2491 2011 2554 extinctione
2063 2492 2249 2553 dicte
2285 2501 2493 2569 ‘secte
2543 2492 2933 2555 ferventius
2983 2515 3094 2556 me
3148 2515 3227 2557 re

665 2617 733 2665 et
801 2601 1056 2661 effe-ctu
1123 2597 1622 2660 elaboraverit.
1730 2598 1822 2659 Et
1893 2609 1969 2660 ut
2030 2598 2100 2660 id
2172 2598 2609 2661 commodius
2675 2598 2877 2662 fieret
2943 2599 3231 2663 iusticia

661 2709 1039 2786 mediante,
1089 2704 1608 2767 commissarios
1639 2714 1785 2767 tres
1816 2704 2217 2786 spirituales
2253 2704 2441 2767 omni
2473 2705 2881 2785 exceptioni
2914 2706 3227 2770 maiores

661 2837 701 2877 a
757 2811 1383 2877 Reverendissimo
1436 2810 1742 2873 Domino
1794 2810 2152 2873 Cardinali
2213 2812 2300 2873 de
2352 2810 2777 2893 CampegiO,
2839 2815 3082 2894 legato
3133 2816 3229 2878 de

665 2925 885 2985 late-re
937 2918 1348 2981 Sanctitatis
1398 2918 1699 2980 Vestrae
1730 2918 1801 2980 in
1837 2917 2241 2998 Germania,
2289 2917 2661 2998 impetravi
2696 2920 2854 2981 loco
2889 2919 3227 3002 Magistri

665 3029 1023 3089 Fran-sisci
1098 3026 1187 3087 de
1258 3025 1470 3087 Hulst
1540 3025 1728 3106 layci
1815 3046 2023 3106 quern
2094 3045 2224 3106 pro
2296 3024 2646 3088 seditione
2718 3026 3056 3090 evitanda
3130 3030 3227 3091 ab

665 3133 1009 3197 exercitio
1058 3132 1269 3212 diete,
1321 3153 1563 3195 eorum
1606 3132 2080 3194 commissioni
2130 3151 2391 3193 vacare
2442 3151 2580 3193 non
2617 3143 3003 3214 cessarunt,
3053 3134 3227 3199 item

669 3245 857 3325 quud
909 3261 1093 3321 equo
1143 3251 1393 3321 sponte
1444 3239 1755 3301 currenti
1811 3240 2117 3302 calcaria
2188 3238 2591 3301 necessaria
2647 3259 2791 3301 non
2852 3240 3025 3321 sint,
3094 3245 3230 3307 sed

665 3349 961 3413 forsitan
1043 3356 1116 3410 et
1186 3346 1542 3409 Sanctitas
1614 3346 1874 3408 Vestra
1946 3348 2159 3427 longe
2246 3367 2288 3407 a
2347 3345 2650 3408 veritate
2709 3348 2945 3428 potuit
3005 3347 3226 3412 infor-

665 3457 857 3533 mari,
909 3475 1038 3517 net:
1089 3454 1544 3517 Hollandiam
1594 3454 1820 3536 magis
1870 3454 2125 3516 ceteris
2172 3452 2557 3535 provinmis
2619 3473 2704 3516 eo
2776 3454 3071 3518 crimine
3126 3456 3225 3519 in-

665 3565 921 3625 fectam
1013 3564 1270 3625 latrare
1351 3560 1679 3643 expedit,
1782 3561 1904 3622 ubi
1980 3561 2163 3642 proh
2236 3562 2442 3622 dolor
2511 3562 2773 3622 nullam
2844 3560 3227 3627 immunem

665 3673 1001 3741 sentiam:
1054 3689 1297 3732 verum
1349 3678 1545 3730 tanta
1594 3688 1684 3730 ex
1736 3666 2121 3730 Germania
2170 3669 2524 3729 excitatur
2570 3666 2893 3730 confusio
2960 3678 3036 3730 ut
3084 3670 3226 3733 nisi

665 3781 861 3841 Deus
937 3777 1085 3857 ipse
1152 3776 1500 3838 maximus
1562 3774 1940 3855 provideat
2002 3782 2220 3836 totam
2283 3773 2495 3835 fidem
2543 3782 2856 3835 nostram
2907 3774 3223 3839 christia·

669 3909 825 3949 narn
877 3885 1360 3945 conculcatam
1394 3894 1464 3944 et
1500 3881 1894 3945 nuiusmodi
1943 3891 2392 3963 prostratam,
2442 3881 2698 3943 nedum
2732 3880 2943 3944 video
2990 3882 3227 3963 primo

665 3993 823 4057 illos
889 3988 1243 4053 veneficos
1305 3990 1741 4051 Lucteristas
1790 3988 2094 4070 grandia
2163 3987 2450 4069 agmina
2512 3986 2815 4050 invicem
2876 3986 3229 4053 facientes

665 4101 933 4181 patrias
985 4118 1227 4159 omnes
1276 4096 1640 4176 invadere,
1689 4097 1967 4158 nobiles
2017 4095 2365 4174 occidere,
2417 4104 2487 4156 et
2534 4094 2745 4156 armis
2778 4115 2861 4156 ac
2901 4096 3231 4175 potentia

669 4221 833 4269 vnto
885 4225 1125 4269 eorum
1177 4204 1539 4282 subicere,
1599 4206 2007 4285 templaque
2076 4212 2470 4265 conventus
2534 4214 2604 4263 et
2666 4209 2898 4263 castra
2965 4222 3227 4283 rapere

669 4317 973 4393 spoliare
1026 4322 1097 4374 et
1163 4313 1314 4373 solo
1375 4331 1657 4392 equare.
1787 4311 1994 4372 Adeo
2062 4311 2250 4391 quod
2320 4308 2723 4371 necessario
2791 4308 3086 4390 expedit
3147 4306 3225 4372 S.

669 4421 753 4481 V.
805 4421 997 4481 vices
1046 4417 1304 4481 Christi
1352 4418 1422 4480 in
1473 4416 1678 4480 terris
1727 4426 2100 4498 gerentem
2162 4416 2535 4497 Principes
2599 4434 2843 4477 omnes
2905 4414 3226 4478 christia-

665 4549 793 4589 nus
845 4525 911 4589 in
965 4545 1172 4587 unum
1225 4543 1625 4586 convocare
1674 4533 1746 4585 et
1794 4525 1883 4585 de
1932 4522 2248 4585 remedio
2299 4530 2651 4603 oportuno
2714 4523 3088 4584 consulere
3151 4533 3226 4585 et

665 4637 1068 4713 providere.
1164 4631 1319 4712 Ego
1382 4629 1564 4692 enim
1632 4629 2007 4692 Cesaream
2057 4629 2508 4692 Maiestatem
2565 4647 2697 4708 pro
2748 4627 2989 4690 debito
3062 4648 3223 4692 meo

669 4745 754 4805 de
806 4741 937 4801 hiis.
989 4737 1566 4818 certioremsseci,
1618 4758 1893 4800 necnon
1942 4738 2533 4819 quemadmodum
2583 4733 2657 4798 S.
2708 4734 2796 4798 V.
2846 4733 3221 4816 superiori-

665 4853 797 4909 hus
849 4849 1097 4909 diebus
1142 4866 1273 4927 per
1322 4845 1561 4907 literas
1611 4866 1772 4907 suas
1820 4845 1888 4907 in
1940 4844 2170 4907 forma
2230 4843 2469 4906 brevis
2518 4841 3222 4905 Reverendissimum
