3559 5734
1655 530 2078 587 0-<348>-0

1828 696 1871 759 2

1154 802 1423 885 Salvus
1481 805 1873 885 conductus
1930 804 2144 883 datus
2199 804 2577 884 Meandm.

1429 934 1596 1005 (Aeta
1630 934 2063 993 Wormaoiemia
2097 933 2193 993 fol.
2232 933 2306 1004 3.)

1613 1035 1724 1101 (20.
1761 1036 1897 1101 Jnlii
1942 1033 2118 1104 1520.)

760 1143 907 1205 Leo
955 1142 1356 1225 Episcopus
1404 1140 1672 1206 Servus
1706 1140 2091 1206 Servorum
2132 1143 2289 1222 Dei,
2326 1141 2697 1204 Universis
2733 1153 2803 1203 et
2847 1141 3149 1222 singulis

581 1251 673 1310 ad
721 1269 899 1330 quos
946 1259 1365 1331 praesentes
1414 1251 1896 1332 pervenerint,
1947 1252 2245 1312 salutem
2296 1259 2365 1313 et
2422 1249 2884 1331 apostolicam
2939 1251 3148 1311 bene·

580 1355 983 1420 dictionem.
1080 1357 1254 1420 Cum
1305 1357 1640 1421 dilectum
1686 1356 1906 1419 filium
1956 1356 2467 1439 Hieronymum
2518 1356 2958 1419 Aleandrum
3007 1354 3147 1417 No-

578 1462 833 1525 tarium
901 1473 972 1526 et
1020 1464 1654 1527 Bibliothecarium
1717 1473 2035 1527 nostrum
2098 1467 2192 1527 ob
2242 1465 2465 1526 ardua
2514 1473 2585 1526 et
2630 1462 2845 1525 fidem
2894 1462 3147 1525 Catho-

578 1570 784 1633 licam
858 1580 1256 1653 statumque
1321 1570 1764 1634 Christianae
1814 1570 2180 1633 Ecclesiae
2251 1570 2755 1633 concernentia
2823 1567 3149 1649 negocia,

579 1678 670 1738 ad
712 1677 1196 1740 charissimum
1229 1678 1300 1740 in
1343 1677 1625 1740 Christo
1672 1676 1893 1740 filium
1942 1686 2257 1741 nostrum
2291 1677 2621 1740 Carolum
2655 1677 3149 1738 Romanorum

581 1794 651 1847 et
699 1783 1205 1865 Hispaniarum
1252 1803 1498 1864 regem
1548 1783 1991 1847 Catholicum
2037 1784 2106 1846 in
2137 1785 2649 1864 Imperatorem
2701 1786 3024 1864 electum,
3078 1793 3151 1845 et

579 1891 856 1973 aliquos
883 1891 1060 1954 alios
1087 1890 1510 1954 christianos
1543 1891 1906 1973 principes
1936 1890 2287 1954 Nuncium
2322 1901 2392 1953 et
2424 1899 2779 1953 oratorem
2811 1890 3149 1953 Nostrum

578 1997 954 2077 mittamus,
1021 1997 1476 2061 devotionem
1525 2008 1839 2062 vestram
1891 2008 1963 2060 et
2008 2009 2323 2060 vestrum
2381 1997 2700 2080 singulos
2761 1999 3149 2078 hortamur,

578 2104 879 2167 subditis
945 2125 1118 2168 vero
1181 2105 1442 2168 nostris
1509 2115 1581 2167 et
1646 2108 1962 2187 gentium
2031 2106 2542 2184 armigerorum
2609 2105 3004 2185 capitaneis
3076 2115 3147 2166 et

579 2210 994 2273 ductoribus
1020 2232 1151 2274 nec
1193 2233 1332 2275 non
1374 2212 1709 2275 militibus
1751 2214 1842 2274 ad
1865 2211 2127 2274 Nostra
2167 2224 2236 2274 et
2254 2211 2363 2273 5²²⁰
2384 2211 2759 2273 Romanae
2782 2210 3148 2274 Ecclesiae

579 2317 936 2398 stipendia
953 2317 1439 2398 militantibus,
1463 2321 1593 2381 sub
1620 2318 2131 2400 indignationis
2157 2330 2442 2382 nostrae
2468 2339 2706 2401 poena
2731 2319 3149 2381 mandamus

580 2433 655 2487 ut
702 2425 1145 2507 praedictum
1176 2425 1691 2508 Hieronymum
1741 2446 1899 2488 cum
1948 2426 2090 2488 suis
2140 2426 2514 2488 comitibus
2561 2426 3026 2488 familiaribus
3078 2435 3150 2488 et

579 2532 1073 2611 servitoribus,
1142 2552 1274 2595 nec
1339 2554 1477 2594 non
1531 2532 1673 2596 suis
1723 2531 1981 2595 Salmis
2030 2544 2100 2595 et
2154 2532 2417 2614 bulgiis
2469 2532 2736 2595 valisiis
2799 2543 2871 2595 et
2930 2536 3148 2595 rebus

579 2637 736 2700 aliis
796 2658 927 2720 per
993 2658 1239 2702 omnes
1301 2639 1625 2702 civitates
1686 2648 1916 2703 terras
1965 2649 2221 2720 pontes
2270 2658 2523 2721 passus
2571 2649 2820 2721 portus
2868 2649 2941 2701 et
2988 2641 3149 2702 loca

579 2744 944 2823 quaelibet
980 2753 1124 2807 tam
1158 2755 1402 2808 nostra
1459 2766 1669 2826 quam
1720 2757 1981 2823 vestra,
2031 2748 2301 2827 absque
2351 2746 2647 2808 alicuius
2696 2746 2881 2808 dacii
2930 2748 3147 2828 peda-

580 2849 674 2930 gii
741 2853 1070 2931 gabellae
1130 2855 1555 2916 bulletarum
1602 2854 1904 2934 portorii
1951 2852 2361 2916 fundinavis
2410 2864 2531 2915 aut
2578 2854 2868 2916 alterius
2926 2853 3146 2915 cuius·

580 2957 686 3019 vis
736 2958 982 3021 indicti
1031 2960 1146 3021 vel
1195 2959 1554 3023 indicendi
1604 2959 1860 3039 oneris·
1904 2960 2284 3032 solutione;
2355 2961 2455 3022 ire
2523 2960 2782 3023 morari
2845 2961 3147 3023 transire

575 3065 952 3146 redireque
1019 3086 1267 3129 secure
1315 3067 1683 3148 libereque
1730 3067 2185 3148 permittatis,
2237 3068 2645 3148 nullumque
2695 3067 2926 3130 eidem
2975 3067 3143 3129 Hie-

578 3191 877 3254 ronymo
929 3182 1000 3235 et
1047 3173 1190 3235 suis
1239 3174 1625 3254 praedictis
1674 3174 1743 3236 in
1793 3194 2105 3255 persona
2152 3173 2302 3236 sive
2352 3174 2557 3236 bonis
2597 3175 2991 3237 molestiam
3025 3175 3146 3236 im·

579 3278 1062 3360 pedimentum
1128 3279 1279 3343 sive
1343 3281 1673 3343 damnum
1741 3281 1995 3361 quovis
2062 3282 2271 3343 modo
2339 3281 2661 3345 inferatis
2722 3302 2846 3343 seu
2898 3282 3148 3343 inferri

579 3385 1033 3466 permittatis;
1103 3387 1271 3467 quin
1335 3387 1474 3449 imo
1536 3388 1627 3449 de
1684 3387 1957 3450 itineris
2007 3388 2388 3450 securitate
2436 3388 2851 3468 viarumque
2902 3391 3144 3450 ducto-

579 3493 796 3572 ribus,
845 3493 901 3555 si
939 3513 1118 3574 opus
1148 3493 1362 3556 fuerit
1393 3505 1463 3555 et
1496 3494 1999 3575 requirendum
2049 3495 2356 3576 duxerit,
2406 3495 2504 3557 ita
2551 3495 2865 3576 benigne
2915 3516 3144 3577 prom-

582 3609 845 3680 pteque
893 3600 1353 3680 provideatiS,
1407 3610 1481 3662 ut
1517 3621 1560 3662 a
1606 3602 1811 3664 nobis
1843 3598 2251 3682 Sanctaque
2299 3602 2432 3662 hac
2484 3598 2673 3663 Sede
2725 3602 3148 3684 Apostolica

578 3706 864 3787 possitis
920 3708 1171 3769 merito
1229 3708 1729 3770 commendari.
1825 3710 2087 3771 Datum
2132 3707 2417 3772 Romae
2466 3710 2655 3789 apud
2706 3708 2777 3773 S.
2829 3701 3144 3790 Petrum,

580 3833 765 3874 anno
793 3813 1310 3875 Incarnationis
1332 3814 1749 3877 Dominicae
1773 3815 2148 3878 Millesimo
2176 3815 2746 3896 quingentesimo
2772 3817 3142 3888 vicesimo:

578 3919 1070 3982 tertiodecimo
1120 3921 1263 3982 kal.
1315 3920 1644 4001 Augusti.
1706 3921 2172 3984 Pontificatus
2221 3923 2444 3985 nostri
2492 3943 2678 3984 anno
2728 3933 3006 3986 octavo,

2396 4037 2572 4098 ΜΨ.
2612 4037 2681 4099 de
2719 4038 2928 4099 Placia.

1823 4304 1883 4369 3.

1260 4411 1393 4490 Leo
1451 4411 1535 4491 X.
1591 4410 2023 4510 Hieronymo
2079 4412 2454 4494 Aloandm.

1411 4541 1581 4609 (Aeta
1615 4540 1887 4598 Wormae.
1923 4541 2014 4599 fol.
2052 4541 2085 4601 3
2121 4543 2325 4615 tergo.)

1610 4641 1721 4707 (16.
1759 4643 1895 4707 Julii
1940 4641 2112 4706 1520.)

760 4748 907 4810 Leo
973 4748 1208 4831 Episc.
1277 4746 1544 4811 Servus
1607 4746 1896 4812 Servor.
1947 4751 2112 4829 Dei,
2177 4751 2438 4813 dilecto
2504 4751 2649 4814 filio
2700 4753 3143 4836 Hieronymo

583 4855 949 4918 Aleandro
1018 4855 1440 4935 Praeposito
1513 4856 1879 4919 Ecclesiae
1950 4858 2194 4919 Sancti
2265 4858 2560 4936 Joannis
2638 4860 3144 4939 Evangelistae
