3559 5734
182 704 279 765 detto
305 704 351 766 da
374 705 471 767 molti
497 707 531 767 dl
556 706 590 768 in
616 728 686 789 qua
710 709 776 770 che
798 718 925 789 questa
940 728 1025 768 cosa
1040 707 1058 767 ὸ
1075 705 1178 767 facile
1195 726 1216 767 a
1231 703 1463 785 extinguersi,

182 831 237 872 ma
261 811 327 873 che
351 831 416 892 per
439 814 550 875 havet
574 815 725 896 meglior
748 814 961 877 executione
983 825 1018 877 et
1033 812 1237 876 obedientia
1254 814 1464 892 besognava

180 917 290 979 haver
315 920 347 981 el
373 920 555 1002 conseglio
580 932 616 984 et
640 942 785 984 assenso
810 921 845 984 di
866 920 1026 1003 Principi
1051 921 1086 1002 (il
1111 922 1175 983 che
1200 923 1269 982 ben
1288 920 1306 981 ὲ
1323 938 1409 981 vero
1425 938 1463 980 se

182 1023 204 1085 li
222 1025 379 1107 Principi
403 1026 595 1090 sentissero
619 1049 685 1091 con
702 1028 834 1093 Cesare
859 1039 894 1092 et
915 1049 986 1091 non
1001 1028 1139 1091 iussero
1165 1030 1238 1089 cosl
1262 1024 1462 1088 incrudeliti

182 1133 363 1195 contradi
388 1134 476 1214 noi);
501 1145 624 1198 contra
648 1146 764 1199 autem
788 1137 813 1199 il
838 1137 1048 1200 Cancellieri
1074 1155 1213 1216 sempre
1238 1133 1270 1195 ci
1295 1132 1372 1195 dice
1397 1132 1462 1193 che

181 1238 440 1322 &impossibile
464 1253 592 1304 metter
615 1242 662 1304 fin
688 1265 709 1306 a
732 1254 858 1325 questa
889 1265 974 1307 cosa
1006 1263 1111 1307 senza
1141 1263 1188 1304 un
1214 1238 1393 1318 Concilio,
1428 1248 1464 1300 et

181 1346 243 1406 che
275 1347 350 1410 fata
382 1352 543 1429 obstant,
576 1360 612 1412 et
643 1351 729 1413 certi
755 1352 935 1433 proverbii
960 1354 1005 1414 de
1029 1349 1298 1414 constellatione
1324 1349 1389 1410 che
1413 1346 1461 1409 lui

181 1453 252 1514 sole
277 1454 357 1533 plus
382 1476 497 1536 aequo
522 1459 634 1520 haver
657 1459 727 1520 alle
751 1458 853 1521 mani.
894 1458 952 1520 Ad
977 1458 1065 1520 haec
1089 1459 1125 1520 lo
1150 1458 1216 1519 che
1240 1455 1274 1518 io
1291 1452 1462 1536 respondi

182 1579 247 1620 non
272 1564 435 1644 besogna
458 1574 611 1646 repeter,
635 1566 766 1645 perche
791 1585 862 1627 non
886 1586 1011 1628 manco
1035 1563 1091 1626 far
1115 1564 1148 1627 el
1172 1562 1305 1642 debito,
1330 1561 1373 1622 ne
1391 1558 1462 1622 mai

181 1665 253 1727 loro
279 1667 312 1729 in
339 1679 428 1732 tutte
453 1682 577 1751 queste
602 1674 761 1734 consulte
785 1674 905 1734 hanno
930 1673 1086 1753 allegato
1106 1668 1239 1732 motivo
1257 1670 1322 1731 che
1337 1667 1371 1729 io
1389 1686 1459 1729 non
1555 1650 1559 1657 ⁵

179 1773 273 1835 habii
314 1775 460 1839 distolto
492 1799 557 1840 con
592 1777 854 1841 evidentissime
886 1778 1044 1860 regioni,
1083 1778 1117 1840 le
1150 1776 1245 1858 quali
1276 1776 1393 1838 odeno
1426 1784 1462 1835 et

178 1892 373 1962 accettano,
405 1906 463 1947 ma
486 1886 522 1948 in
547 1885 748 1949 conclusion
773 1885 882 1949 fanno
909 1908 930 1948 a
953 1888 1006 1949 lor
1030 1886 1145 1948 modo,
1194 1883 1238 1946 Et
1262 1902 1372 1946 ancor
1395 1883 1460 1944 che

177 2008 241 2067 per
271 1988 295 2051 li
327 1991 464 2053 articoli
492 1991 689 2074 impiissimi
714 1995 779 2056 che
803 1993 837 2055 io
862 1996 915 2055 lor
940 1995 985 2056 ho
1009 2001 1180 2056 mostrato
1205 1989 1350 2057 extratti
1375 1988 1460 2051 dalli

177 2096 257 2158 libri
289 2097 324 2158 di
350 2099 485 2162 Luther
516 2110 553 2162 et
582 2120 648 2181 per
679 2099 805 2162 infiniti
838 2100 993 2183 exempli
1018 2100 1114 2182 quali
1138 2098 1224 2180 ogni
1248 2099 1282 2160 dl
1307 2097 1335 2159 si
1367 2096 1460 2157 vede

177 2205 296 2284 seguir
320 2207 366 2268 da
391 2217 516 2287 questa
539 2207 691 2283 heresia,
716 2209 930 2271 conoschino
952 2218 988 2271 et
1005 2207 1208 2271 confessino
1229 2207 1294 2269 che
1311 2205 1345 2267 io
1364 2203 1459 2265 dichi

177 2310 200 2371 il
224 2332 324 2387 vero,
350 2325 386 2375 et
410 2315 475 2377 che
500 2313 530 2376 si
554 2315 644 2377 deve
669 2313 725 2377 far
748 2315 833 2397 ogni
857 2336 959 2393 cosa,
984 2326 1101 2378 tamen
1126 2313 1252 2376 dicono
1277 2314 1342 2375 che
1367 2310 1458 2374 biso·

177 2438 249 2499 gna
271 2440 337 2501 per
360 2420 384 2483 il
408 2422 514 2484 melio
537 2423 815 2505 temporeggiar,
840 2433 876 2486 et
900 2424 1010 2487 veder
1039 2423 1075 2484 di
1103 2432 1230 2484 metter
1258 2418 1327 2482 fine
1352 2441 1374 2481 a
1396 2418 1458 2480 tali

176 2527 440 2591 inconvenienti
464 2550 530 2611 per
554 2530 612 2594 via
628 2540 757 2612 pacata
772 2540 807 2593 et
824 2551 997 2594 consenso
1014 2531 1049 2592 di
1068 2529 1158 2607 tutti,
1183 2529 1207 2590 il
1223 2529 1288 2589 che
1305 2528 1458 2589 sarebbe

176 2635 320 2715 optimo,
345 2655 384 2698 se
408 2656 475 2718 pur
500 2657 570 2698 non
594 2657 633 2699 se
658 2638 850 2700 lassassero
875 2639 1064 2719 aggabbar
1087 2637 1133 2697 da
1149 2634 1263 2718 questi
1282 2634 1457 2712 Alemani‚

176 2741 199 2803 li
224 2742 317 2822 quali
343 2763 413 2804 non
438 2764 590 2806 cercano
615 2764 747 2807 senon
773 2745 838 2806 che
863 2746 897 2806 la
922 2745 1017 2807 dieta
1041 2764 1080 2806 se
1105 2741 1227 2805 finisca
1250 2762 1289 2803 re
1313 2739 1456 2804 infecta.

176 2848 302 2928 Quello
335 2851 382 2912 mi
413 2849 450 2912 fa
476 2860 549 2913 star
572 2850 773 2933 stupefacto
799 2852 851 2913 ch'
869 2853 901 2913 el
926 2850 1109 2931 conseglio
1135 2851 1169 2911 di
1195 2850 1397 2930 Alemagna
1421 2850 1456 2912 di

176 2955 301 3035 Cesar,
334 2956 357 3018 il
389 2957 494 3037 quale
527 2978 567 3019 sa
597 2958 729 3040 meglio
754 2957 778 3020 li
803 2958 898 3021 modi
923 2958 956 3020 di
981 2958 1156 3039 procedet
1180 2957 1216 3019 in
1240 2966 1365 3038 questo
1391 2959 1456 3019 che

175 3082 243 3124 non
269 3066 301 3126 el
326 3064 516 3128 cancellier
540 3076 575 3128 et
598 3066 622 3127 li
640 3066 720 3128 altri
735 3067 793 3128 del
811 3066 992 3147 conseglio
1007 3074 1157 3145 secret0‚
1179 3066 1298 3126 hanno
1316 3065 1454 3127 dechia·

174 3179 251 3231 rato
276 3192 296 3232 a
321 3169 453 3234 Cesare
477 3173 542 3234 che
558 3171 594 3235 S.
610 3172 748 3234 Maesti
774 3193 879 3235 senza
903 3173 994 3234 altra
1018 3172 1280 3235 consultatione
1305 3171 1340 3233 di
1357 3171 1453 3234 Prin-

174 3276 242 3357 cipi
267 3288 353 3359 pote
377 3289 413 3340 et
437 3279 528 3342 deve
553 3282 727 3361 proceder
751 3281 797 3342 ad
821 3281 856 3342 la
880 3278 1092 3342 executione
1115 3280 1209 3341 della
1226 3278 1344 3351 Bulla;
1370 3299 1455 3341 non-

174 3386 314 3448 dimeno
351 3388 384 3448 el
420 3386 603 3468 conseglio
638 3397 777 3449 secreto
813 3386 906 3448 dove
938 3405 1026 3448 sono
1051 3385 1161 3448 nostri
1186 3385 1326 3448 Italiani
1352 3395 1387 3448 et
1411 3387 1455 3449 de

173 3492 378 3575 Borgogna,
403 3492 424 3553 l’
442 3495 561 3556 hanno
585 3496 707 3556 voluta
729 3493 850 3557 invitis
874 3505 909 3555 et
933 3492 1209 3556 reclamantibus
1232 3492 1344 3574 nobis,
1369 3507 1453 3556 met·

173 3611 227 3662 ter
249 3600 284 3662 in
310 3620 415 3663 mano
441 3601 535 3663 della
559 3601 655 3664 dieta
677 3601 888 3664 universale.

260 3708 394 3788 Quasi
419 3706 566 3789 divulga
589 3729 654 3790 per
676 3710 803 3771 lettere
828 3707 863 3769 di
888 3706 1019 3769 diversi
1044 3708 1090 3767 da
1113 3706 1233 3769 Roma
1257 3709 1322 3770 che
1347 3707 1375 3770 si
1408 3711 1454 3772 ha

173 3815 307 3896 agitato
331 3814 367 3876 in
391 3814 590 3877 concistoro
614 3815 673 3897 gia
697 3816 755 3898 pili
781 3818 878 3879 volte
903 3814 1141 3876 demandare
1166 3834 1236 3877 uno
1265 3815 1453 3880 Cardinale

173 3922 292 4003 legato
317 3923 363 3984 de
386 3921 497 3984 latere
522 3926 580 4003 qul
605 3942 670 4004 per
694 3933 819 4004 questa
842 3921 1002 4001 materia,
1026 3930 1062 3983 et
1082 3920 1141 4002 gia
1159 3922 1274 4002 questi
1288 3922 1453 3985 Alemani

173 4048 241 4091 non
267 4027 481 4091 desiderano
505 4030 613 4091 altro:
646 4049 717 4092 non
741 4028 800 4109 gi‘a
825 4050 889 4111 per
914 4048 1013 4091 amor
1037 4030 1102 4091 che
1127 4029 1203 4091 loro
1229 4049 1273 4090 ne
1299 4029 1451 4112 portino‚

172 4156 228 4197 ma
250 4155 316 4217 per
339 4144 534 4217 extorquet
557 4137 664 4198 nuovi
689 4135 912 4203 concordati,
945 4155 1016 4198 non
1041 4156 1140 4197 come
1165 4135 1189 4197 li
1213 4135 1348 4217 antiqui
1372 4137 1452 4200 fatti

173 4261 248 4304 cum
273 4243 307 4304 el
323 4240 512 4305 Cardinale
529 4241 650 4306 Sancti
674 4243 818 4325 Angeli,
843 4264 901 4305 ma
921 4243 1078 4305 secundo
1094 4243 1212 4322 quella
1227 4242 1451 4308 instruttione

172 4348 206 4409 la
229 4350 334 4429 quale
358 4348 392 4410 io
416 4350 558 4412 mandai
582 4348 642 4413 alli
667 4351 700 4411 dl
725 4350 872 4431 passati;
899 4351 940 4412 ne
965 4350 1034 4411 mai
1059 4351 1265 4413 darebbeno
1290 4350 1359 4413 fine
1381 4355 1451 4415 alla

172 4474 254 4517 cosa
277 4455 313 4517 di
338 4455 480 4536 Luther‚
504 4477 660 4537 percon
685 4467 809 4538 questo
833 4457 977 4539 meggio
1002 4465 1236 4537 constrenger
1259 4460 1449 4539 quoddam-

171 4562 275 4624 modo
291 4560 558 4626 Sanctissimum
573 4564 763 4626 Dominum
780 4564 946 4628 Nostrum
970 4566 1004 4626 al
1028 4566 1105 4626 loro
1121 4565 1237 4635 voler;
1262 4570 1350 4645 pero
1370 4587 1449 4629 meo

171 4667 284 4731 inutili
308 4668 456 4731 consilio
482 4680 517 4732 et
541 4690 606 4751 per
630 4671 650 4732 l'
668 4689 766 4733 amor
789 4672 825 4733 di
841 4671 911 4733 Dio
936 4691 1006 4732 non
1032 4691 1070 4732 se
1093 4670 1184 4751 parli
1201 4671 1245 4733 de
1261 4672 1449 4737 Cardinale
1484 4668 1488 4674 ’

172 4775 327 4857 Legum,
360 4777 426 4838 che
452 4796 524 4839 non
547 4776 585 4839 su
609 4776 678 4840 mai
702 4778 836 4858 peggio
860 4788 1011 4859 pensato
1035 4798 1100 4859 per
1123 4780 1230 4841 molte
1255 4800 1359 4843 cause
1384 4782 1449 4844 che

175 4882 217 4945 V.
243 4882 279 4945 S.
304 4883 399 4945 Rma
430 4899 514 4966 pote
547 4887 798 4967 comprendet,
831 4889 962 4966 perche
994 4906 1058 4966 per
1090 4887 1154 4947 dar
1185 4886 1350 4948 auttoritzi
1379 4889 1450 4951 alla

1254 4991 1287 5045 8*
