3559 5734
726 524 956 582 QYI&

204 684 331 735 venuta
355 673 403 735 dil
429 693 494 735 suo
518 673 724 734 Mahumeth
751 681 787 733 et
811 670 870 750 gia
896 671 1025 752 passim
1051 672 1238 753 divulgant
1262 674 1327 733 che
1352 669 1400 732 lui
1424 691 1480 731 ve·

202 779 277 842 nira
301 792 336 842 et
361 782 427 842 che
451 778 529 842 fara
554 778 773 860 meraviglie.
811 779 934 851 Revm
960 779 1092 841 Patron
1117 778 1203 859 miO,
1228 798 1266 840 se
1292 798 1360 840 non
1385 776 1482 839 fusse

202 888 378 950 destinato
403 888 448 950 ad
473 887 523 948 tal
547 886 701 967 impresa
726 887 772 947 da
796 885 837 948 N.
864 883 903 947 δ’·
938 895 972 947 et
997 886 1062 947 che
1088 905 1158 947 non
1183 885 1213 947 si
1236 884 1374 947 facesse
1405 905 1481 966 pre-

202 994 324 1056 iuditio
350 1015 388 1057 se
413 1014 484 1057 non
509 994 542 1055 al
568 1013 671 1055 nome
696 993 776 1071 mio,
801 1013 866 1074 per
881 992 950 1054 Dio
976 1012 1046 1055 non
1071 991 1288 1054 desiderarei
1305 993 1396 1054 altro
1416 993 1481 1054 che

202 1102 454 1165 raccontrarmi
479 1121 546 1163 con
571 1111 697 1182 questo
722 1098 852 1169 Satan:
883 1099 908 1162 il
938 1102 1003 1162 che
1034 1120 1072 1162 se
1097 1120 1167 1161 non
1191 1101 1295 1182 potrd
1320 1098 1482 1161 obtenire

201 1230 331 1289 coram,
357 1209 499 1272 subbito
524 1208 694 1290 expedito
720 1211 765 1270 de
789 1207 858 1270 mia
891 1207 1044 1289 impresa
1068 1226 1174 1288 spero
1199 1207 1386 1269 mostrarlo
1415 1225 1482 1267 con

201 1317 324 1396 scritti,
350 1327 385 1378 et
403 1336 471 1378 non
493 1315 654 1398 allegare
679 1315 786 1396 quelli
812 1316 878 1377 che
903 1314 949 1376 lui
966 1314 1100 1392 *refutas
1126 1315 1217 1376 adeo
1242 1314 1347 1377 video
1373 1314 1481 1375 multa

200 1422 235 1485 in
259 1434 386 1505 questa
411 1424 531 1485 ultima
547 1443 658 1504 opera
682 1424 774 1485 dove
799 1434 834 1484 et
859 1423 907 1484 lui
931 1432 967 1484 et
983 1421 1060 1483 suoi
1083 1420 1228 1503 seguaci
1250 1423 1368 1483 hanno
1391 1419 1480 1482 fatto

200 1530 285 1611 ogni
309 1552 373 1594 suo
398 1530 517 1593 studio
541 1530 686 1612 podersi
711 1550 932 1607 convenam,
965 1532 1026 1592 sed
1059 1540 1097 1591 ut
1122 1529 1195 1591 dixi
1226 1549 1297 1592 non
1321 1531 1483 1610 besogna

200 1647 328 1701 metter
352 1638 388 1700 in
414 1637 658 1701 controversia
682 1636 875 1699 l'auttorita
899 1638 958 1699 del
982 1635 1047 1709 8¹2⁰
1072 1645 1108 1698 et
1131 1646 1204 1698 star
1237 1655 1258 1697 a
1291 1634 1421 1698 iudicio
1446 1635 1480 1697 di

200 1742 292 1823 laici,
317 1745 362 1806 de
386 1745 481 1826 quali
506 1766 593 1807 sono
619 1744 716 1807 molti
741 1744 801 1825 gia
825 1743 953 1807 infetti.
1001 1744 1195 1806 Praeterea
1226 1763 1326 1805 come
1358 1752 1394 1804 et
1425 1763 1480 1804 co·

199 1872 273 1913 ram
299 1852 427 1931 quibus
450 1850 627 1914 indicibus
652 1872 689 1914 se
706 1853 866 1913 harebbe
890 1872 912 1913 a
932 1850 1092 1932 disputar
1109 1852 1244 1930 absque
1269 1849 1480 1912 auctoritate

200 1957 406 2021 pontificis?
439 1970 474 2020 et
506 1958 554 2021 lui
577 1958 610 2020 in
646 1978 710 2021 sua
733 1958 992 2038 protestatione
1016 1967 1158 2020 recusat
1185 1956 1322 2038 judices
1346 1958 1478 2020 theolo-

198 2085 278 2146 goS,
302 2065 548 2147 philosophos,
573 2066 656 2128 iuris
681 2065 862 2147 utriusque
887 2067 1079 2144 consultos
1103 2076 1271 2148 tanquam
1295 2065 1396 2126 nauci
1419 2065 1478 2127 ho·

200 2172 313 2235 mines
337 2183 373 2235 et
396 2172 567 2254 precipue
591 2181 787 2255 suspectos.

290 2276 365 2341 Sed
388 2287 426 2341 ut
450 2282 593 2343 redeam
618 2282 664 2342 ad
688 2280 815 2343 seriem
840 2280 890 2342 rei
916 2281 949 2342 el
981 2279 1183 2342 cancellieri
1220 2280 1313 2342 disse
1348 2280 1413 2341 che
1443 2299 1480 2341 se

198 2385 350 2449 metter'a
374 2388 447 2449 bon
472 2387 606 2450 ordine.
648 2387 872 2469 Poipransai
898 2408 963 2449 con
989 2408 1099 2450 mons
1125 2389 1169 2449 de
1191 2386 1360 2450 Chievres
1384 2387 1479 2467 apud

198 2493 407 2575 episcopum
432 2494 601 2557 Leodien.
627 2496 687 2557 ubi
712 2496 861 2558 aderant
885 2495 984 2557 multi
1008 2493 1196 2579 {principes
1230 2504 1264 2555 et
1293 2494 1479 2575 presertim

200 2600 440 2663 nobilissimus
464 2601 524 2664 ille
541 2602 624 2664 Dux
641 2601 843 2665 Friderieus
866 2601 978 2664 frater
1003 2601 1148 2664 Comitis
1172 2601 1342 2679 Palatini,
1367 2611 1402 2663 et
1431 2601 1478 2663 in-

197 2717 254 2770 ter
278 2709 528 2789 prandendum
553 2719 588 2772 et
611 2719 693 2789 post
717 2708 917 2791 depositam
941 2729 1096 2771 mensam
1129 2708 1166 2770 fu
1199 2710 1308 2772 molto
1333 2717 1479 2770 trattato

197 2815 234 2877 di
259 2824 387 2895 questa
410 2835 504 2893 cosa,
530 2826 567 2877 et
590 2835 695 2898 spero
720 2818 786 2878 che
811 2826 903 2877 tutto
927 2816 955 2878 si
980 2815 1125 2897 portera
1149 2817 1237 2894 ben,
1263 2817 1319 2878 del
1345 2817 1410 2878 che
1435 2837 1479 2878 ne

197 2922 286 2984 dard
311 2921 436 2984 adviso
461 2943 482 2983 a
506 2922 550 2984 V.
579 2922 612 2985 S.
637 2923 759 2995 Rev¹¹2⁸
782 2923 939 2985 secundo
964 2924 996 2986 el
1021 2942 1186 2985 successo
1210 2924 1268 2984 del
1292 2934 1412 3005 tempo
1444 2935 1480 2985 et

198 3030 293 3091 delle
318 3049 412 3092 cose.
460 3028 511 3092 Le
535 3030 592 3092 cui
615 3049 716 3093 sacre
741 3029 834 3093 mani
858 3033 958 3095 baso

288 3152 510 3218 Wormatiae
535 3153 593 3217 die
620 3203 627 3217 .
654 3203 694 3218 ..

735 3334 832 3347 estut-&df
839 3336 882 3347 &Ar-t«
887 3336 904 3346 κ·
908 3336 929 3346 ,π’

816 3566 856 3629 12

576 3671 755 3751 Aloander
783 3672 1095 3754 Vioecanoellario.

555 3801 726 3871 (Nuntiat.
747 3802 901 3862 (termam
919 3801 951 3861 1..
970 3803 1028 3861 tot
1047 3803 1123 3875 107.)

625 3906 745 3963 (Circiter
767 3918 806 3967 14.
827 3907 935 3969 Januar.
961 3907 1044 3969 ¹428·¹

287 4011 327 4072 In
352 4010 373 4072 l’
388 4012 478 4074 altra
502 4011 571 4074 mio
598 4013 642 4073 ho
668 4011 789 4074 scritto
815 4013 860 4075 de
884 4016 1007 4094 rebuS,
1042 4014 1078 4075 in
1103 4026 1228 4095 questa
1252 4016 1408 4078 scriverd
1433 4018 1478 4079 de

198 4117 370 4199 personis,

287 4224 420 4287 Caesar
443 4227 489 4287 ha
514 4225 537 4287 il
562 4224 712 4306 meglior
736 4226 863 4305 anim0‚
890 4227 955 4289 che
980 4229 1085 4291 homo
1110 4249 1276 4291 nascesse
1300 4229 1359 4311 gia
1384 4231 1478 4293 mille

197 4331 290 4411 anni,
316 4341 410 4394 etse
434 4332 482 4393 lui
508 4352 577 4393 non
602 4332 697 4394 fusse
723 4336 804 4411 tale,
830 4343 927 4396 certo
952 4336 985 4395 le
1010 4355 1092 4398 cose
1118 4346 1237 4399 nostre
1263 4356 1327 4418 per
1348 4336 1477 4418 privati

197 4438 310 4500 affetti
334 4440 528 4501 sarebbero
554 4441 662 4501 molto
688 4440 860 4503 intricate.

286 4546 326 4607 El
345 4544 538 4608 Confessor
563 4567 627 4628 per
652 4550 684 4609 le
709 4549 903 4629 gentilezze
929 4550 993 4611 che
1018 4550 1041 4612 li
1067 4551 1130 4613 uso
1146 4550 1188 4613 N.
1207 4551 1258 4613 Sffl
1287 4561 1340 4614 est
1362 4551 1477 4614 factus

198 4653 306 4713 multo
330 4652 476 4732 aequior
500 4654 569 4715 alle
594 4673 676 4715 cose
701 4653 737 4714 di
759 4654 879 4717 Roma
904 4657 969 4718 che
994 4657 1017 4719 il
1043 4677 1246 4739 cognoscea
1266 4679 1330 4741 per
1346 4659 1477 4738 avanti,

198 4759 285 4841 pero
309 4757 347 4821 fa
371 4761 490 4822 buono
515 4759 646 4840 officio,
672 4771 707 4823 et
730 4764 801 4824 ben
826 4762 855 4823 si
880 4765 971 4826 vede
996 4766 1061 4826 che
1086 4765 1106 4826 ὁ
1130 4767 1248 4828 buono
1266 4787 1405 4848 sempre
1422 4766 1477 4828 far

197 4868 266 4928 ben
291 4867 337 4928 ad
361 4867 452 4929 altri.
