3559 5734
707 574 855 629 &3421
896 573 954 628 &0

190 727 319 779 cuncta
341 717 376 780 in
403 717 660 799 confusionem,
693 729 729 783 et
756 719 893 782 ruinam
923 718 1087 782 celeriter
1111 739 1189 781 esse
1214 718 1364 781 abitura.
1414 719 1468 780 Ac

190 845 255 887 nos
279 826 338 906 qui
362 826 395 888 in
420 827 523 890 vobis
547 829 692 889 multum
726 826 803 908 spei
837 835 872 889 et
908 826 943 888 in
981 836 1099 889 vestra
1129 829 1303 908 prestanti
1339 826 1468 889 virtute

187 933 363 1013 ponimus,
386 943 425 996 ut
448 934 650 1016 aperiamus
666 933 878 997 sententiam
902 933 1188 1015 desideriumque
1213 944 1371 996 nostrum
1396 934 1465 995 vel·

189 1041 301 1102 lemus
324 1039 361 1103 id
385 1040 550 1125 primum,
586 1041 681 1123 quod
706 1049 742 1103 et
764 1039 870 1104 facile
894 1051 948 1103 est
977 1050 1013 1103 et
1036 1041 1184 1103 aliorum
1208 1041 1276 1103 iam
1302 1039 1467 1122 exemplo

189 1146 480 1227 demonstratum,
505 1159 542 1208 ut
560 1147 673 1229 qualis
689 1146 891 1228 Ratispone
915 1168 980 1229 per
1003 1147 1083 1210 illos
1108 1148 1331 1225 clarissimos,
1356 1158 1392 1208 et
1415 1165 1466 1208 re·

189 1252 435 1333 ligiosissimos
466 1274 634 1336 proceres
659 1256 850 1318 concordia
873 1253 979 1334 inita,
1015 1264 1050 1317 et
1083 1253 1212 1317 foedus
1235 1255 1366 1317 factum
1391 1252 1466 1331 fuit,

189 1379 259 1441 quo
285 1381 426 1424 causam
451 1362 595 1440 Christi,
622 1369 657 1425 et
680 1361 786 1443 patrii
809 1361 955 1424 honoris
980 1363 1155 1425 communi
1180 1382 1250 1444 ope
1274 1370 1310 1423 et
1333 1360 1466 1422 auxilio

188 1465 451 1531 defendendam
476 1478 719 1549 susceperunt,
744 1469 823 1530 talis
851 1448 956 1531 fieret
976 1468 1068 1531 inter
1101 1481 1277 1549 coeteros,
1313 1469 1372 1550 qui
1407 1487 1466 1549 po-

187 1581 318 1636 testate
342 1575 541 1658 principum
565 1575 735 1657 praediti,
768 1588 803 1638 et
828 1584 980 1637 mentem
1004 1577 1154 1657 habent,
1189 1585 1225 1639 et
1248 1577 1466 1639 voluntatem

187 1681 232 1742 ad
268 1682 419 1744 honesta
459 1692 494 1745 et
528 1693 651 1745 sancta
693 1702 803 1764 opera
840 1693 1014 1764 paratam,
1054 1663 1090 1745 in
1125 1703 1273 1764 quorum
1310 1702 1466 1760 numer0,

187 1807 265 1849 cum
291 1807 355 1850 vos
379 1809 449 1850 non
473 1788 643 1852 mediocri
667 1789 878 1853 auctoritate
902 1790 1081 1870 polleatis,
1117 1791 1300 1853 hortamur
1332 1788 1464 1851 Nobili-

186 1904 279 1956 tates
303 1906 441 1958 vestras
465 1895 499 1958 in
518 1897 680 1977 Domino,
705 1906 741 1959 et
757 1917 822 1979 per
838 1897 977 1960 viscera
992 1896 1255 1960 misericordiae
1270 1896 1338 1958 Dei
1356 1895 1465 1957 nostri

186 2010 262 2063 toto
286 2001 393 2064 animi
417 2003 534 2066 studio
558 2004 768 2085 requirimus
793 2015 830 2067 ut
854 2005 1045 2067 convenire
1070 2025 1148 2067 cum
1182 2002 1345 2082 caeteris,
1377 2022 1465 2083 quos

187 2107 371 2172 vobiscum
407 2108 648 2173 iudicaveritis
682 2113 759 2175 iore
796 2112 1076 2189 consentienteS,
1116 2130 1331 2191 operamque
1368 2111 1464 2188 dare,

185 2215 331 2295 hortari,
354 2235 516 2297 monere,
546 2218 679 2280 instare
703 2216 857 2300 denique
890 2218 1006 2280 velitis
1031 2227 1083 2296 ut,
1112 2218 1258 2280 foedere
1283 2216 1464 2279 intervos

185 2319 298 2401 factu,
333 2323 566 2405 popularibus
590 2323 743 2386 motibus
752 2372 760 2404 ,
786 2335 822 2386 et
844 2325 1067 2406 periculosae
1092 2323 1333 2405 imperitorum
1358 2323 1462 2385 licen-

184 2428 254 2491 tiae
267 2429 510 2493 communibus
520 2431 644 2494 studiis
656 2432 849 2511 resistatur,
861 2430 1147 2514 quandoquidem
1159 2431 1204 2491 ad
1216 2429 1314 2510 vulgi
1326 2438 1463 2491 mentes

185 2535 350 2598 seditioni
376 2538 547 2599 adversus
571 2537 750 2620 principes
774 2559 856 2601 suos
882 2539 1123 2616 concitandas,
1153 2539 1242 2599 haec
1273 2537 1461 2618 plurimum

186 2642 437 2706 sumministret
460 2643 554 2725 ignis
587 2655 622 2706 et
653 2644 809 2707 incendii
833 2647 879 2707 ad
904 2645 1058 2708 omnium
1081 2644 1275 2726 perniciem
1300 2653 1336 2706 et
1360 2641 1462 2705 detri-

184 2762 341 2812 mentum
366 2760 492 2813 exorta
506 2753 692 2814 lutherana
707 2750 826 2815 factio.
860 2752 938 2814 Hoc
955 2773 1019 2814 nos
1037 2751 1250 2814 consulimus
1264 2750 1389 2813 Nobb¹¹⁸
1406 2769 1462 2812 ve·

184 2855 267 2918 stris
290 2856 441 2939 primum
465 2858 512 2918 ob
536 2845 707 2921 honorem
731 2859 814 2939 Dei,
843 2860 1108 2940 animarumque
1132 2858 1182 2920 illi
1206 2860 1463 2939 desponsarum

185 2963 352 3041 salutem,
388 2983 535 3045 quarum
563 2963 742 3027 interitum
766 2985 898 3047 magno
923 2986 1000 3028 cum
1026 2966 1149 3028 dolore
1174 2964 1331 3047 quotidie
1357 2963 1462 3026 senti·

182 3090 275 3144 mus;
312 3069 442 3133 deinde
477 3071 573 3151 quod
606 3071 706 3135 istius
745 3073 848 3136 nobis
889 3072 1137 3136 dilectissimae
1173 3071 1326 3134 nationis
1362 3070 1462 3152 quies

182 3187 219 3239 et
249 3197 322 3260 pax
358 3177 461 3240 nobis
497 3188 551 3240 est
586 3179 817 3260 optatissima.
878 3180 1063 3242 Postremo
1096 3179 1178 3261 quia
1211 3199 1290 3240 cum
1323 3186 1461 3239 vestras

183 3283 300 3346 Nob²0⁵
324 3293 474 3366 paterna
497 3286 749 3348 benevolentia
772 3288 1043 3367 amplectamur,
1080 3286 1155 3348 sive
1182 3286 1218 3347 in
1249 3288 1317 3348 hoc
1350 3304 1459 3364 opere

184 3400 238 3454 est
274 3390 408 3473 gloria,
452 3391 526 3455 sive
573 3391 678 3455 etiam
717 3392 865 3473 utilitas,
905 3392 1087 3475 utriusque
1125 3393 1284 3475 cupimus
1322 3400 1460 3453 vestras

183 3497 302 3560 Nob‘ffl
325 3497 496 3580 imprimis
520 3518 598 3560 esse
622 3499 825 3581 participes
874 3499 1017 3562 Accidit
1050 3509 1167 3564 autem
1196 3498 1296 3581 quasi
1329 3496 1458 3560 occasi·

183 3624 286 3668 onem
310 3607 506 3688 praebente
530 3605 625 3685 De0,
662 3615 699 3667 ut
734 3626 812 3669 cum
837 3606 986 3671 dilectus
1016 3606 1108 3674 filius
1132 3617 1253 3670 noster
1277 3606 1334 3668 Al.
1360 3603 1458 3667 Car¹¹⁸

182 3711 412 3794 Maguntinus
429 3719 495 3774 etc.
513 3711 692 3775 civitatem
708 3713 1060 3796 Magdeburgensem
1077 3715 1298 3795 quorundam
1322 3712 1458 3774 scelere

183 3828 219 3882 et
241 3818 425 3900 impietate
449 3839 579 3901 magno
605 3839 682 3881 cum
707 3822 858 3883 tumultu
881 3821 936 3883 his
960 3822 1139 3903 preteritis
1156 3820 1281 3882 diebus
1298 3819 1344 3881 ad
1360 3818 1458 3879 here·

183 3926 246 3989 sim
272 3927 485 4008 prolapsam,
510 3945 574 4007 pro
599 3925 684 3988 boni
708 3927 871 4009 pastoris,
897 3937 932 3990 et
956 3927 1153 4008 dignissimi
1179 3924 1376 3988 Cardinalis
1402 3923 1458 3984 de·

182 4034 256 4096 bito
281 4034 326 4095 ad
351 4053 459 4095 verae
484 4032 626 4114 pietatis
651 4043 686 4094 et
716 4034 943 4098 obedientiae
975 4034 1146 4115 pristinae
1178 4031 1331 4094 officium
1364 4029 1459 4092 insti·

181 4140 288 4203 tuerit
312 4159 493 4220 revocare,
517 4140 681 4202 videatur
703 4140 740 4202 id
763 4141 868 4203 facile
893 4140 1100 4220 effecturus,
1125 4141 1154 4203 si
1178 4149 1299 4202 vestra
1323 4147 1358 4200 et
1382 4156 1458 4199 cae·

181 4257 336 4310 terorum
361 4256 458 4310 recte
479 4245 704 4310 sentientium
728 4247 859 4310 auxilia
883 4247 933 4310 illi
956 4268 1027 4311 non
1052 4247 1240 4325 defuerint,
1265 4246 1301 4307 in
1326 4264 1395 4325 qua
1419 4263 1458 4306 re

182 4374 248 4417 nos
273 4354 400 4433 etiam,
436 4352 582 4415 sibene
606 4364 770 4437 coeptam
805 4374 883 4417 eam
906 4354 1115 4434 viderimus,
1151 4352 1365 4415 intendimus
1389 4369 1457 4431 ope

181 4470 304 4524 nostra
327 4460 559 4533 intervenire;
597 4463 659 4523 sed
694 4470 732 4523 ut
761 4460 797 4522 id
828 4471 993 4544 prompte
1023 4470 1058 4524 et
1088 4461 1244 4523 animose
1272 4458 1349 4537 fiat,
1381 4460 1457 4520 hor·

180 4577 296 4631 tamur
320 4568 438 4630 denuo
462 4566 554 4629 Nom
577 4566 736 4648 Vestras,
761 4579 798 4630 ut
821 4569 1050 4651 interponere
1074 4577 1195 4650 partes
1224 4587 1305 4630 suas
1335 4564 1456 4627 velint.

181 4675 363 4739 Nollemus
387 4674 459 4737 vim
483 4695 548 4738 nos
572 4675 725 4756 quidem,
750 4676 813 4738 sed
838 4686 876 4737 ut
900 4674 1177 4738 mansuetudinis
1205 4686 1240 4737 et
1263 4671 1457 4737 humanita-

179 4783 226 4845 tis
249 4782 368 4866 potius
390 4781 450 4844 via
474 4780 715 4865 proficeretur.
763 4780 835 4845 Sed
860 4782 889 4844 si
913 4782 949 4843 id
973 4802 1044 4844 non
1069 4792 1204 4864 potest,
1230 4781 1342 4844 omnis
1366 4781 1457 4842 iusta

177 4888 245 4972 vis,
269 4898 324 4953 est
345 4888 475 4953 iniusta
505 4887 737 4971 permissione
766 4898 802 4952 et
830 4889 1053 4971 negligentia
1084 4889 1259 4969 sanctior,
1290 4909 1330 4954 ac
1362 4888 1456 4950 dum-
