3559 5734
705 514 951 571 edwii&

192 682 252 725 eos
276 662 438 726 intactos.
485 662 730 725 Decimanona
754 660 890 742 Aprilis
914 662 1030 724 denuo
1050 661 1226 723 rebellant
1242 680 1319 723 cum
1345 657 1469 722 vicinis

192 770 341 832 subditis
383 770 599 833 Marchionis
638 767 992 850 Brandeburgensis‚
1025 767 1195 850 oppidum
1227 766 1382 849 Otingen
1421 766 1471 828 in-

191 877 326 940 vadunt
357 887 393 940 et
433 877 595 940 comitem
629 873 847 939 Ludov‘icum
887 874 1061 938 iuniorem
1096 873 1273 937 incautum
1314 873 1471 955 capiunt,

191 984 405 1047 monasteria
429 983 598 1065 diripiunt
622 995 657 1045 et
686 983 880 1045 incendunt
905 991 941 1043 et
972 983 1054 1044 dum
1087 992 1168 1043 sunt
1197 980 1233 1044 in
1263 980 1391 1043 itinere
1426 981 1471 1043 ad

192 1090 413 1153 Heidenhem
429 1090 681 1154 monasterium
698 1089 935 1171 diripiendum
948 1090 1050 1151 adest
1063 1086 1279 1151 Marchionis
1296 1088 1473 1170 equitatus

192 1209 439 1261 sexcentorum
464 1197 620 1280 equiturn
645 1218 724 1259 cum
748 1196 935 1259 comitibus
960 1195 1037 1258 aliis
1061 1196 1106 1258 de
1140 1195 1297 1277 Otingen
1326 1206 1363 1257 et
1393 1214 1472 1257 curn

177 1304 304 1388 'parvo
328 1305 466 1386 pedite;
492 1305 628 1367 invadit
651 1304 801 1367 rusticos
826 1303 978 1384 primum
1002 1301 1187 1364 tormentis
1216 1322 1299 1365 mox
1329 1301 1472 1366 lanceis.

193 1412 336 1474 Rustici
360 1432 431 1474 non
455 1421 621 1493 potentes
645 1410 721 1474 fere
746 1410 883 1492 equites
908 1409 1091 1492 fugerunt:
1124 1430 1170 1472 ex
1200 1429 1304 1472 11000
1334 1408 1473 1472 rusticis

192 1518 397 1582 ceciderunt
422 1540 519 1601 2500,
551 1518 686 1601 aliquot
717 1518 830 1599 capti,
855 1517 991 1598 aliquot
1026 1516 1062 1579 in
1096 1537 1165 1579 una
1193 1515 1279 1579 villa
1306 1515 1472 1578 incendio

192 1626 384 1708 perierunt,
408 1629 529 1708 plures
552 1635 679 1709 postea
702 1624 918 1707 deprehensi
942 1623 1108 1686 decollati
1128 1632 1218 1686 sunt.
1256 1623 1350 1685 Data
1375 1643 1472 1685 occa·

193 1732 290 1796 sione
318 1734 376 1815 qui
402 1733 615 1814 aufugerant
639 1733 755 1795 denuo
779 1732 899 1813 ignem
924 1731 1083 1794 excitant
1111 1740 1146 1792 et
1177 1729 1327 1793 rusticos
1359 1729 1471 1792 subie-

193 1850 268 1902 ctos
290 1840 479 1922 Proposito
504 1849 540 1901 et
564 1839 727 1920 Capitulo
751 1838 980 1919 Elwangensi
995 1839 1042 1900 ad
1056 1838 1290 1900 rebellionem
1306 1836 1472 1917 excitant,

194 1946 309 2009 subito
335 1948 405 2009 duo
430 1958 546 2010 castra
570 1955 747 2028 occupant
770 1954 806 2007 et
830 1945 1000 2026 oppidum
1024 1944 1175 2026 Elwang
1206 1955 1241 2006 et
1274 1944 1390 2007 omnia
1415 1946 1471 2006 de·

193 2056 420 2135 praedantur.
461 2053 540 2116 Non
557 2051 703 2116 defuere
726 2073 772 2114 ex
788 2051 976 2115 Canonicis
999 2051 1058 2132 qui
1074 2051 1245 2114 Rusticos
1269 2053 1314 2113 ad
1338 2061 1472 2114 tantum

195 2163 329 2243 nephas
345 2162 518 2224 iuvarent.
554 2160 718 2240 Juniores
736 2160 882 2222 comites
899 2159 1054 2222 Palatini
1066 2181 1112 2223 ex
1127 2160 1322 2242 Neuburgo
1336 2171 1472 2223 contra·

196 2269 260 2331 ctis
285 2269 397 2351 copiis
421 2268 547 2331 vicinis
571 2268 739 2349 Episcopi
764 2267 1002 2348 Augustensis
1027 2278 1062 2330 et
1078 2266 1275 2330 Willhelmi
1292 2267 1392 2330 ducis
1407 2268 1472 2329 Ba·

195 2376 314 2439 variae
345 2375 496 2438 rusticos
526 2376 700 2438 invadunt
730 2374 892 2437 incautos
928 2383 1010 2436 ante
1049 2374 1219 2456 oppidum
1251 2374 1400 2457 Elwang
1438 2386 1474 2437 et

195 2487 258 2562 436
284 2482 409 2545 occisis
433 2482 604 2564 plurimos
629 2482 773 2564 capiunt
798 2491 832 2543 et
857 2503 903 2544 ex
931 2481 981 2544 eis
1003 2481 1136 2544 XXIII
1156 2482 1325 2544 decollari
1349 2481 1473 2544 iubent

194 2612 234 2653 ac
260 2589 439 2652 civitatem
463 2599 499 2652 et
523 2598 639 2652 castra
664 2589 820 2671 capitulo
845 2598 1069 2670 recuperant.
1116 2589 1247 2651 Actum
1276 2593 1313 2650 18
1339 2589 1436 2655 Maii.

283 2697 424 2760 Pacatis
448 2696 587 2759 rusticis
610 2696 644 2758 in
670 2694 803 2776 Algoia
827 2703 863 2756 et
887 2696 983 2757 circa
1006 2696 1120 2757 lacum
1145 2694 1235 2777 Liga
1258 2695 1293 2758 in
1307 2696 1471 2759 Wirtem·

194 2808 342 2888 bargum
374 2815 545 2885 properat
586 2801 775 2883 Tibingam
806 2822 940 2865 versus.
995 2802 1135 2866 Rustici
1168 2804 1235 2866 hoc
1269 2803 1472 2884 rescientes,

194 2912 359 2980 meliores
407 2911 442 2973 in
476 2910 645 2972 auxilium
684 2910 825 2972 mittunt
868 2910 984 2972 caetui
1017 2930 1131 2992 prope
1164 2911 1473 2993 Haerembergam

10 3081 11 3092 ,
105 3001 110 3013 ⁴
197 3020 408 3090 constituto:
434 3019 529 3100 quod
553 3017 723 3100 oppiduni
748 3017 879 3080 insultu
904 3017 1027 3098 quinto
1052 3018 1193 3080 tandem
1218 3018 1340 3081 rustici
1372 3039 1472 3099 cepe-

198 3139 286 3189 runt.
333 3126 443 3188 Erant
467 3125 677 3187 rusticorum
706 3144 811 3201 ¹3000
835 3125 990 3186 virorum
1007 3124 1149 3187 fortium
1165 3135 1203 3186 ut
1220 3125 1270 3187 eis
1285 3124 1473 3188 videbatur
1522 3193 1527 3202 ¹

197 3255 217 3295 a
249 3254 396 3314 quorum
429 3241 622 3314 conspectu
655 3231 725 3293 iam
753 3232 912 3312 regimen
945 3230 1128 3313 imperiale
1157 3235 1204 3295 ab
1237 3233 1405 3314 Eselinga
1438 3242 1473 3294 et

197 3341 354 3421 regimen
380 3338 618 3401 Archiducale
642 3358 663 3399 a
688 3337 882 3419 Stugardia
905 3338 1067 3419 fugerat:
1092 3339 1127 3401 in
1152 3340 1297 3422 reliquis
1313 3339 1473 3402 caetibus

198 3448 306 3509 multo
330 3449 451 3528 plures
475 3454 593 3522 erant,
625 3445 687 3507 sed
721 3444 851 3525 passim
877 3445 1069 3508 collectitia
1092 3449 1212 3527 plebs,
1241 3448 1336 3509 bello
1360 3446 1473 3509 minus

198 3564 290 3635 apta.
338 3552 424 3616 Cum
448 3553 556 3635 igitur
580 3571 710 3633 magno
735 3554 888 3614 clamore
913 3572 1054 3635 semper
1077 3553 1255 3635 petierant
1279 3553 1390 3634 Ligae
1414 3554 1473 3615 ad—

198 3671 340 3724 ventum
368 3669 406 3723 ut
438 3680 562 3723 manus
593 3668 836 3737 consererent,
868 3659 1028 3736 exercitu
1068 3661 1342 3742 approximante
1379 3660 1471 3722 inter

198 3788 342 3830 nemora
365 3768 553 3839 recedunt;
579 3766 707 3848 quibus
732 3787 796 3844 400
821 3765 960 3846 equites
983 3787 1049 3848 pro
1073 3768 1310 3831 remoratione
1329 3767 1473 3830 immissi

198 3884 291 3954 sunt,
317 3874 377 3955 qui
400 3876 544 3936 tandem
568 3873 841 3954 approximante
870 3873 1029 3935 exercitu
1062 3893 1132 3936 non
1166 3876 1364 3956 expectatis
1395 3876 1474 3938 aliis

197 3981 373 4044 irruerunt
397 3981 431 4042 in
456 3979 606 4042 rusticos
631 3990 666 4041 et
689 3979 821 4062 passim
846 3981 918 4042 cesi
943 3995 1023 4043 sunt
1045 4001 1086 4043 ac
1107 3981 1235 4045 deinde
1260 3983 1356 4045 iussu
1379 3982 1474 4065 ligae

198 4087 369 4151 numerati
387 4091 483 4166 0465.
511 4087 601 4150 Acta
618 4087 723 4149 cedes
738 4085 813 4148 XII
828 4086 914 4148 Maii
938 4087 1029 4149 inter
1050 4087 1251 4171 Beblingen
1277 4098 1312 4152 et
1329 4089 1473 4153 Scudel-

197 4195 282 4277 fing;
307 4195 468 4277 pluribus
492 4204 618 4276 postea
642 4214 706 4274 per
730 4194 871 4275 singula
902 4193 1036 4274 oppida
1065 4203 1100 4256 et
1130 4214 1245 4277 pagos
1277 4197 1474 4275 decollatis,

198 4312 234 4365 et
256 4303 342 4384 ipsis
374 4301 528 4385 pecunia
563 4300 756 4380 mulctatis,
788 4300 907 4363 omnia
942 4301 1162 4364 devenerunt
1191 4303 1226 4365 in
1259 4312 1473 4384 potestatem

198 4409 291 4492 ligae
316 4410 468 4491 demptis
493 4408 635 4490 oppidis
658 4428 749 4489 quae
772 4407 942 4489 contigua
966 4419 1067 4471 erant
1092 4408 1315 4474 Palatinatui.

286 4515 378 4597 Liga
401 4516 530 4578 deinde
554 4514 652 4577 ducit
685 4514 879 4577 exercitum
909 4515 943 4576 in
980 4516 1120 4579 Vallem
1143 4516 1379 4599 Weinsperg‚
1410 4517 1471 4579 ubi

198 4633 318 4686 sontes
342 4621 418 4685 fere
443 4642 565 4684 omnes
588 4620 657 4685 iam
682 4621 896 4702 aufugerant
925 4622 970 4683 ad
1000 4622 1151 4685 rusticos
1181 4623 1323 4687 francos
1346 4624 1473 4687 Wirtz·

197 4729 312 4810 burgi.
358 4730 482 4809 Itaque
507 4728 603 4791 XXI
634 4727 705 4790 Mai
736 4728 907 4810 oppidum
930 4736 1092 4791 exustum
1125 4739 1179 4792 est
1210 4751 1289 4793 cum
1319 4731 1474 4813 quinque

197 4837 306 4908 villis:
333 4835 580 4919 quadringenti
607 4834 719 4897 ferme
743 4835 864 4897 rustici
879 4834 1013 4897 inventi
1038 4835 1145 4898 occisi
1170 4846 1261 4902 sunt.
