3559 5734
756 550 903 606 ο-<’.3491
944 549 1002 605 &a

238 693 325 759 istos
349 695 378 759 si
403 715 472 760 non
497 695 640 759 omnino
666 696 795 775 sedari,
820 698 945 760 saltem
969 695 1149 778 suspendi,
1175 696 1289 758 donec
1320 692 1444 758 melior
1467 713 1520 756 ra·

238 802 288 865 tio
312 803 460 867 iniretur
482 804 585 867 huius
608 803 702 885 ignis
733 804 979 886 restinguendi
1011 803 1141 885 gratia;
1173 804 1268 885 quod
1301 822 1375 882 me,
1406 800 1521 882 gratia

239 908 319 990 Dei,
343 912 593 974 adsecuturum
617 929 740 993 sper0,
771 911 800 973 si
824 919 943 974 vestra
967 911 1159 973 Beatitudo
1185 887 1338 990 alioquin
1364 906 1520 970 Serenis-

240 1015 317 1078 simi
352 1017 528 1100 Principis
561 1016 776 1080 Archiducis
800 1017 968 1080 Austriae
1003 1027 1105 1097 vota,
1148 1026 1183 1079 et
1227 1016 1522 1079 deliberationem

242 1122 318 1186 eius
343 1125 531 1198 adiuverit;
548 1145 653 1206 quum
680 1124 771 1187 enim
796 1134 892 1187 totus
915 1144 1116 1207 propensus
1131 1124 1185 1204 sit,
1211 1135 1247 1186 et
1263 1143 1443 1203 accensus,
1457 1141 1522 1204 pro

242 1232 375 1294 tuendo
401 1231 505 1295 Sedis
529 1231 762 1313 Apostolicae
779 1233 925 1312 honore,
947 1231 1125 1312 totiusque
1141 1229 1372 1294 sacerdotalis
1389 1228 1522 1292 ordinis

241 1338 398 1400 comodis
431 1338 661 1420 adaugendis,
687 1340 782 1401 nullo
815 1359 902 1401 sane
927 1349 1010 1421 eget
1041 1339 1281 1418 admonitore,
1315 1339 1372 1399 vel
1397 1335 1522 1399 sollici·

243 1455 367 1524 tatore,
392 1454 509 1509 tamen
534 1446 728 1509 videndum
753 1455 824 1524 est,
856 1466 902 1508 ne
935 1445 1060 1507 modus
1092 1444 1206 1507 eidem
1239 1441 1382 1506 deficiat
1405 1463 1521 1505 rerum

242 1551 558 1626 conficiendarum;
584 1573 696 1634 quare
721 1552 985 1615 Beatitudinem
1009 1551 1174 1614 Vestram
1199 1563 1296 1614 recte
1319 1550 1447 1614 fecisse
1472 1570 1522 1612 ar-

241 1657 353 1720 bitror
377 1659 471 1740 quod
497 1656 591 1721 Suae
616 1656 809 1722 Serenitati
845 1658 1039 1721 subsidium
1064 1658 1292 1740 pecuniarum
1315 1658 1523 1720 mittendum

244 1766 394 1845 duxerit,
419 1765 551 1848 quippe
575 1767 671 1847 quod
695 1766 745 1828 ita
767 1765 923 1828 futurum
947 1786 1038 1845 reor,
1063 1777 1101 1826 ut
1124 1765 1218 1827 idem
1245 1765 1431 1846 Princeps,
1464 1785 1522 1827 au-

242 1872 335 1935 xiliis
359 1873 433 1935 suis
457 1873 612 1955 adiutus,
646 1874 745 1954 prius
770 1892 838 1935 non
864 1872 910 1935 sit
934 1873 1147 1954 provintiam
1172 1875 1390 1951 deserturus,
1416 1891 1520 1953 quam

243 1979 271 2041 si
294 1979 448 2043 Domino
473 1983 650 2042 annuente
675 1989 802 2042 cuncta
834 1980 1090 2061 composuerit,
1121 1988 1157 2042 et
1189 1978 1421 2061 transegerit,
1457 1997 1523 2061 pro

242 2088 377 2148 honore
402 2095 439 2150 et
458 2087 643 2151 commodo
673 2085 777 2149 Sedis
802 2087 1036 2167 Apostolicae
1062 2096 1097 2148 et
1114 2085 1386 2149 Ecclesiasticae
1411 2066 1522 2166 digni·

242 2193 340 2274 tatis,
377 2194 472 2275 quod
502 2212 570 2276 ego
603 2202 735 2276 quanto
760 2194 965 2275 diligentius
989 2214 1155 2275 possum,
1190 2203 1229 2256 ut
1257 2203 1362 2256 antea
1390 2190 1522 2270 curavi,

245 2300 293 2362 sic
319 2312 503 2364 curaturus
527 2322 618 2382 sum,
655 2322 771 2382 neque
794 2302 863 2363 hoc
887 2303 999 2364 solum
1023 2301 1118 2384 apud
1143 2300 1252 2363 Suam
1277 2301 1523 2378 serenitatem,

245 2426 366 2469 verum
384 2408 490 2471 etiam
507 2409 602 2490 apud
619 2408 808 2471 Cesaream
822 2412 1042 2491 eandemque
1056 2407 1276 2471 Catholicam
1288 2407 1524 2487 Maiestatem,

247 2514 291 2575 ad
316 2533 421 2595 quam
445 2536 559 2598 nuper
590 2514 785 2578 destinatus
818 2515 853 2578 in
887 2526 1064 2578 oratorem
1094 2516 1268 2596 Magister
1292 2517 1324 2577 d.
1361 2515 1525 2576 Andreas

250 2621 294 2683 de
314 2621 438 2702 Burgo
462 2642 518 2685 me
542 2623 713 2685 suadente
739 2622 933 2685 secundum
957 2622 1146 2704 legationis
1170 2642 1255 2684 suae
1280 2620 1525 2703 prescriptum,

248 2728 313 2790 hoc
338 2727 518 2810 imprimiS,
544 2728 637 2792 Suae
663 2728 873 2793 Serenitatis
898 2733 1083 2807 mandato,
1113 2738 1167 2793 est
1196 2741 1398 2806 curaturus,
1430 2729 1524 2810 quod

245 2834 291 2896 ad
315 2834 467 2898 Vestrae
483 2836 718 2900 Beatitudinis
743 2836 889 2917 eiusque
906 2837 1010 2898 Sedis
1029 2836 1259 2918 Apostolicae
1284 2835 1524 2898 defensionem

246 2952 281 3003 et
304 2943 476 3006 honorem
500 2944 628 3006 cedere
645 2943 786 3024 poterit.
817 2943 895 3024 Qua
912 2944 1039 3007 cursim
1056 2942 1150 3006 volui
1168 2944 1282 3005 eidem
1307 2942 1523 3024 exposuisse,

246 3059 284 3109 ut
306 3069 376 3111 non
400 3057 471 3112 tam
494 3049 599 3112 fidem
624 3059 660 3112 et
683 3051 888 3113 servitutem
914 3071 1027 3114 meam
1052 3051 1268 3131 intelligeret
1291 3070 1356 3131 pro
1372 3070 1410 3112 se
1427 3070 1525 3131 para·

247 3155 435 3228 tissimam‚
471 3178 574 3239 quarn
609 3156 714 3221 etiam
743 3179 788 3220 ne
820 3158 935 3220 eidem
960 3162 1147 3221 obscurum
1173 3169 1286 3237 esset,
1320 3177 1375 3219 me
1409 3157 1526 3219 omnia

249 3262 366 3345 potius
389 3264 551 3344 laturum,
585 3284 689 3345 quam
714 3263 897 3346 quippiam
921 3273 1202 3345 acceptaturum,
1236 3265 1331 3347 quod
1355 3265 1413 3325 vel
1438 3262 1524 3326 Sedi

247 3369 479 3451 Apostolicae
503 3372 549 3434 sit
573 3371 798 3451 contrarium,
823 3373 880 3434 vel
906 3370 1117 3452 dignitatem
1141 3373 1398 3435 sacerdotalem
1423 3372 1525 3434 dede·

247 3485 337 3556 eeat,
362 3477 418 3539 cui
447 3498 503 3540 me
533 3478 588 3540 his
617 3487 653 3540 et
675 3477 872 3540 Ecclesiam
904 3497 1002 3539 suam
1027 3478 1268 3540 Tridentinam
1296 3480 1527 3541 vehementer

248 3591 283 3644 et
306 3582 409 3646 unice
434 3584 653 3649 commende.

337 3690 392 3752 Ex
416 3690 586 3754 Tridento
612 3690 727 3753 XVI⁰.
752 3690 835 3770 Julii
862 3692 966 3754 Anno
992 3691 1133 3754 Domini
1157 3690 1383 3757 MDXXVw.

337 3797 503 3861 Eiusdem
528 3797 679 3860 Vestrae
704 3795 922 3861 Sanctitatis.

1159 3925 1241 3977 Hum.
1259 3922 1386 3973 creatum

1119 4014 1151 4066 Β.
1169 4013 1246 4076 Eps.
1265 4012 1420 4067 Trideut.
