3559 5734
808 560 1028 620 ΗΒΧΕΗ

281 709 386 773 imiae
410 731 516 792 pares
539 709 737 772 reddiderit
761 709 894 790 exitus,
926 730 991 772 nec
1016 709 1231 772 mediocrem
1254 710 1428 771 maculam
1452 728 1474 770 a
1497 728 1562 770 sua

282 830 317 880 et
348 817 504 881 familiae
539 826 574 880 et
598 816 835 880 Germanicae
869 816 1022 879 nationis
1047 816 1208 879 claritate
1233 816 1422 897 repulerit,
1455 815 1560 877 hanc-

281 945 350 1006 que
383 926 479 1007 apud
511 926 626 987 Deum
659 934 694 987 et
722 924 883 987 homines
913 927 1091 987 excelsam
1123 924 1264 985 laudem
1299 921 1561 1003 promereberis

281 1053 359 1094 esse
387 1043 469 1095 tuae
494 1032 688 1094 nobilitatis
713 1052 824 1113 opera
849 1052 890 1094 ac
915 1032 1066 1114 pietate,
1094 1032 1224 1093 ardens
1248 1029 1447 1092 incendium
1472 1049 1560 1091 sum·

281 1148 412 1201 motum
437 1149 472 1201 et
496 1140 691 1201 extinctum
716 1141 792 1203 ...“
833 1139 934 1202 Haec
958 1138 1075 1201 omnia
1098 1137 1274 1219 benignus
1297 1139 1410 1200 lector
1434 1136 1562 1200 clarius

283 1246 389 1309 etiam
413 1246 536 1310 videre
560 1246 711 1329 poterit,
745 1246 773 1309 si
804 1247 1026 1309 lutheranam
1052 1246 1236 1327 epistolam
1262 1265 1339 1307 cum
1364 1243 1477 1326 primo
1502 1263 1561 1306 no·

281 1363 431 1416 strorum
463 1363 767 1417 monumentorum
791 1352 970 1425 conferat;
995 1352 1222 1435 perspicuum
1246 1351 1337 1415 enim
1363 1351 1430 1414 erit
1453 1351 1561 1413 omni·

281 1464 347 1523 bus
372 1461 559 1542 epistolam
584 1460 728 1523 secundi
752 1460 942 1523 voluminis
967 1479 1113 1541 operum
1130 1458 1273 1521 Lutheri
1292 1459 1466 1521 sinceram
1490 1479 1560 1521 non

282 1589 359 1631 esse
384 1570 447 1631 sed
471 1568 624 1631 fortasse
648 1588 670 1630 a
686 1566 880 1630 lutheranis
905 1565 1101 1645 confictam,
1127 1565 1253 1629 demtis
1283 1564 1446 1628 omnibus
1469 1585 1561 1647 quae

281 1676 552 1757 promissiones,
590 1673 834 1738 infidelitatem
859 1673 984 1753 Ducis,
1024 1673 1168 1755 eiusque
1207 1674 1367 1736 favorem
1405 1673 1561 1736 Luthero

282 1783 490 1864 praestitum
523 1782 728 1866 respiciunt,
769 1782 1022 1845 dissimulando
1067 1801 1207 1863 quoque
1246 1780 1561 1862 longanimitatem,

281 1889 517 1971 prudentiam,
543 1890 847 1953 mansuetudinem
873 1887 1066 1953 Pontificis

371 1997 479 2060 Aliud
505 1995 610 2059 etiam
636 2005 900 2059 monumentum
925 2016 995 2059 non
1020 2016 1143 2078 parum
1169 2017 1189 2057 a
1206 1993 1358 2057 lectione
1373 1995 1562 2057 lutherana

283 2103 463 2166 diversum
488 2103 662 2166 edidimus
685 2103 842 2167 Numero
868 2106 910 2181 48
934 2102 995 2166 fol.
1025 2124 1095 2165 120.
1143 2101 1275 2181 Agitur
1303 2101 1396 2165 enim
1420 2103 1465 2166 de
1490 2101 1560 2183 epi·

282 2212 373 2273 stola
397 2231 418 2272 a
435 2210 563 2273 Carolo
579 2211 798 2293 Imperatore
816 2213 860 2272 ad
876 2210 1070 2274 Lutherum
1094 2209 1209 2290 missa,
1233 2219 1272 2272 ut
1296 2230 1375 2273 eum
1401 2210 1444 2272 ad
1469 2209 1562 2273 diae·

283 2331 354 2380 tam
379 2317 601 2381 Wormatiae
625 2318 801 2382 invitaret.
849 2318 949 2381 Haec
973 2316 1125 2399 epistola
1145 2315 1208 2379 fol.
1225 2335 1285 2394 411
1314 2317 1383 2378 vol.
1401 2316 1445 2379 Π.
1470 2314 1563 2398 Ope-

282 2445 359 2487 rum
383 2425 529 2488 Lutheri
553 2425 704 2507 legitur,
739 2427 803 2487 sed
834 2427 944 2488 habet
974 2427 1041 2487 hoc
1075 2424 1179 2486 modo
1213 2422 1387 2486 rationem
1411 2423 1564 2486 vocandi

281 2531 444 2594 Martini:
480 2533 665 2613 ,quoniam
698 2533 948 2614 proposuimus
980 2539 1128 2613 propter
1161 2530 1358 2593 doctrinam
1395 2542 1430 2594 et
1453 2530 1564 2593 libros

284 2638 486 2720 aliquandiu
499 2641 671 2702 hactenus
683 2643 748 2702 abs
761 2649 796 2703 te
810 2640 925 2703 editos
939 2637 1147 2703 scratinium
1160 2640 1218 2702 abs
1229 2644 1260 2701 te
1271 2640 1423 2701 sumerc“
1434 2664 1447 2711 ,·
1472 2658 1563 2720 quae

283 2748 393 2808 verba
418 2745 694 2828 disputationem
718 2768 789 2810 non
815 2748 1025 2823 excludunt,
1058 2745 1128 2808 imo
1162 2765 1365 2828 supponere
1398 2746 1564 2808 videntur

282 2852 317 2914 in
343 2852 512 2916 scrutinio
532 2853 766 2928 instituend0;
792 2854 921 2917 clarius
946 2854 1137 2936 disputatio
1162 2852 1362 2916 excluditur
1386 2852 1420 2915 in
1446 2873 1564 2915 monu-

282 2971 401 3022 mento
434 2969 554 3023 nostro
590 2961 680 3023 sicut
715 2962 845 3043 legitur
878 2961 914 3024 in
953 2936 1162 3024 collectione
1186 2959 1375 3030 Aleandri;
1416 2959 1451 3021 in
1484 2959 1563 3041 ipso

283 3067 375 3129 enim
409 3067 591 3131 scribitur:
633 3068 867 3148 ,intendimus
899 3079 935 3131 et
968 3068 1203 3131 conclusimus
1226 3068 1364 3131 ratione
1389 3066 1563 3129 doctrina·

282 3194 358 3236 rum
384 3184 419 3235 et
442 3175 612 3237 librorum
637 3176 696 3256 qui
720 3196 786 3257 per
809 3176 952 3257 aliquod
986 3185 1126 3257 tempus
1154 3196 1175 3237 a
1207 3187 1241 3238 te
1273 3174 1359 3237 editi
1387 3182 1485 3253 sunt,
1518 3195 1563 3235 ex

283 3291 318 3343 te
343 3280 591 3344 certitudinem
615 3282 811 3365 accipere“.
863 3283 982 3345 Minus
1007 3291 1171 3345 accurate
1195 3283 1309 3346 relata
1333 3290 1387 3344 est
1412 3280 1564 3363 epistola

283 3390 328 3450 ab
360 3387 556 3451 editoribus
591 3389 823 3462 Lutheranis;
859 3391 928 3472 ipsi
964 3389 1054 3453 enim
1089 3393 1220 3452 habent
1259 3389 1293 3451 in
1331 3388 1399 3452 fine
1435 3388 1562 3470 ipsius:

288 3496 436 3571 „Datum
472 3494 694 3559 Wormatiae
737 3498 794 3560 die
828 3498 880 3559 VI
915 3497 1035 3561 Martii
1077 3518 1170 3559 anno
1213 3496 1355 3558 Domini
1390 3494 1563 3557 MDXXI

286 3622 476 3683 regnorum
492 3614 692 3667 nostrorum
710 3604 956 3668 romam'tern‘o
973 3607 1065 3670 ecc.“
1107 3603 1180 3667 Sed
1197 3624 1318 3666 mense
1333 3601 1451 3665 Martii
1469 3622 1563 3665 anno

290 3730 366 3787 1521
395 3709 589 3791 signandus
613 3721 690 3773 erat
709 3732 822 3773 annus
847 3712 1023 3775 secundus
1048 3733 1118 3775 non
1139 3710 1278 3781 tertius;
1305 3710 1452 3772 Carolus
1470 3693 1562 3772 enim

284 3819 417 3879 electus
441 3817 557 3879 fuerat
582 3817 719 3880 decima
742 3820 831 3881 hora
856 3819 925 3882 diei
953 3823 992 3880 28
1016 3818 1110 3897 Junii
1140 3839 1233 3895 1519.
1287 3817 1326 3878 In
1352 3816 1562 3879 collectione

286 3923 457 3986 Alcandri
482 3924 679 3987 accuratius
703 3925 854 4006 legitur:
894 3928 1044 4007 ,Datum
1076 3925 1111 3988 in
1142 3925 1285 3987 civitate
1311 3934 1432 3987 nostra
1455 3922 1561 4005 impe·

283 4029 361 4092 riali
384 4030 583 4093 Wormatia
608 4031 665 4093 die
690 4032 742 4093 VI
766 4034 897 4097 mensis
920 4033 1040 4095 Martii
1065 4043 1131 4095 etc.
1154 4052 1346 4113 regnorum
1363 4041 1562 4094 nostrorum

283 4137 437 4199 Romani
461 4140 616 4220 sectanda,
642 4150 838 4202 ceterorum
864 4160 950 4203 vero
975 4142 1110 4203 sexto“.

373 4243 450 4324 Qua
476 4267 520 4307 ex
545 4266 652 4307 causa
677 4246 909 4328 proveniant,
946 4268 1113 4328 quorsum
1147 4246 1296 4308 tendant
1319 4247 1387 4308 hae
1412 4252 1447 4306 et
1471 4243 1562 4307 aliae

283 4350 498 4414 variationes
522 4364 838 4431 monumentorum,
863 4374 933 4416 non
957 4353 1178 4434 inquirimus;
1204 4361 1359 4416 attamen
1384 4353 1428 4414 de
1453 4352 1561 4414 since·

282 4458 386 4520 ritate
411 4468 549 4539 patrum
575 4459 845 4522 reformatorum
870 4463 1084 4523 luculentum
1109 4459 1344 4522 testimonium
1369 4480 1438 4522 non
1462 4480 1562 4541 prae·

283 4569 379 4627 bent.
427 4565 526 4644 Quae
551 4566 734 4628 sinceritas
759 4567 863 4629 etiam
889 4567 1031 4629 aliunde
1056 4567 1157 4629 nimis
1183 4568 1290 4629 dubia
1313 4570 1501 4649 probatur,
1526 4576 1563 4628 ut

284 4693 329 4733 ex
353 4673 588 4734 monumentis
613 4673 742 4736 nostris
766 4674 851 4735 satis
876 4673 996 4754 liquet.
1046 4674 1228 4737 Aleander
1260 4695 1368 4755 saepe
1394 4683 1563 4755 expertus

284 4788 337 4841 est
355 4788 449 4841 artes
467 4791 502 4842 et
519 4793 717 4843 commenta
742 4780 1033 4853 reformatorum
1058 4780 1172 4862 ipsum
1199 4780 1290 4843 enim
1315 4780 1372 4842 isti
1397 4779 1564 4842 dicebant

282 4902 317 4949 ct
334 4889 564 4970 neophytum,
582 4898 616 4950 et
626 4888 768 4969 judaico
787 4899 888 4970 patre
902 4900 1033 4969 natum,
1059 4899 1094 4951 et
1111 4909 1157 4951 ex
1175 4886 1292 4951 infima
1307 4888 1413 4970 plebe
1427 4896 1562 4959 ortum;
