3559 5734
768 523 918 604 eo'sss
957 542 1015 598 e*

250 696 441 777 mediante)
465 695 557 758 inter
580 697 751 778 populum
775 705 811 758 et
842 695 985 770 clerum,
1010 691 1092 754 item
1118 690 1210 753 inter
1235 694 1368 754 clerum
1393 703 1428 755 et
1450 693 1531 774 Epi·

253 823 399 884 scopum
425 803 485 884 qui
513 811 567 865 est
591 807 701 865 trater
725 801 835 884 ipsius
850 799 971 878 Ducis,
996 798 1126 860 talibus
1153 799 1415 862 conditionibus
1438 802 1533 881 quod

251 908 451 992 Episcopus
474 908 671 973 Mindensis
695 910 740 972 ad
773 906 982 971 decennium
1011 904 1097 968 nihil
1130 915 1216 988 agat
1249 905 1325 969 sine
1357 926 1532 970 consensu

252 1015 414 1097 capituli:
440 1018 536 1106 quod
560 1016 659 1078 vivat
683 1016 728 1078 de
754 1014 952 1078 redditibus
975 1014 1078 1075 unius
1103 1013 1209 1075 castri
1233 1013 1317 1075 dicti
1346 1014 1532 1077 Petersha·

251 1143 321 1205 gen
351 1142 416 1184 nec
442 1123 628 1205 quicquam
654 1125 745 1185 ultra
767 1120 961 1205 percipiat;
995 1120 1151 1202 reliquos
1184 1119 1417 1202 Episcopales
1461 1120 1532 1185 fru·
1569 1123 1572 1134 '

252 1240 329 1291 ctus
353 1229 524 1312 colligent
553 1229 714 1311 deputati
750 1250 772 1291 a
803 1248 899 1291 clero
931 1238 966 1290 et
1000 1227 1209 1289 militaribus
1242 1228 1286 1289 ad
1324 1230 1531 1292 solvendum

253 1356 314 1399 aes
329 1337 483 1400 alienum
500 1356 569 1418 quo
584 1335 747 1399 Ecclesia
763 1335 840 1416 ipsa
865 1343 901 1398 et
925 1334 1078 1397 diocesis
1101 1334 1254 1397 maxime
1271 1335 1452 1417 premitur,
1477 1337 1533 1399 cui

254 1443 304 1506 rei
334 1446 450 1507 clerus
475 1444 579 1506 etiarn
596 1443 797 1507 contribuet
820 1442 921 1504 iuxta
944 1441 1113 1522 cuiusque
1130 1441 1418 1523 possibilitatem
1444 1445 1532 1506 sirni-

252 1551 333 1614 liter
357 1551 437 1614 laici
462 1561 497 1614 et
521 1551 642 1613 rustici
677 1551 722 1613 ad
759 1570 822 1612 sex
859 1568 972 1610 annos
1006 1547 1248 1616 contribuerit:
1287 1548 1412 1611 civitas
1447 1571 1534 1612 vero

254 1657 339 1720 nihil
364 1660 515 1739 posthac
548 1667 672 1720 contra
705 1656 842 1719 Statum
874 1654 1163 1717 Ecclesiasticum
1196 1657 1439 1737 attemptabit,
1470 1660 1535 1720 sed

254 1765 392 1828 eumin
417 1764 569 1848 antiquis
593 1762 790 1846 privilegiis
814 1775 849 1826 et
873 1762 1189 1825 consuetudinibus
1214 1764 1441 1826 conservabit
1467 1786 1534 1827 rne-

254 1872 321 1934 diis
346 1892 465 1935 eorum
490 1871 671 1954 praestitis
694 1869 898 1933 iuramentis
922 1881 987 1934 etc.
1045 1870 1142 1931 Idem
1167 1869 1330 1932 fecerunt
1354 1870 1534 1934 Osnabur·

254 1980 375 2060 gensis
405 1989 485 2061 post
519 1981 628 2042 multa
660 1982 722 2041 sed
757 1976 881 2041 mediis
917 1977 1038 2050 armis;
1078 1976 1380 2041 Monasterienses
1416 1979 1535 2042 clerici

255 2088 370 2148 adhuc
395 2090 541 2149 exulant
565 2108 585 2148 a
610 2085 754 2148 civitate
778 2084 939 2166 quamvis
963 2085 1060 2146 cives
1084 2084 1195 2146 velint
1219 2105 1281 2147 eos
1304 2087 1446 2167 reverti,
1471 2088 1534 2149 sed

255 2193 277 2255 ii
302 2193 460 2274 graviori
484 2215 545 2257 eos
568 2213 687 2275 poena
710 2193 921 2274 plectendos
946 2191 1165 2254 contendunt
1195 2191 1446 2274 civitatemque
1475 2197 1533 2256 ob·

255 2298 371 2363 sidere
395 2299 500 2363 armis
524 2309 661 2383 parant.

256 2442 315 2504 Ex
340 2442 505 2506 litteris
529 2442 754 2525 Prepositi
780 2413 1078 2505 Cracoviensis
1108 2445 1158 2505 ad
1183 2442 1250 2506 IX.
1276 2440 1388 2524 Sept.
1414 2444 1535 2507 datis.

346 2567 450 2648 Quod
463 2569 537 2630 Mn,
551 2568 611 2632 illa
631 2568 667 2632 in
683 2569 863 2651 presentia
879 2570 940 2631 dat
957 2589 1102 2649 operam
1119 2580 1156 2630 ut
1173 2569 1298 2632 civitas
1313 2568 1537 2632 Gedanensis

257 2674 291 2736 in
319 2674 461 2738 Prussia
484 2686 629 2757 totaque
660 2675 721 2738 illa
751 2675 934 2757 provincia
967 2678 1012 2737 ab
1045 2676 1226 2757 impietate
1260 2677 1447 2739 lutherana
1478 2698 1536 2739 ex-

257 2794 444 2864 purgetur;
477 2785 637 2864 quamvis
665 2781 899 2846 Gedanenses
923 2792 961 2845 ut
990 2803 1053 2846 eos
1081 2804 1145 2845 suo
1170 2783 1262 2846 sinat
1286 2784 1407 2846 vivere
1433 2785 1537 2846 modo

257 2888 400 2952 summis
423 2890 590 2971 precibus
614 2891 841 2953 contendant.

346 2996 484 3058 Tartari
510 3017 603 3059 nunc
628 3017 706 3059 curn
730 2996 877 3059 Polonis
908 3006 1037 3078 pacate
1068 3008 1179 3079 agunt
1210 2996 1292 3078 quia
1324 2998 1375 3060 eis
1405 3001 1538 3061 bellum

260 3102 417 3165 imminet
447 3124 469 3166 a
494 3103 626 3176 Turco;
658 3103 688 3165 is
719 3112 921 3185 preteritum
950 3106 1060 3166 habet
1088 3113 1126 3165 ut
1157 3104 1326 3165 Tartarus
1355 3103 1461 3166 armis
1492 3106 1537 3167 ad

258 3210 465 3291 obsequium
497 3212 644 3273 reducat
681 3211 751 3291 qui,
774 3212 878 3291 pulso
912 3209 1125 3291 imperatore
1157 3230 1262 3290 quern
1295 3210 1371 3292 ipse
1402 3211 1539 3274 Turcus

257 3317 326 3381 illis
349 3317 561 3400 prefecerat,
584 3318 693 3381 filium
710 3318 785 3380 eius
810 3316 867 3399 qui
892 3320 938 3380 ab
964 3317 1014 3379 eis
1038 3336 1151 3398 nuper
1175 3327 1229 3379 est
1245 3337 1380 3396 caesus,
1404 3318 1438 3381 in
1464 3319 1540 3381 eius

258 3426 372 3487 locum
398 3425 551 3488 maximo
576 3445 751 3488 consensu
775 3424 1002 3505 suffecerunt,
1026 3444 1130 3504 quem
1155 3425 1260 3485 modo
1285 3423 1407 3487 nititur
1424 3426 1538 3488 detur-

258 3533 345 3594 bare
370 3551 541 3612 suumque
576 3531 610 3594 in
643 3552 792 3615 regnum
823 3530 1010 3594 restituere
1042 3532 1271 3612 quamobrem
1304 3531 1443 3593 iuvenis
1472 3532 1540 3594 iste

258 3638 452 3719 imperator
488 3638 563 3719 agit
586 3640 681 3720 apud
706 3657 828 3719 regem
858 3637 1029 3700 Poloniae
1060 3647 1098 3698 ut
1130 3636 1159 3699 si
1187 3636 1280 3700 forte
1311 3637 1395 3700 belli
1430 3638 1538 3701 fortu-

258 3767 338 3809 nam
381 3766 460 3808 cum
492 3766 580 3828 rege
614 3757 684 3809 tam
713 3755 860 3827 potente
886 3744 1043 3826 experiri
1076 3744 1190 3806 minus
1225 3754 1337 3807 tutum
1370 3744 1476 3808 fuerit
1503 3746 1538 3807 in

260 3852 362 3936 regni
408 3863 468 3915 aut
508 3852 628 3933 magni
668 3853 816 3914 ducatus
854 3850 1065 3914 Lithuaniae
1102 3849 1310 3913 solitudines
1347 3852 1380 3914 ei
1418 3862 1543 3934 pateat

260 3958 439 4041 effugium.

357 4103 416 4164 Ex
439 4101 516 4164 litt.
543 4099 799 4200 Str'igonien.
848 4101 992 4162 Budae
1017 4100 1068 4160 ad
1093 4100 1162 4161 ult.
1188 4097 1302 4180 Sept.
1329 4098 1449 4162 datis.

351 4225 524 4306 Pericula,
548 4225 626 4306 ipsa
649 4225 858 4307 praesertim
884 4236 1033 4287 externa
1057 4223 1092 4284 in
1117 4223 1194 4286 dies
1216 4224 1330 4306 magis
1361 4238 1542 4298 crescunt;

262 4353 344 4415 spes
375 4342 491 4396 autem
525 4334 621 4395 nulla
646 4332 713 4395 nisi
737 4332 771 4395 in
796 4333 872 4395 solo
904 4333 982 4394 Deo
1012 4342 1047 4393 et
1079 4332 1154 4393 eius
1186 4331 1337 4412 vicario,
1368 4344 1475 4416 atque
1505 4332 1542 4396 in

261 4441 329 4503 ista
353 4438 590 4503 Sacrosancta
614 4438 720 4504 Sede.
