3559 5734
786 912 858 976 103.

515 1049 693 1129 Alaander
719 1049 882 1148 Arahiep.
901 1013 1130 1149 'Magantinn

609 1187 751 1258 (Nuntiat.
771 1186 896 1245 mmm.
915 1186 946 1247 Ῑι.
966 1185 1035 1258 204)

658 1296 749 1362 (Circa
767 1297 876 1363 Junium
901 1296 987 1359 1521.)

270 1442 366 1505 Rme
392 1442 480 1503 Dne.
528 1439 620 1521 Quia
643 1439 803 1502 nonnulli
826 1439 862 1500 in
887 1436 1100 1501 executione
1125 1438 1232 1501 edicti
1256 1450 1381 1503 contra
1396 1441 1462 1504 Lu·

182 1550 322 1612 therum
347 1557 383 1610 et
405 1547 592 1628 presertim
617 1546 661 1609 in,
677 1546 825 1609 materia
848 1544 1100 1626 impressorum
1126 1567 1216 1627 quae
1241 1547 1469 1628 periculosis-=

181 1657 270 1720 sima
294 1667 368 1735 est,
402 1657 525 1718 volunt
549 1663 766 1717 commutare
792 1674 927 1736 poenas
958 1654 1067 1716 banni
1091 1653 1285 1734 imperialis
1315 1655 1351 1717 in
1376 1656 1464 1718 alias

181 1766 293 1827 multo
304 1763 459 1826 leviores
470 1785 477 1835 ;
491 1772 684 1843 eapropter
693 1782 798 1843 quum
807 1771 1004 1842 cognoscat
1016 1761 1323 1823 RmaDominatio
1334 1763 1465 1825 Vestra

183 1872 388 1952 exemplum
401 1868 557 1931 mandati
570 1869 740 1949 publicati
757 1888 869 1949 nuper
880 1888 989 1950 super
999 1868 1282 1950 sequestratione
1295 1869 1465 1932 librorum

182 1978 329 2041 Martini
354 1976 501 2039 Lutheri
524 1995 629 2057 quam
652 1975 760 2038 fuerit
783 1976 884 2057 parvi
910 1976 1062 2056 factum,
1087 1976 1215 2038 iccirco
1239 1997 1386 2039 necesse
1411 1988 1465 2040 est

182 2106 253 2148 non
289 2084 415 2147 mutari
448 2104 600 2166 poenas,
634 2104 725 2165 quae
755 2093 887 2165 quanto
922 2093 1003 2145 sunt
1036 2082 1334 2146 formidabiliores
1365 2094 1464 2147 tanto

184 2191 547 2273 magisextimantur.
595 2190 698 2254 Felix
724 2191 783 2253 diu
807 2193 927 2252 valeat
943 2191 1039 2253 Rma
1064 2190 1103 2255 P.
1129 2190 1172 2254 V.
1198 2191 1253 2252 cui
1278 2210 1333 2252 me
1357 2190 1465 2253 humi·

183 2302 265 2362 liter
289 2300 497 2363 commendo
524 2309 559 2361 et
583 2319 651 2361 una
676 2319 817 2361 causam
842 2298 911 2360 Dei
940 2318 985 2360 ex
1018 2297 1117 2358 cuius
1148 2298 1369 2378 protectione
1393 2298 1462 2359 Re-

185 2404 442 2468 verendissima
466 2404 670 2467 Dominatio
695 2405 826 2467 Vestra
850 2426 924 2466 rem
950 2404 1054 2466 etiam
1070 2404 1466 2467 SanctissimoDomIno

184 2512 292 2575 faciet
316 2511 563 2594 gratissimam.

798 2957 868 3020 104.

470 3074 707 3153 Alaander
743 3073 1175 3156 Vinacanoellario.

620 3212 762 3282 (Nuntiat.
783 3211 908 3270 German
926 3211 957 3270 11.
975 3212 1042 3286 154.)

695 3323 766 3389 (5.(?l
786 3324 852 3388 Julii
877 3323 962 3388 1521.)

280 3458 338 3520 Ho
361 3457 522 3519 ricevuto
547 3457 580 3518 le
606 3457 641 3518 di
666 3456 708 3520 V.
735 3456 770 3521 S.
797 3457 892 3518 Rma
923 3457 959 3518 di
984 3455 1116 3517 XXIII
1150 3458 1208 3519 del
1239 3471 1401 3541 passat0,
1435 3473 1471 3524 et

188 3565 337 3628 insieme
362 3563 386 3625 il
410 3567 520 3626 breve
545 3565 581 3624 di
605 3561 774 3643 Sletstad‚
800 3565 831 3625 el
857 3565 940 3644 qual
964 3564 1088 3626 invero
1109 3566 1178 3626 ben
1194 3586 1309 3628 venne
1333 3569 1367 3629 al
1391 3588 1470 3650 pro-

189 3671 319 3754 posit0,
345 3681 381 3733 et
398 3691 524 3752 spern,
549 3674 614 3733 che
638 3670 785 3753 giovara
810 3671 918 3750 assai,
943 3682 1041 3733 tanto
1066 3671 1125 3751 piu
1151 3676 1216 3736 che
1241 3675 1348 3754 quelli
1373 3676 1471 3757 oppi-

190 3779 275 3841 dani
299 3780 463 3840 haveano
480 3778 570 3840 fatto
587 3799 655 3841 uno
672 3779 783 3841 editto
802 3780 858 3841 del
877 3782 958 3859 qual
976 3780 1105 3841 mando
1130 3781 1163 3841 la
1188 3781 1291 3861 copia
1315 3783 1472 3846 tradotto

192 3889 227 3948 in
254 3885 364 3948 latino
390 3897 425 3948 et
440 3906 545 3967 spero
571 3888 636 3948 che
661 3888 705 3948 de
730 3891 788 3967 qul
806 3887 951 3949 innante
976 3887 1125 3949 laranno
1143 3890 1186 3950 de
1203 3890 1272 3950 ben
1288 3889 1323 3951 in
1341 3890 1472 3971 meglio

192 4005 230 4056 et
266 3992 531 4075 prohiberanno
568 3994 633 4054 che
669 3996 788 4074 quello
819 3993 1034 4075 impressore
1071 4015 1141 4056 non
1176 3995 1378 4076 imprimeris
1413 3998 1472 4080 pila

192 4121 277 4163 cose
301 4101 411 4171 male;
445 4099 656 4162 similmente
685 4121 915 4182 purgaranno
946 4102 1063 4182 quello
1089 4102 1172 4163 nido
1207 4103 1241 4163 di
1267 4105 1474 4168 Academici

194 4205 390 4268 Lutherani
415 4207 480 4268 che
511 4227 598 4269 sono
629 4207 664 4269 in
695 4209 793 4269 detta
823 4217 919 4270 terra
952 4220 987 4270 et
1020 4209 1065 4270 de
1098 4210 1217 4271 buona
1250 4221 1345 4273 sorte
1377 4223 1412 4274 et
1436 4234 1473 4276 se

193 4334 265 4376 non
290 4314 439 4375 faranno
470 4313 494 4374 il
520 4314 640 4376 debito
674 4335 711 4375 se
745 4317 848 4394 potra
880 4315 1060 4398 castigarli
1095 4337 1159 4398 per
1191 4316 1283 4379 iusta
1315 4319 1472 4398 ragione.

195 4423 315 4501 Prego
341 4440 472 4482 ancora
488 4442 525 4483 se
542 4422 709 4484 mandino
734 4423 839 4501 quell'
865 4424 955 4484 altre
980 4424 1209 4504 expeditione
1227 4425 1273 4487 da
1288 4426 1346 4487 noi
1366 4427 1474 4488 rechi-

196 4537 272 4590 este
296 4527 355 4608 piu
382 4529 448 4589 che
473 4527 621 4609 si‘pote,
645 4549 702 4590 ma
726 4549 795 4589 non
820 4531 907 4608 pero
932 4540 1075 4611 praeter
1098 4532 1329 4596 honestatem.

287 4652 421 4732 Questa
446 4673 548 4714 mane
573 4653 605 4715 el
631 4651 670 4714 Sr
700 4652 891 4716 Carazzolo
917 4666 952 4715 et
975 4654 1009 4716 io
1035 4658 1187 4717 andamo
1213 4677 1234 4717 a
1258 4656 1405 4738 Cesare,
1442 4659 1474 4720 el

198 4763 303 4841 quale
327 4762 599 4821 raccommando
624 4770 723 4822 tanto
747 4763 782 4823 la
805 4782 913 4822 causa
938 4763 1017 4824 dell’
1044 4763 1270 4826 arrendation
1297 4765 1476 4828 valentina

200 4865 279 4927 dell'
295 4865 473 4947 Episcopo
491 4866 689 4928 Leodiense
715 4869 779 4929 che
804 4868 862 4949 piu
888 4889 958 4930 non
984 4869 1012 4930 si
1037 4874 1222 4950 potrebbe.
1263 4872 1328 4935 Poi
1344 4893 1476 4953 pranso
