3559 5734
15 926 20 957 ,Ἰ
15 648 23 747 ,ῥύῃ
15 616 19 627 -
16 358 19 363 .
17 252 26 293 .-..
21 156 24 161 .
19 116 23 123 .
20 90 23 93 .

15 732 66 965 &xi-31⁹2
15 540 62 723 ῖέζὲἕξῗέ
15 346 61 533 ἓξὲξ-,ἴς
17 312 46 331 -“
23 240 58 295 Lu„
24 218 29 225 ‘
33 190 53 207 τ-
33 114 60 179 «ὲς
27 68 63 104 ρ·

75 910 76 913 Α
73 856 75 859 -
71 612 74 617 >
61 518 65 525 “
79 482 96 501 ¹.
66 452 68 455 ·
58 346 81 379 «Ϊ
87 306 89 313 ἡ
58 146 90 283 ·κ>;<’ἶΐ”
61 96 82 131 τ’(
86 70 97 81 1
63 0 84 9 ι’

112 186 114 189 ⁴
105 69 114 101 ,ὅ
94 0 117 53 .»-.·;,ι

136 122 138 135 ἡ
123 64 142 101 μὶ·
130 24 145 35 3-

164 160 165 163 „
150 88 181 151 {136¹
145 34 174 80 “.“·.,“
152 12 177 25 ,“

181 106 213 129 ιν,
189 24 207 88 ‘'³ss

223 126 225 133 A
219 82 234 108 ⁴,-
223 32 238 55 ἐ,

35 960 59 1025 υτ*-

55 1200 68 1215 φ
48 1034 69 1173 *tt-‹—

15 2010 29 2051 κ
15 1960 18 1971 <
15 1882 33 1925 tv
15 1730 36 1863 vv<
15 1570 47 1725 sss-ff„.„
15 1050 51 1569 xfff‘ffwaet’vssffw
15 970 43 1059 ³3³·

52 1928 55 1931 ·
50 1776 67 1835 ,f
54 1676 64 1693 ω
51 1614 54 1623 -
49 1426 66 1497 2*:-
52 1388 54 1393 ·
50 1304 58 1353 ·—·
51 1208 53 1213 ⁴

844 493 1090 550 eumaeo

326 642 498 724 quirente,
522 643 713 723 plerasque
737 639 930 722 religiones
955 651 990 702 et
1015 640 1158 704 ordines
1174 643 1457 724 exemplaritate,
1482 643 1604 707 sancti·

326 749 444 813 monia
468 769 509 812 ac
528 747 707 812 hominum
725 746 886 810 doctrina
908 756 1133 829 praestantes
1149 748 1302 831 elegisse
1326 770 1368 813 ac
1383 751 1604 814 substituisse

325 856 386 940 qui
410 856 540 921 Christi
571 876 699 919 nomen
730 855 766 917 in
797 854 895 917 orbis
925 864 1047 937 partes
1077 855 1344 937 praedicarent,
1381 858 1605 941 evangelium

325 966 512 1045 docerent,
538 963 717 1027 erroribus
748 971 783 1025 et
816 962 1081 1026 declinantibus
1113 976 1360 1046 occurrerent,
1394 964 1487 1029 inter
1517 986 1605 1047 quos

325 1074 468 1135 celeber
498 1073 586 1133 ordo
610 1069 903 1133 Praedicatorum
929 1078 999 1151 est,
1035 1072 1095 1151 qui
1125 1070 1303 1152 religiosis
1326 1070 1411 1135 viris
1435 1072 1606 1155 singulari

325 1179 486 1243 doctrina
509 1179 698 1241 admodum
724 1175 842 1240 floruit
871 1196 914 1239 ac
937 1174 1059 1257 floret,
1095 1176 1196 1240 titulo
1221 1177 1513 1242 Praedicatorum
1537 1199 1603 1241 me·

323 1287 391 1350 rito
415 1287 605 1349 decoratus
628 1283 794 1366 quoniam
814 1284 907 1347 inter
923 1292 1085 1347 caeteros
1100 1284 1243 1348 ordines
1264 1286 1405 1367 pondus
1419 1285 1605 1349 veritatem

322 1393 529 1475 indagandi,
553 1393 651 1455 illam
666 1391 909 1473 praedicandi,
935 1400 1096 1455 errantes
1113 1391 1321 1475 instruendi,
1343 1393 1506 1473 docendi,
1523 1394 1604 1456 dolo

323 1520 409 1564 vero
444 1510 480 1564 et
511 1498 720 1562 infidelitate
753 1498 1002 1561 insidiantibus
1036 1498 1245 1578 resistendi,
1281 1500 1361 1562 illos
1394 1499 1605 1582 inquirendi,

324 1607 524 1690 castigandi
555 1605 688 1669 eisdem
719 1604 889 1669 fratribus
920 1607 966 1668 ab
990 1606 1153 1670 Ecclesia
1177 1607 1244 1670 Dei
1269 1604 1403 1670 Sancta
1433 1607 1604 1671 creditum

323 1714 457 1778 fuitne
482 1712 694 1778 christianae
718 1711 879 1775 veritatis
910 1711 1160 1796 interpretatio
1182 1713 1381 1795 iniquorum
1406 1713 1546 1778 malicia
1569 1713 1605 1776 in

322 1822 519 1886 contrarios
544 1831 580 1883 et
602 1819 804 1883 haereticos
828 1839 953 1883 sensus
977 1829 1256 1884 converteretur.

412 1928 515 2010 Quod
549 1935 667 1991 autem
691 1926 833 1990 Ulricus
857 1926 1003 1990 Huuten
1036 1937 1097 1991 aut
1120 1927 1180 1991 alii
1203 1927 1297 1990 forte
1321 1927 1518 2009 iniquitatis
1541 1926 1605 1992 filii

322 2036 466 2100 Martini
490 2034 636 2098 Lutheri
667 2034 941 2098 haeresiarchae
973 2054 1146 2116 sequaces
1179 2033 1315 2098 animos
1348 2032 1528 2098 hominum
1563 2053 1605 2098 ac

322 2165 420 2208 arma
444 2153 568 2208 contra
591 2143 735 2205 eosdem
760 2140 889 2204 fratres
909 2141 1080 2205 suscitent
1104 2152 1139 2205 et
1163 2141 1349 2223 impellant
1363 2161 1470 2205 nosce
1484 2152 1606 2224 potest

322 2251 488 2316 nobilitas
527 2259 604 2327 tua,
643 2246 899 2311 concitationes
933 2248 1105 2312 adversus
1145 2248 1433 2330 praedicatorum
1473 2247 1605 2311 fratres

320 2359 445 2439 factas,
470 2367 593 2420 contra
610 2355 708 2419 Petri
732 2364 768 2418 et
792 2356 1036 2438 apostolorum
1060 2375 1142 2438 ymo
1167 2367 1292 2419 contra
1307 2355 1438 2420 Christi
1454 2355 1605 2418 nuncios

322 2475 358 2530 et
381 2475 505 2528 contra
528 2464 643 2546 ipsum
667 2461 844 2525 Christum
869 2481 936 2543 pro
961 2481 1030 2544 quo
1055 2463 1185 2525 Petrus
1209 2472 1245 2525 et
1269 2462 1436 2545 Apostoli
1459 2462 1605 2525 fuerunt

322 2584 358 2637 et
387 2593 453 2656 pro
484 2593 555 2654 quo
579 2571 767 2634 Romanus
792 2568 962 2631 Pontifex
993 2578 1029 2631 et
1053 2578 1177 2632 sancta
1199 2569 1367 2633 Romana
1391 2569 1545 2633 ecclesia
1567 2568 1602 2632 in

320 2681 425 2744 terris
449 2689 511 2758 est,
536 2699 558 2741 a
581 2677 709 2759 quibus
732 2676 862 2739 fratres
885 2674 954 2758 ipsi
969 2674 1153 2739 mittuntur
1176 2674 1253 2738 fieri
1278 2697 1319 2739 ac
1343 2678 1453 2741 fuisse
1470 2676 1603 2750 factas;

322 2809 387 2852 nec
420 2807 523 2851 secus
546 2789 635 2849 haec
660 2805 751 2847 nunc
785 2785 832 2847 ab
856 2783 979 2846 Ulrico
1003 2783 1038 2844 in
1063 2781 1256 2846 Germania
1284 2795 1474 2865 geruntur,
1510 2804 1604 2866 quae

320 2903 444 2959 contra
476 2895 620 2957 eosdem
644 2891 774 2955 fratres
805 2899 866 2953 aut
890 2890 979 2954 alios
1003 2889 1180 2955 Christum
1210 2900 1245 2954 et
1270 2890 1344 2954 eius
1367 2891 1604 2975 Evangelium

319 3003 354 3066 in
379 3002 514 3066 Turcas
544 2998 754 3081 praedicare
777 2999 941 3060 volentes
974 3017 1097 3060 omnes
1121 2999 1291 3081 expulsos
1324 2999 1383 3061 vel
1405 2998 1604 3063 trucidatos

320 3119 356 3174 et
386 3107 482 3171 facta
513 3107 623 3170 fuisse
657 3114 694 3168 et
725 3103 802 3167 fieri
826 3102 984 3185 quotidie
1018 3104 1276 3185 cognoscimus.
1324 3104 1461 3186 Quibus
1494 3107 1604 3169 rebus

318 3216 452 3279 factum
482 3224 537 3278 est
567 3225 605 3277 ut
635 3211 760 3295 populi
791 3211 899 3273 rudes
931 3209 1156 3292 evangelium
1187 3210 1317 3275 Christi
1348 3222 1446 3276 recte
1479 3213 1603 3277 audire

320 3332 541 3405 nequeuntes
571 3320 738 3383 adiuncta
760 3318 904 3381 licentia
934 3316 1091 3380 libidinis
1116 3339 1135 3380 a
1160 3317 1300 3383 Christo
1334 3339 1373 3383 se
1397 3340 1436 3384 se
1460 3340 1603 3402 separa·

319 3430 436 3494 verint
469 3450 511 3491 ac
546 3426 809 3510 spurcissimum
845 3434 881 3487 et
915 3423 1094 3488 infelicem
1124 3425 1391 3490 Mahumethum
1425 3447 1491 3511 pro
1521 3428 1601 3492 Deo

318 3539 438 3600 colant
461 3536 629 3615 adorent,
664 3542 718 3595 tot
741 3531 962 3595 exercituum
986 3531 1181 3596 animarum
1212 3532 1247 3595 in
1273 3533 1378 3615 Asia,
1415 3532 1541 3598 Africa
1565 3544 1604 3599 et

318 3643 484 3726 Europae
507 3651 610 3724 parte
634 3638 835 3722 perditione
860 3646 897 3701 et
919 3647 1020 3702 tanto
1043 3638 1128 3702 fidei
1153 3638 1283 3703 Christi
1307 3640 1519 3705 detrimento
1544 3663 1600 3706 ea·

318 3752 398 3814 dem
415 3750 667 3812 Maumethana
687 3766 788 3809 mens
812 3745 910 3827 (licet
925 3745 1177 3829 diversimode)
1201 3746 1238 3810 in
1254 3747 1470 3830 impiissimis
1485 3749 1601 3813 Ulrici

316 3856 503 3921 conatibus
523 3866 576 3919 est
593 3875 695 3934 nunc,
717 3852 777 3935 qui
793 3872 967 3936 personas
985 3862 1021 3916 et
1035 3856 1132 3917 bona
1147 3853 1296 3919 fratrum
1310 3855 1600 3936 praedicatorum

315 3986 382 4047 pro
406 3964 567 4028 Ecclesia
590 3962 659 4025 Dei
684 3969 808 4023 sancta
834 3980 900 4042 pro
925 3959 1003 4041 ipso
1028 3959 1168 4024 Christo
1194 3961 1514 4043 evangelizantium
1536 3982 1598 4045 po-

317 4071 409 4155 pulis
439 4071 647 4152 dirripenda
680 4067 788 4131 tradit
815 4075 854 4129 ut
877 4068 985 4129 escha
1008 4066 1181 4130 avaritiae
1212 4076 1249 4130 et
1279 4088 1396 4131 rerum
1426 4088 1599 4131 novarum

316 4179 445 4261 quibus
467 4176 590 4260 populi
614 4177 840 4239 oblectantur
867 4173 947 4236 illos
972 4183 1193 4236 commoveat
1217 4173 1431 4255 incitetque,
1455 4183 1491 4238 et
1515 4174 1598 4238 defi·

316 4286 491 4350 cientibus
514 4285 550 4346 in
573 4284 634 4347 illa
658 4280 873 4347 Germaniae
897 4289 999 4363 parte
1027 4279 1114 4361 ipsis
1138 4280 1351 4344 doctissimis
1375 4290 1410 4345 et
1433 4280 1599 4347 fidelibus

317 4393 402 4456 viris
433 4413 498 4474 pro
523 4390 627 4454 nobis
659 4400 695 4453 et
717 4391 784 4452 hac
809 4397 934 4451 sancta
957 4385 1067 4468 Sede,
1097 4407 1163 4469 pro
1188 4387 1328 4451 Christo
1353 4389 1597 4471 evangelizari.

316 4500 410 4564 tibus
435 4508 471 4562 et
493 4496 666 4579 impietati
684 4495 884 4577 iniquorum
901 4493 1160 4575 resistentibus,
1185 4493 1328 4557 Ulricus
1350 4494 1428 4577 ipse
1443 4498 1599 4579 populos

315 4606 390 4694 (qui
420 4603 563 4688 plurimi
587 4602 717 4684 ubique
741 4602 847 4664 rudes
871 4602 964 4682 sunt)
997 4622 1019 4665 a
1051 4600 1295 4665 sanctionibus
1319 4601 1503 4668 Ecclesiae
1526 4603 1597 4667 Dei

315 4723 352 4777 et
374 4715 420 4777 ab
444 4713 523 4794 ipso
540 4709 680 4774 Christo
704 4717 849 4790 separet
872 4717 908 4770 et
931 4707 1068 4790 laqueis
1091 4706 1225 4771 diaboli
1246 4708 1345 4791 liget,
1370 4707 1596 4787 Germaniam

313 4821 398 4884 fidei
409 4817 724 4904 propugnatricem
737 4814 1042 4899 persequutricem
1057 4813 1175 4896 faciat,
1191 4836 1238 4877 ex
1250 4814 1457 4879 fidelissima
1467 4816 1596 4880 Christi
