3559 5734
702 537 851 598 0-43395
890 539 949 596 &0

185 684 245 767 qui
268 691 305 749 et
328 685 432 748 Buda
466 673 532 768 per
554 690 781 750 trattamento
819 687 854 749 di
884 690 1010 771 questa
1035 685 1119 748 cosa
1143 705 1205 748 era
1237 683 1365 746 inditta
1393 700 1463 745 una

186 791 282 856 dieta
306 793 352 855 ad
375 793 505 857 festum
528 793 633 857 trium
657 794 822 876 Regum,
854 805 889 858 et
922 792 1119 876 pregommi
1149 790 1243 855 assai
1271 789 1324 853 ch'
1345 789 1380 852 io
1404 809 1463 851 vo-

185 901 277 963 Iesse
301 900 518 980 trovarmivi‚
541 899 756 964 offerendosi
780 902 817 965 di
841 911 1020 966 accettare
1044 899 1128 982 ogni
1152 901 1302 962 honesta
1326 896 1464 961 condic·

185 1006 287 1070 cione
312 1007 348 1070 di
371 1010 524 1070 'accordo
549 1012 577 1070 sl
601 1009 668 1071 che
696 1028 762 1089 per
794 1009 843 1072 lui
873 1029 944 1072 non
978 1007 1178 1072 mancharh.
1225 1004 1374 1087 Risposi
1398 1007 1464 1067 che

185 1135 206 1177 a
229 1124 356 1196 questo
379 1114 499 1196 porrei
524 1115 609 1196 ogni
641 1135 753 1197 opera
780 1116 868 1196 mia,
900 1115 1031 1198 perche
1065 1117 1137 1177 cosl
1166 1113 1213 1176 mi
1244 1113 1465 1175 comandava

184 1221 226 1286 N.
240 1219 295 1296 S.;
321 1223 553 1285 concludemo
577 1224 644 1286 che
668 1222 697 1285 si
722 1223 910 1286 mandasse
934 1221 1082 1285 liBrevi
1107 1230 1142 1283 et
1159 1220 1332 1284 scrivesse
1349 1217 1465 1281 atutti

187 1327 211 1391 li
234 1327 316 1391 altri
343 1330 408 1392 che
432 1329 622 1392 volessono
647 1330 770 1393 venire
794 1332 1082 1412 personalmente
1107 1350 1127 1391 a
1151 1330 1250 1391 detto
1283 1336 1403 1408 tempo
1428 1325 1463 1388 in

184 1435 284 1499 detto
309 1437 545 1516 luogho,*con
570 1437 660 1500 darli
684 1457 857 1520 speranza
882 1439 947 1499 che
972 1438 1085 1499 anche
1108 1435 1143 1497 io
1168 1454 1223 1497 me
1247 1435 1284 1497 vi
1308 1433 1463 1496 trovarei

185 1552 220 1604 et
236 1540 310 1605 cosi
330 1544 376 1606 ho
399 1542 488 1606 fatto
507 1552 543 1606 et
560 1553 855 1625 oportunamente
873 1543 1075 1606 mandando
1088 1545 1121 1605 le
1131 1544 1256 1605 lettere
1270 1550 1306 1604 et
1317 1541 1341 1604 li
1355 1540 1464 1603 Brevi

185 1649 339 1731 predetti
363 1670 429 1731 per
453 1649 512 1732 via
535 1650 660 1713 sicura.
708 1651 753 1713 Et
776 1651 836 1734 piri
861 1650 907 1712 ho
932 1650 1053 1713 scritto
1078 1651 1112 1712 al
1133 1646 1238 1712 Sermo
1263 1648 1298 1711 di
1314 1645 1464 1711 Polonia

186 1766 220 1818 et
255 1758 449 1819 mandatoli
485 1757 589 1839 copia
618 1758 677 1820 del
708 1757 777 1820 mio
809 1758 928 1821 Breve
962 1758 1060 1821 accio
1094 1759 1160 1819 che
1191 1776 1258 1819 con
1296 1755 1346 1838 gli
1382 1753 1464 1818 altri

185 1864 262 1926 suoi
286 1863 378 1926 veda
402 1866 437 1926 la
461 1884 546 1927 cura
571 1874 606 1928 et
634 1864 819 1947 diligentia
856 1865 892 1927 di
926 1865 969 1928 N.
1006 1862 1042 1929 S.
1080 1865 1174 1928 nelle
1210 1882 1292 1926 cose
1328 1883 1390 1926 soe
1428 1871 1464 1924 et

184 1972 280 2034 hollo
305 1973 494 2034 exhortato
519 1991 540 2033 a
567 1972 691 2034 venire
724 1972 829 2034 anch'·
848 1970 920 2062 egli
951 1993 972 2034 a
996 1970 1186 2052 Possonia,
1210 1969 1341 2051 perche
1373 1970 1464 2030 oltra

185 2087 310 2159 questa
334 2098 442 2141 causa
466 2080 533 2141 che
556 2080 604 2141 ha
627 2099 694 2141 eon
718 2081 837 2161 quella
861 2079 1046 2162 religione,
1064 2077 1196 2142 havera
1210 2077 1343 2140 anchor
1359 2096 1463 2158 gran·

185 2185 328 2248 dissima
361 2186 591 2268 opportuniti
623 2197 658 2249 et
688 2187 864 2251 necessita
895 2189 942 2250 da
972 2196 1120 2250 trattare
1158 2189 1285 2249 alcuna
1318 2204 1403 2247 cosa
1443 2204 1464 2245 a

184 2291 357 2356 beneficio
389 2292 448 2354 del
478 2293 538 2356 Re
569 2291 604 2355 di
640 2293 828 2374 Hungaria
858 2315 923 2357 suo
955 2293 1077 2376 nipote
1108 2303 1144 2357 et
1175 2293 1233 2356 del
1261 2309 1326 2355 suo
1350 2311 1462 2372 regno

184 2408 219 2462 et
231 2401 345 2462 anche
357 2398 547 2481 regionare
560 2399 605 2461 de
618 2400 651 2461 le
665 2419 748 2462 cose
761 2402 819 2462 del
832 2400 1033 2464 Moscovita
1044 2410 1079 2463 et
1090 2398 1186 2464 forse
1200 2420 1221 2462 a
1233 2406 1323 2460 tutte
1337 2406 1462 2479 queste

184 2505 330 2569 materie
342 2505 495 2587 pigliaro
509 2508 660 2587 qualche
684 2509 779 2570 bono
791 2508 917 2571 ordine
935 2519 970 2571 et
983 2507 1148 2572 indirizzo
1173 2508 1233 2569 alh
1254 2504 1462 2588 proprinqui

182 2611 377 2676 imminenti
394 2611 543 2695 periculi
564 2615 629 2676 che
647 2614 676 2676 si
692 2623 834 2677 temeno
853 2636 874 2677 a
886 2614 1000 2697 primo
1013 2625 1132 2706 tempo
1147 2616 1191 2677 de
1201 2612 1340 2677 Turchi.
1364 2612 1463 2675 Man·

183 2720 240 2783 dai
253 2741 318 2803 per
330 2740 445 2783 messo
460 2741 482 2783 a
500 2731 604 2802 posta
617 2722 650 2783 le
662 2723 789 2784 lettere
801 2722 835 2785 in
850 2742 955 2786 mano
972 2724 1006 2785 al
1021 2723 1163 2785 Barone
1180 2723 1214 2785 el
1230 2722 1333 2802 quale
1348 2738 1461 2801 penso

183 2828 215 2889 le
238 2826 372 2889 havera
396 2829 568 2912 mandate
586 2848 607 2890 a
632 2830 726 2891 buon
751 2829 935 2894 cammino
975 2831 1174 2892 Attendero
1191 2829 1308 2910 quello
1325 2827 1460 2909 rispon-

183 2934 340 2996 deranno
364 2933 445 2995 tutti
470 2942 505 2996 et
529 2954 568 2997 se
592 2937 719 2998 alcuno
745 2937 780 2999 di
805 2938 880 2999 loro
899 2935 1002 2998 verri
1019 2938 1305 3024 personalmente
1329 2956 1351 2997 a
1372 2934 1460 2996 ditto

183 3050 374 3118 convent0,
399 3041 433 3103 io
458 3043 613 3106 anchora
638 3046 788 3107 essendo
813 3049 871 3125 qul
897 3043 1063 3107 dintorno
1088 3064 1143 3107 me
1168 3043 1191 3105 li
1216 3044 1369 3106 troveto.
1416 3041 1460 3102 Et

183 3146 312 3227 perche
337 3147 451 3229 questi
476 3148 584 3212 Brevi
607 3150 718 3212 ultimi
747 3171 768 3212 a
801 3150 824 3211 li
850 3148 1073 3214 Serenissimi
1098 3152 1157 3214 Re
1182 3152 1226 3213 de
1251 3148 1401 3213 Polonia
1425 3156 1460 3238 et

183 3253 368 3335 Hungaria
392 3257 510 3318 hanno
535 3259 570 3319 la
594 3257 752 3318 clausula
776 3258 994 3321 credentiale
1019 3260 1077 3321 nel
1101 3258 1260 3336 Barone,
1293 3256 1343 3338 gli
1378 3256 1458 3318 scri·

182 3363 266 3448 vero
292 3364 357 3424 che
382 3364 550 3424 talmente
575 3361 690 3424 scriva
716 3373 751 3425 et
775 3363 894 3425 dirizzi
918 3365 952 3427 la
976 3385 1060 3427 cosa
1085 3375 1119 3426 et
1141 3362 1310 3445 precipue
1335 3363 1391 3425 col
1415 3363 1459 3423 de

183 3467 332 3531 Polonia
357 3469 422 3531 che
439 3469 459 3530 'l
485 3489 554 3531 non
578 3470 661 3552 paia
685 3473 750 3533 che
775 3472 885 3533 habbi
909 3481 1043 3535 mutato
1068 3472 1235 3553 opinione
1253 3478 1288 3532 et
1305 3469 1458 3545 volendo

181 3574 301 3638 venire
326 3596 396 3637 non
420 3586 574 3639 restasse
598 3579 729 3660 perche
755 3578 795 3640 Ν.
823 3576 858 3642 S.
883 3577 919 3640 in
951 3579 1058 3661 quelli
1089 3578 1196 3641 Brevi
1230 3576 1266 3639 di
1297 3575 1351 3638 cio
1387 3595 1458 3639 non

180 3693 311 3762 poteva
335 3682 412 3745 fare
445 3684 636 3765 mentione,
662 3706 733 3748 non
765 3685 937 3767 sapiendo
966 3688 1122 3749 anchora
1155 3694 1280 3768 questo
1313 3694 1454 3764 apunta·

180 3797 310 3868 mento,
336 3801 371 3851 et
395 3798 487 3851 tutto
512 3790 540 3852 si
566 3791 669 3872 potra
693 3794 785 3854 bene
810 3792 985 3856 ordinare.

268 3894 316 3958 Se
340 3897 373 3959 le
398 3917 481 3959 cose
506 3907 541 3959 et
558 3899 591 3960 le
606 3900 766 3980 pratiche
785 3899 819 3960 di
836 3899 983 3974 Boemia
996 3903 1202 3964 andaranno
1226 3902 1333 3978 bene,
1359 3919 1458 3961 come

179 4001 212 4065 io
236 4003 290 4065 sin
317 4007 375 4084 qul
400 4024 517 4085 spero,
532 4005 576 4067 'io
601 4005 647 4067 mi
672 4004 845 4068 ritrovaro
868 4006 905 4069 in
931 4018 1055 4089 queste
1079 4007 1172 4089 parti
1197 4015 1232 4069 et
1255 4006 1458 4070 facilmente
1535 4082 1538 4086 .

179 4101 284 4192 potro
309 4111 543 4176 transferirmi
568 4113 622 4175 sin
646 4111 685 4187 li;
718 4134 775 4175 rna
805 4115 947 4195 quando
977 4135 1048 4177 non
1082 4116 1275 4177 andassero
1306 4110 1457 4191 innanzi,

179 4216 213 4279 di
236 4219 303 4280 che
328 4239 373 4281 ne
397 4239 536 4281 saremo
560 4229 681 4302 presto
706 4218 830 4300 chiari,
863 4224 951 4302 pero
981 4223 1046 4284 che
1080 4222 1125 4283 da
1150 4230 1282 4303 quanto
1307 4220 1456 4283 faranno

178 4324 317 4388 Moravi
342 4325 377 4388 in
403 4336 530 4406 questa
553 4328 630 4389 loro
655 4326 750 4389 dieta
775 4328 811 4390 di
834 4328 872 4391 S.
896 4328 1051 4391 Martino
1076 4329 1141 4392 che
1166 4327 1226 4411 gia
1250 4326 1321 4390 ein
1337 4346 1456 4390 essere

179 4442 213 4494 et
235 4431 291 4494 fra
315 4442 390 4495 otto
415 4432 531 4514 giorni
556 4454 594 4496 se
619 4455 663 4496 ne
688 4436 820 4499 haverir
845 4435 944 4498 aviso
969 4437 1087 4517 pende
1121 4445 1156 4498 et
1188 4432 1455 4516 cognoscerassi

179 4538 258 4619 quel
274 4539 340 4600 che
357 4543 384 4601 sl
401 4539 503 4620 potra
523 4559 668 4621 sperare
684 4540 718 4603 in
743 4543 778 4603 la
803 4541 898 4604 dieta
923 4542 957 4603 di
973 4542 1092 4622 Praga
1115 4564 1136 4605 a
1161 4540 1272 4604 Sento
1298 4541 1455 4619 Andrea,

178 4646 306 4725 perche
327 4666 415 4708 sono
434 4648 603 4708 talmente
623 4667 688 4729 per
704 4650 781 4710 loro
805 4648 1057 4730 capitulatione
1078 4647 1165 4710 uniti
1185 4649 1250 4710 che
1273 4647 1293 4710 l'
1306 4668 1375 4710 una
1398 4668 1454 4710 na-

179 4749 271 4814 tione
289 4772 358 4815 non
376 4751 454 4815 fara
467 4773 505 4816 se
521 4773 592 4816 non
609 4755 727 4836 quello
744 4756 810 4817 che
826 4755 903 4817 fara
921 4766 957 4817 et
980 4777 1001 4817 a
1025 4757 1090 4817 che
1114 4754 1285 4817 inclinari
1309 4756 1329 4818 l'
1346 4756 1452 4827 altra;

179 4868 212 4919 et
234 4861 322 4941 pero
347 4861 490 4942 quando
514 4860 543 4925 si
574 4861 725 4926 vedesse
760 4861 904 4947 fugirne
938 4864 1023 4944 ogni
1063 4882 1252 4945 speranza,
1289 4863 1454 4927 desidero
