3559 5734
1386 548 1880 612 0-432'9754

353 702 551 766 accio
619 723 928 766 conosca
988 703 1119 765 che
1169 703 1240 764 di
1286 703 1385 765 lui
1451 703 1510 765 si
1558 702 1746 764 tiene
1814 701 1980 782 quel
2028 708 2238 762 conto
2307 699 2363 760 si
2421 698 2601 760 devm²
2669 718 2797 778 per
2845 698 2913 758 la

353 810 573 872 bonta
641 812 714 873 et
775 810 962 873 virtu
1030 830 1190 882 sua;
1263 810 1579 873 tenetelo
1646 809 1920 871 intanto
1987 809 2127 869 ben
2197 804 2527 869 edificato
2597 818 2661 866 et
2729 806 2913 866 heure

356 918 609 980 valete.
703 916 815 979 Ex
866 919 1115 980 castris
1163 916 1546 998 pontificiis
1606 925 1676 979 et
1725 914 2097 978 Caesareis
2145 915 2335 994 apud
2384 912 2721 995 oppidum
2781 910 2913 970 Η-επιι

357 1025 658 1088 stianum
707 1024 865 1106 agri
913 1017 1327 1103 Brixiensis‚
1377 1021 1681 1085 XXVII
1730 1020 2064 1085 Octobris
2111 1019 2476 1084 MDXXI.

1703 1218 1839 1230 m

1563 1448 1709 1514 129.

426 1565 791 1648 Adrianus
827 1557 945 1649 VI.
994 1562 1384 1647 Archiduoi
1419 1565 1872 1647 Perdinando
1920 1564 2256 1645 Austriae
2305 1563 2502 1646 Sacri
2541 1565 2847 1646 Romani

1218 1690 1516 1792 Imperii
1570 1688 2055 1793 gubernatori.

426 1839 642 1912 (Leonis
691 1838 757 1898 x.
805 1839 867 1898 et
912 1838 1077 1898 Clam.
1125 1837 1249 1896 VH.
1304 1839 1559 1897 minutae
1609 1837 1872 1897 brevium
1926 1838 2080 1896 Arm.
2114 1837 2306 1896 XLW.
2356 1837 2455 1895 nr.
2507 1838 2557 1897 8.
2605 1838 2697 1894 fal..
2745 1838 2849 1906 τῦ.)

1263 1947 1441 2013 (Circa
1477 1949 1634 1999 finem
1672 1950 1797 1998 anni
1842 1945 2019 2017 1522.)

533 2073 875 2137 Relatum
937 2080 1045 2136 est
1093 2072 1297 2136 nobis
1345 2093 1504 2136 cum
1551 2090 1822 2137 summa
1871 2072 2196 2137 molestia
2241 2080 2484 2135 nostra
2555 2086 2625 2134 et
2677 2074 2917 2154 dignm]-

358 2200 508 2243 rum
556 2179 698 2243 fide
745 2181 1148 2243 testimonio
1200 2200 1371 2261 egre
1417 2181 1917 2262 cognovimus:
1968 2201 2133 2263 ymo
2166 2181 2496 2262 exemplo
2530 2179 2917 2242 litterarum

358 2288 719 2350 cuiusdam
767 2287 992 2350 Ulrici
1042 2287 1333 2350 Hunten
1361 2336 1378 2368 ,
1446 2306 1623 2369 quas
1687 2287 1803 2350 hic
1853 2286 2130 2351 accludi
2176 2286 2661 2349 mandavimus
2733 2298 2801 2346 et
2849 2286 2917 2346 in

364 2392 753 2458 Germania
796 2393 1226 2476 publicavit,
1288 2393 1628 2477 vidimUS‚
1690 2415 1783 2457 ex
1831 2393 2086 2476 quibus
2133 2415 2210 2457 se
2257 2393 2593 2456 simulans
2641 2414 2921 2454 causam

359 2522 553 2564 suam
603 2500 1205 2583 contemplatione
1255 2501 1539 2564 divinae
1586 2501 1896 2565 iustitiae
1945 2499 2318 2582 fundasse,
2381 2500 2573 2563 viros
2621 2502 2917 2582 primum

356 2609 742 2672 bellatores
803 2628 887 2671 ac
952 2629 1195 2671 omnes
1244 2606 1422 2671 alios
1470 2628 1709 2673 secum
1754 2620 1971 2672 vocat
2033 2607 2485 2689 concitatque
2547 2618 2621 2670 ut
2673 2618 2921 2670 contra

358 2712 645 2778 Fratres
675 2715 943 2778 ordinis
975 2716 1545 2798 praedicatorum
1594 2726 1665 2779 et
1696 2716 1798 2779 eis
1829 2716 2251 2779 auxiliantes
2281 2735 2458 2797 quos
2490 2736 2653 2778 suns
2685 2718 2921 2778 hostes

359 2824 710 2906 appellat,
784 2822 1253 2904 omnibusque
1300 2822 1571 2885 viribus
1621 2821 1764 2885 suis
1813 2831 2067 2904 agant,
2138 2825 2331 2885 bona
2378 2821 2661 2904 capiant
2717 2822 2918 2902 eique

359 2929 623 2992 auxilia
655 2938 904 2993 contra
935 2926 1222 2993 eosdem
1257 2933 1675 3012 praebeant,
1708 2949 1971 3010 magno
2005 2929 2431 2993 detrimento
2466 2927 2629 2990 fidei
2661 2926 2917 2990 Christi

360 3054 568 3118 quam
617 3036 1118 3116 labefactare„
1158 3057 1323 3118 ymo
1372 3048 1709 3118 tanquam
1755 3036 1869 3099 leo
1923 3036 2213 3118 rugiens
2262 3035 2665 3119 opprimere
2713 3058 2921 3098 cona·

358 3153 503 3224 tur,
576 3165 659 3207 ac
706 3145 1015 3207 maximo
1063 3143 1382 3226 periculo
1431 3143 1937 3206 invalescentis
1993 3144 2410 3206 lutheranae
2457 3142 2773 3206 haeresis
2825 3142 2917 3206 in-

360 3248 590 3314 cendii
658 3267 815 3314 cum
881 3248 1211 3314 fidelibus
1260 3249 1520 3312 Christi
1568 3250 1940 3314 veritatem
2016 3250 2216 3314 verbi
2270 3250 2400 3313 Dei
2467 3254 2713 3312 audire
2781 3270 2921 3310 nun

360 3359 584 3421 detur.
678 3357 814 3421 Fili
863 3358 1156 3437 dilecte,
1218 3357 1418 3420 novit
1463 3357 1799 3420 nobilitas
1846 3366 1969 3421 tua
2030 3357 2370 3441 religiosa
2417 3358 2645 3420 Deum
2709 3358 2917 3418 [mini-

360 3471 724 3547 potentem
756 3464 1108 3528 Christum
1156 3464 1376 3529 filium
1425 3483 1625 3527 suum
1672 3484 1807 3546 pro
1849 3461 2156 3527 humano
2206 3483 2473 3545 genere
2507 3466 2921 3527 redimendo

362 3568 429 3635 in
478 3574 667 3635 hunc
717 3573 1051 3634 mundum
1099 3570 1395 3653 misisse,
1444 3571 1815 3653 imperium
1863 3572 2046 3635 coeli
2094 3582 2164 3633 et
2211 3581 2446 3634 terrae
2503 3570 2566 3633 ei
2617 3574 2921 3650 dedisse,

362 3678 855 3760 Christumque
905 3680 1428 3761 redemptorem
1475 3677 1688 3741 fidem
1735 3679 1960 3760 ipsam
2018 3699 2206 3741 novo
2256 3688 2326 3740 et
2374 3688 2665 3740 aeterno
2717 3690 2918 3739 testa-

361 3795 598 3849 mento
646 3800 776 3849 suo
827 3785 1294 3866 constituisse,
1345 3785 1719 3849 ecclesiam
1758 3807 1957 3848 suam
2006 3805 2221 3866 super
2263 3805 2568 3866 persona
2621 3806 2745 3846 sua
2781 3786 2921 3846 edi-

364 3891 645 3973 ficasse,
717 3892 1007 3957 Petrum
1075 3892 1412 3956 vicarium
1475 3914 1676 3956 suum
1736 3893 1954 3956 totius
2001 3892 2367 3956 Ecclesiae
2430 3902 2785 3974 pas-torem
2853 3894 2921 3954 in

365 4001 593 4081 terriS‚
642 4000 1095 4082 reliquosque
1129 4003 1494 4082 apostolos
1535 3999 1702 4063 fidei
1732 4021 1902 4063 suae
1938 4000 2293 4062 ministros
2322 3999 2693 4081 Evangelii
2725 4022 2921 4082 prae-

367 4107 719 4171 dicatores
751 4128 881 4188 per
906 4107 1310 4171 universum
1336 4107 1670 4170 mundum
1698 4109 2124 4171 declarasse.
2172 4107 2377 4169 Nosti
2404 4107 2609 4170 etiam
2641 4110 2925 4170 Petrum

368 4213 729 4278 Ecclesiae
778 4222 1138 4296 pastorem
1206 4223 1276 4276 et
1321 4216 1688 4295 apostolos
1735 4214 1931 4297 ipsos
1980 4214 2049 4277 in
2099 4214 2354 4296 quibus
2402 4194 2721 4278 Ecclesia
2773 4218 2925 4298 ipsa

369 4330 436 4383 et
483 4320 807 4384 Christus
875 4320 1004 4382 fuit
1068 4318 1280 4383 fidem
1346 4320 1573 4401 ipsam
1635 4319 1708 4382 in
1756 4323 1932 4385 orbe
1979 4322 2479 4403 praedicantes
2544 4326 2921 4406 plerosque

369 4428 584 4503 viros,
623 4426 886 4509 ubique
954 4427 1073 4509 qui
1122 4427 1574 4509 evangelium
1642 4436 2004 4492 creaturas
2072 4430 2412 4492 docerent
2479 4430 2925 4494 substituisse

371 4544 436 4597 et
480 4534 889 4597 universum
937 4553 1121 4615 pene
1171 4533 1503 4597 mundum
1553 4535 1644 4596 ad
1680 4533 2031 4598 Christum
2081 4557 2164 4599 ac
2213 4538 2303 4598 ad
2351 4536 2725 4599 veritatem
2769 4558 2921 4598 con*

370 4642 700 4714 vertisse3
772 4637 1143 4704 Romanos
1209 4661 1381 4703 vero
1447 4641 1821 4722 pontifices
1886 4643 2083 4706 Petri
2151 4664 2597 4709 successores
2669 4646 2925 4706 Christi

372 4764 649 4830 quoque
715 4747 1054 4830 vicarios,
1126 4756 1581 4829 sanctamque
1629 4748 2022 4814 Ecclesiam
2088 4750 2158 4813 in
2227 4751 2483 4833 quibus
2543 4750 2721 4814 fides
2769 4754 2925 4834 ipsa

374 4871 534 4936 ymo
577 4853 898 4918 Christus
947 4855 1079 4919 fuit
1126 4865 1196 4919 et
1246 4865 1373 4936 est,
1424 4874 1632 4919 cursu
1680 4865 2075 4940 temporum
2125 4868 2196 4922 et
2244 4857 2773 4942 opportunitate
2825 4882 2925 4922 re-
