3559 5734
811 457 1058 513 wana-0

294 585 521 651 Germaniam
534 586 794 669 significabant,
812 586 862 649 ita
883 597 920 648 ut
934 587 1013 669 ipsa
1028 606 1097 668 qua
1113 589 1300 649 damnatus
1314 586 1429 648 fuerat
1446 585 1574 649 Luthe-

294 714 365 775 rus,
377 694 492 775 Bulla,
506 694 605 776 prius
620 693 656 756 in
666 692 859 758 Germania
873 692 1134 778 imprimeretur
1146 714 1250 775 quam
1260 692 1400 756 Romae
1416 692 1573 775 publica·

293 792 401 882 retirr,
415 810 451 865 et
469 800 575 884 „nihil
590 812 630 862 ut
642 801 691 864 ait
716 801 909 881 Aleander,
934 822 999 865 nec
1023 801 1095 863 illic
1112 821 1178 864 nec
1196 800 1273 863 istic
1289 798 1366 863 fieri
1389 812 1451 861 aut
1468 799 1574 862 scribi

294 907 419 992 possit,
444 908 527 991 quin
552 908 655 971 citius
679 929 700 971 a
724 906 930 990 germanica
954 920 1056 991 parte
1081 929 1185 991 quam
1210 928 1231 970 a
1256 927 1403 971 romana
1426 926 1573 988 cognos-

292 1023 409 1093 catur3
435 1036 515 1078 nam
531 1014 692 1079 homines
709 1015 836 1078 Curiae
861 1024 922 1078 aut
938 1014 1032 1078 servi
1047 1015 1186 1078 illorum
1203 1014 1321 1078 omnia
1344 1013 1576 1095 querentibus

291 1122 506 1207 germanicis
549 1121 832 1205 patefaciebant“
848 1122 881 1203 ¹).
949 1122 1054 1203 Ipsae
1097 1122 1269 1184 Aleandri
1310 1121 1484 1203 epistolae
1530 1121 1575 1183 de

292 1230 439 1293 Erasmo
475 1240 660 1293 narrantes
690 1230 839 1293 Erasmo
870 1230 941 1291 cito
978 1227 1318 1315 significabantur²);
1355 1248 1420 1291 nec
1449 1227 1575 1293 mirum

291 1357 399 1419 quum
430 1336 624 1400 Lutherani
648 1337 766 1419 palam
789 1336 1043 1419 profiterentur
1082 1357 1120 1400 se
1163 1336 1304 1400 Romae
1340 1336 1499 1400 fautores
1540 1346 1576 1398 et

292 1445 540 1527 exploratores
563 1446 698 1507 habere
722 1465 793 1507 non
817 1443 919 1526 parvi
945 1443 1149 1524 momenti‘l.

384 1549 587 1633 „Nefarium
620 1551 789 1615 novitatis
821 1552 992 1632 studium,
1018 1552 1138 1615 aiebat
1173 1551 1343 1614 Albertus
1376 1550 1576 1615 Cardinalis

293 1657 526 1739 Moguntinus
556 1657 730 1722 Clementi
761 1658 884 1740 Papae
925 1658 1100 1739 scribens,
1133 1658 1295 1741 plerique
1325 1657 1575 1741 praeseferunt

291 1763 485 1846 intrepide,
510 1764 642 1848 ubique
668 1767 826 1829 locorum
843 1765 1054 1829 seditionem
1072 1776 1107 1829 et
1136 1765 1434 1847 conspirationem
1467 1766 1572 1828 medi-

292 1880 428 1953 tantur,
460 1872 580 1936 verbis
617 1872 852 1937 licentissimis
893 1873 1091 1936 maledictis
1124 1873 1304 1937 incessunt
1340 1870 1575 1935 Sanctitatem

291 1979 458 2043 Vestram
587 1978 785 2062 Principes,
810 1980 974 2061 comites,
1010 2000 1179 2062 proceres
1209 1989 1244 2043 et
1267 1978 1495 2061 magistratus
1519 1999 1572 2041 ur·

291 2083 388 2149 bium
421 2085 634 2150 Germaniae
670 2086 736 2150 etsi
774 2107 894 2150 coram
927 2089 1166 2169 praetendant
1199 2086 1396 2150 catholicae
1428 2087 1575 2150 unitatis

291 2208 458 2274 amorem,
475 2194 611 2257 eminus
623 2204 741 2258 tamen
757 2193 905 2258 mirifice
923 2194 1140 2258 novitatibus
1164 2195 1307 2258 student
1330 2193 1574 2277 instigantque

291 2309 418 2383 suapte
456 2310 585 2384 sponte
611 2303 733 2368 malos.
888 2302 1079 2382 Augentur
1115 2301 1240 2384 copiae
1279 2301 1574 2381 Lutheranorum,

291 2406 432 2489 iamque
456 2406 625 2472 rarissimi
656 2407 884 2472 inveniuntur
914 2408 995 2471 laici
1029 2408 1088 2490 qui
1117 2408 1268 2471 candide
1301 2418 1336 2470 et
1366 2406 1575 2489 simpliciter

289 2512 436 2578 faveant
459 2515 727 2596 ecclesiasticis,
751 2517 815 2579 sed
849 2524 885 2579 et
908 2518 1005 2579 bona
1028 2534 1112 2598 pars
1136 2516 1359 2577 sacerdotum
1384 2514 1469 2577 iacit
1494 2535 1573 2577 cum

291 2621 448 2685 Luthero
461 2631 497 2687 et
509 2623 699 2706 plerosque
712 2624 823 2704 pudet
840 2633 936 2687 stare
960 2643 981 2685 a
1005 2632 1107 2705 parte
1120 2620 1309 2684 Romanae
1327 2620 1574 2704 Ecclesiae“⁴).

380 2729 431 2792 At
463 2749 637 2812 quaenam
661 2750 747 2792 vera
778 2728 881 2812 origo
915 2728 1004 2792 tanti
1048 2728 1143 2792 odii?
1190 2729 1301 2792 Amor
1324 2728 1488 2812 puritatis
1512 2730 1573 2791 do·

291 2835 449 2899 ctrinae?
477 2833 640 2900 Studium
658 2835 864 2917 evangelii?
888 2838 984 2899 zelus
1008 2836 1133 2899 domus
1157 2835 1249 2898 Dei?
1272 2835 1328 2898 Ex
1338 2836 1575 2899 monumentis

290 2941 420 3005 nostris
452 2944 561 3024 longe
595 2942 687 3006 aliae
723 2952 895 3007 eruuntur
927 2963 1072 3015 causae;
1102 2943 1278 3005 Lutherus
1308 2941 1438 3005 iamdiu
1471 2942 1573 3005 disci-

289 3048 383 3130 pulis
417 3048 489 3112 suis
521 3059 557 3112 et
584 3049 806 3113 Germanicis
838 3070 963 3132 parum
997 3050 1042 3112 de
1082 3048 1265 3131 religionis
1305 3048 1460 3131 negotiis
1497 3070 1573 3112 eru·

291 3154 373 3219 ditis
391 3156 589 3220 doctrinam
606 3178 704 3220 suam
728 3157 987 3228 insinuaverat:
1012 3156 1125 3239 ipsam
1150 3166 1364 3238 acceperant
1380 3176 1574 3237 veramque

291 3262 583 3327 desideraverant
594 3264 709 3343 aulici,
721 3264 914 3347 praecipue
931 3264 989 3346 qui
1005 3262 1187 3345 principes
1202 3262 1345 3325 insuam
1362 3261 1574 3326 sententiam

291 3367 399 3432 variis
440 3368 637 3433 rationibus
684 3371 930 3442 adducebant;
977 3368 1158 3452 principes
1195 3370 1241 3431 ob
1284 3368 1486 3448 avaritiam,
1525 3372 1574 3432 ob

291 3475 611 3540 ecclesiasticoram
635 3497 753 3540 rerum
785 3476 1009 3556 aviditatem,
1034 3478 1081 3538 ob
1112 3475 1344 3557 cupiditatum
1371 3476 1574 3539 libertatem

291 3602 385 3647 nova
408 3585 578 3666 dogmata
602 3594 806 3667 opportuna
831 3583 934 3648 novis
958 3583 1114 3647 consiliis
1131 3584 1447 3665 amplectebantur.
1482 3584 1575 3646 Dux

291 3687 388 3753 Saxo
411 3687 522 3753 iratus
545 3689 579 3752 in
605 3688 759 3754 Romam
790 3692 837 3753 ob
872 3710 1038 3773 magnam
1068 3690 1145 3752 auri
1169 3689 1306 3773 copiam
1331 3691 1482 3753 solutam
1507 3711 1573 3773 pro

291 3793 512 3860 coadiutoria
535 3796 718 3860 cuiusdam
743 3796 797 3860 sui
819 3795 955 3877 fidelis,
989 3797 1058 3862 imo
1092 3796 1220 3861 occulti
1243 3796 1306 3859 filii
1331 3809 1434 3860 extra
1457 3800 1573 3861 matri-

291 3900 445 3965 monium
468 3902 554 3982 nati,
577 3902 666 3967 iram
692 3906 739 3966 ob
763 3903 979 3967 inimicitiam
1002 3904 1038 3967 in
1063 3903 1381 3985 Archiepiscopum
1396 3904 1573 3987 Mogunti-

291 4029 373 4072 num
403 4009 599 4092 augebat)⁶.
658 4011 849 4075 Casimirus
874 4011 1219 4095 BrandeburgensiS,
1252 4012 1377 4074 eodem
1411 4022 1574 4093 tempore

291 4135 361 4198 quo
390 4118 437 4178 ob
469 4118 729 4181 reservationes
766 4118 934 4182 fratribus
971 4117 1043 4180 suis
1084 4118 1345 4181 marchionibus
1383 4139 1574 4182 concessas

291 4222 586 4287 murmurationes
628 4225 664 4286 in
703 4226 838 4307 populo
881 4224 1149 4305 excitabantur,
1188 4225 1300 4288 hostis
1344 4224 1378 4288 in
1419 4225 1573 4289 Romam

291 4330 469 4392 clamabat
492 4328 592 4412 quia,
621 4352 746 4413 „quum
770 4332 904 4395 caeteri
928 4352 1051 4396 omnes
1074 4330 1233 4394 vilissimi
1257 4329 1384 4395 officiis
1408 4343 1443 4396 et
1467 4335 1573 4397 bene·

290 4433 380 4499 ficiis
401 4435 524 4499 referti
561 4438 774 4519 evaderent,
804 4438 935 4501 fratres
966 4438 1020 4501 sui
1050 4437 1136 4503 nihil
1160 4439 1423 4520 obtinerent“⁶).
1470 4442 1572 4505 Arm·

365 4646 386 4719 ¹)
404 4652 516 4703 Ducum.
540 4664 579 4706 12.
598 4651 646 4706 iol.
664 4664 708 4715 34.
1008 4649 1162 4719 ²)Docum.
1185 4665 1225 4715 14.
1244 4652 1290 4704 sol.
1310 4665 1354 4717 40.

363 4724 386 4796 ¹)
405 4730 518 4782 Dorum.
541 4742 598 4794 179.
617 4732 664 4781 sol.
683 4731 744 4794 398.
1007 4730 1029 4796 ⁴)
1048 4734 1161 4782 Dorum.
1184 4744 1240 4796 107.
1261 4732 1308 4782 sol.
1329 4734 1388 4797 267,
1409 4736 1468 4786 268.

363 4806 385 4873 ⁶)
404 4812 472 4860 Doc.
494 4823 525 4861 12
544 4811 591 4861 iol.
611 4825 654 4875 29.
1003 4811 1025 4881 ⁸)
1044 4815 1111 4863 Doc.
1131 4825 1174 4874 31.
1195 4813 1241 4866 sol.
1262 4825 1304 4879 74,
1324 4825 1367 4878 75.
