3559 5734
786 551 844 605 aa]
884 551 937 607 376
976 550 1034 604 5³*

270 694 407 759 cionem
434 696 521 758 fumi
545 695 673 759 referri
697 695 895 777 videantur,
919 717 1012 761 neve
1029 698 1229 760 mercedem
1244 697 1445 780 imperfecti
1469 720 1555 781 ope·

269 802 318 865 ris
346 813 588 882 antevertam,
626 803 687 865 illa
719 802 859 866 silentio
889 805 1130 884 pretereunda
1165 825 1244 868 esse
1275 807 1408 887 putavi.
1464 807 1556 870 Tam

270 910 448 993 profunda
473 921 526 972 est
550 911 667 973 adhuc
693 930 814 973 eorum
839 910 992 973 caecitas
1016 912 1145 992 quibus
1177 912 1373 975 Autoribus
1405 914 1556 977 odiosis·

271 1018 358 1081 sime
383 1016 594 1098 impetimur,
619 1025 658 1079 ut
682 1028 860 1098 nequeant
891 1038 1053 1097 cernere,
1085 1038 1189 1100 quam
1217 1021 1358 1083 mallem
1392 1033 1557 1085 errantes

271 1125 540 1188 mansuetudine
565 1124 878 1206 placabilitateque
912 1125 958 1186 ad
991 1137 1124 1188 rectam
1154 1127 1276 1189 reduci
1309 1135 1345 1189 et
1379 1127 1557 1210 pudefieri

270 1253 375 1315 quam
401 1232 501 1294 exuri
527 1231 719 1312 ultimoque
745 1229 840 1294 affici
864 1231 1050 1312 supplicio
1103 1231 1236 1298 Verum
1271 1244 1431 1315 tempora
1463 1236 1557 1298 haec

270 1343 362 1404 adeo
399 1348 480 1402 sunt
515 1339 657 1418 viciata,
692 1341 783 1401 adeo
821 1338 951 1421 perditi
988 1339 1185 1402 mortalium
1221 1361 1353 1420 mores,
1390 1352 1425 1404 et
1460 1345 1556 1406 adeo

269 1456 503 1529 praepostera
532 1444 682 1521 iudicia,
707 1457 745 1506 ut
773 1445 833 1507 ubi
857 1466 963 1527 quern
987 1445 1132 1527 impium
1156 1467 1273 1509 noxae
1298 1447 1456 1526 dederis,
1481 1470 1551 1530 pro

270 1556 362 1618 iusto
386 1553 502 1615 iudice
526 1551 650 1615 sitiens
674 1552 816 1615 humani
840 1552 976 1614 cruoris
1007 1553 1173 1615 habearis
1208 1553 1406 1636 Tyrannus.
1454 1556 1557 1636 Quos

272 1671 388 1724 autem
413 1662 583 1722 tumultus
608 1660 781 1740 pervicax
804 1659 866 1721 illa
890 1669 989 1721 secta
1004 1659 1179 1740 genuerit,
1203 1681 1269 1741 pro
1285 1661 1413 1743 quibus
1429 1664 1556 1727 sedan-

272 1770 327 1832 dis
351 1767 434 1831 mihi
458 1766 578 1847 magni
603 1776 762 1847 sumptus
786 1765 871 1827 sacti
896 1776 986 1845 sunt,
1012 1786 1057 1828 ne
1080 1765 1226 1830 fastidio
1251 1768 1316 1830 sim
1332 1768 1555 1833 Beatitudini

274 1876 443 1955 Vestrae,
477 1894 542 1936 ceu
572 1873 713 1954 privata
736 1893 815 1935 mea
847 1872 993 1954 negotia
1027 1874 1243 1956 ingerendo,
1276 1895 1556 1940 commemorare

273 1981 467 2064 supersedi.
520 1979 634 2061 Quam
665 2000 752 2041 vero
785 1980 1022 2042 conveniebat
1055 1982 1228 2045 eiusmodi
1257 1997 1417 2067 sumptus
1448 1986 1555 2065 verti,

271 2111 338 2172 pro
362 2087 602 2151 sustentandis
626 2086 748 2169 copiis,
773 2107 861 2167 quas
885 2086 954 2150 iam
972 2108 1072 2169 paro,
1096 2099 1134 2151 ut
1158 2091 1321 2171 proximo
1346 2113 1431 2156 vere
1455 2091 1555 2156 Chri·

273 2196 377 2262 stiani
402 2195 553 2259 nominis
581 2196 719 2257 hostem
744 2195 895 2257 Turcam
926 2215 1067 2258 arceam
1098 2217 1119 2258 a
1150 2196 1279 2260 finibus
1307 2199 1413 2279 meis,
1446 2199 1556 2263 immo

272 2305 383 2389 ipsius
411 2301 626 2366 Germaniae
657 2301 791 2381 medio,
823 2322 902 2364 cum
932 2302 1121 2384 superatis,
1153 2305 1246 2385 quod
1277 2306 1374 2369 Deus
1402 2317 1556 2387 avertat,

272 2413 402 2476 finibus
426 2409 532 2486 meis,
556 2429 628 2471 non
652 2409 700 2470 ita
724 2411 870 2471 multum
894 2409 1137 2491 impedimenti
1161 2422 1347 2493 expectet,
1378 2413 1461 2494 quin
1493 2435 1556 2475 ex-

273 2529 392 2582 currat
415 2517 451 2579 in
468 2515 693 2579 Vindelicum
710 2518 849 2596 Agrum
866 2525 902 2578 et
921 2515 1025 2578 latius
1043 2517 1148 2579 etiam
1172 2536 1238 2598 pro
1262 2518 1419 2584 libidine.
1467 2520 1556 2584 Pro·

274 2627 356 2689 inde
380 2623 548 2703 cumini,
580 2642 728 2704 quorum
753 2623 909 2684 nondum
933 2624 1035 2685 ardet
1057 2624 1191 2705 paries,
1227 2645 1351 2705 parum
1375 2626 1490 2708 cordi,
1514 2636 1558 2691 ut

273 2734 368 2816 quod
392 2752 450 2794 res
474 2741 528 2793 est
544 2729 669 2806 dicam,
685 2727 862 2810 accipiant
883 2731 986 2806 mala,
1011 2750 1103 2811 quae
1120 2731 1204 2793 mihi
1221 2733 1441 2815 subditisque
1465 2734 1557 2798 meis

203 2825 206 2830 ’
273 2863 294 2904 a
310 2838 529 2903 ferocissima
544 2836 601 2898 illa
621 2845 741 2919 gente,
767 2836 811 2897 de
828 2834 956 2916 quibus
979 2857 1092 2918 nuper
1108 2838 1370 2902 Beatitudinem
1387 2839 1555 2904 Vestram

273 2945 459 3023 admonui,
493 2955 528 3007 et
557 2943 626 3004 iam
652 2942 769 3004 denuo
794 2962 872 3004 eum
897 2943 1213 3008 Reverendissimo
1238 2945 1390 3010 Domino
1414 2946 1555 3030 Legato

272 3055 385 3116 verba
424 3050 513 3131 feci,
560 3059 738 3131 percepta¹
771 3050 933 3112 luctuosa
976 3049 1185 3113 Calamitate
1228 3051 1384 3116 universi
1424 3054 1555 3136 Populi

274 3158 445 3239 Croatici,
478 3157 555 3238 Ego
588 3176 674 3219 vero
705 3156 775 3218 iarn
805 3167 911 3218 antea
947 3156 1032 3217 satis
1065 3167 1235 3238 expertus
1266 3158 1349 3240 sim,
1385 3159 1556 3243 hisceque

273 3267 386 3331 oculis
417 3263 565 3326 viderim
596 3283 701 3344 quam
733 3262 864 3344 frigide
892 3263 1074 3344 expeditio
1106 3263 1167 3326 illa
1190 3264 1341 3330 Turcica
1376 3269 1557 3347 generalis

273 3375 460 3457 procedat,
493 3372 588 3452 quod
613 3371 873 3433 transscribunt
896 3370 1102 3433 Monarchis
1126 3370 1316 3435 Christiani
1341 3374 1438 3437 orbis
1461 3375 1556 3437 inter

273 3503 311 3546 se
336 3479 469 3543 insanis
494 3478 596 3559 odiis,
620 3488 656 3540 et
679 3477 782 3540 bellis
807 3478 1118 3559 tumultuantibus,
1143 3488 1322 3542 extremus
1346 3482 1448 3544 labor
1469 3482 1556 3544 mihi

273 3589 465 3652 tentandus
490 3595 543 3646 est
576 3584 622 3645 ad
651 3585 851 3666 proximum
883 3604 962 3664 ver,
998 3594 1034 3647 et
1065 3606 1135 3647 non
1164 3588 1276 3648 solum
1308 3587 1437 3668 opibus
1467 3587 1556 3652 meis

273 3715 365 3778 quae
380 3694 530 3757 ferenda
547 3700 646 3754 tanta
662 3692 745 3753 moli
762 3689 916 3772 impares
933 3692 1042 3754 multo
1067 3690 1220 3754 maxime
1244 3703 1336 3771 sunt,
1361 3694 1424 3757 sed
1449 3694 1557 3758 etiam

273 3800 455 3886 quibusvis
485 3798 563 3861 aliis
599 3798 820 3860 subsidiariis
854 3798 1008 3880 viribus,
1044 3789 1131 3879 quas
1169 3811 1348 3881 utcunque
1383 3804 1557 3866 contraho

273 3921 372 3973 tanta
396 3906 481 3971 belli
505 3905 714 3987 peragenda
739 3916 792 3968 est
815 3904 967 3970 fortuna.
1016 3904 1121 3986 Quod
1138 3914 1255 3968 autem
1273 3905 1451 3972 Sanctitas
1467 3899 1555 3972 Ves-

272 4030 327 4080 tra
350 4037 416 4099 pro
441 4034 505 4076 suo
522 4023 673 4096 paterno
690 4032 810 4076 amore
828 4013 913 4075 mihi
929 4022 1108 4094 tamquam
1131 4013 1205 4075 filio
1230 4013 1555 4079 incommoditatem

273 4121 505 4187 Pontificatus
529 4121 598 4200 sui,
623 4140 749 4202 meque
774 4121 870 4182 dicta
894 4141 958 4182 sua
982 4121 1017 4182 in
1041 4123 1131 4183 hane
1155 4132 1293 4203 partem
1319 4123 1416 4184 velut
1449 4142 1470 4183 a
1492 4141 1555 4202 pa·

273 4239 372 4294 rente
397 4228 563 4309 accipere
589 4225 761 4305 confidat,
791 4248 862 4289 non
893 4234 979 4290 eam'
995 4226 1095 4289 fallet
1118 4226 1206 4290 haec
1236 4228 1356 4309 opinio
1387 4247 1553 4309 unquam.

272 4337 410 4418 Elugeo
446 4332 605 4416 graviter
639 4342 710 4396 tam
746 4333 969 4396 incommoda
1000 4333 1193 4415 vectigalia
1226 4355 1304 4397 esse
1335 4333 1555 4397 Beatitudini

273 4445 434 4523 Vestrae,
466 4441 566 4504 cuius
602 4440 734 4520 alioqui
769 4440 1018 4503 Pontificatum
1053 4441 1170 4502 multis
1204 4442 1357 4503 evehere
1390 4439 1555 4505 laudibus

272 4571 412 4634 possem
437 4568 540 4631 quem
564 4557 603 4608 ut
630 4547 772 4628 parcius
805 4548 920 4610 dicam
957 4547 1158 4610 Christiano
1189 4546 1266 4610 orbi
1297 4547 1451 4611 faustum
1474 4547 1555 4612 fore

271 4658 395 4737 video,
432 4654 575 4717 meliore
612 4654 816 4717 accessione
847 4655 882 4718 in
915 4654 991 4718 dies
1027 4655 1140 4737 magis
1175 4665 1293 4718 tantas
1323 4653 1555 4720 difficultates

272 4784 354 4828 suas
377 4770 598 4843 superatura.
646 4761 701 4824 De
730 4759 881 4824 fortunis
911 4760 998 4824 meis
1029 4760 1151 4824 recisis
1183 4781 1255 4824 non
1286 4772 1340 4825 est
1370 4760 1454 4843 quid
1482 4781 1555 4825 am·

271 4871 364 4955 plius
388 4870 527 4949 addam,
553 4887 640 4951 quas
657 4888 725 4930 non
745 4870 859 4929 solum
884 4888 951 4948 par
975 4867 1168 4931 necessitas
1183 4867 1379 4951 quotidiani
1393 4880 1556 4951 sumptus
