3559 5734
638 547 926 601 ’θ’ὓὸΊΕΡή

168 693 291 755 stianis
325 715 403 756 esse
436 695 482 755 ad
515 714 618 774 quem
644 692 758 773 magis
782 713 886 775 quam
913 695 958 755 ad
983 691 1228 756 celsitudinem
1254 703 1351 755 tuam
1376 712 1453 773 per·

165 800 278 863 tineat
310 799 494 863 nobiscum
526 821 593 882 pro
624 800 821 863 catholicae
854 799 938 863 fidei
970 800 1106 862 unitate
1134 801 1300 863 laborare
1326 819 1452 880 oppor-

166 918 323 988 tuneque
355 908 562 990 providere,
589 916 624 969 et
648 909 743 987 quod
768 915 909 971 veteres
934 906 1099 969 catholici
1125 907 1359 988 imperatores
1383 917 1455 968 tam

166 1036 185 1075 e
210 1012 367 1076 Graecia
398 1035 504 1097 quam
528 1013 698 1078 Germani
728 1034 800 1076 non
828 1015 941 1077 solum
976 1013 1083 1076 exilio
1109 1025 1144 1076 et
1168 1014 1270 1095 penis
1295 1013 1358 1076 sed
1383 1013 1455 1076 suis

165 1121 273 1184 etiarn
298 1121 546 1184 sacratissimis
579 1121 719 1203 legibus
754 1141 877 1184 omnes
902 1143 923 1183 a
948 1121 1155 1184 Catholicae
1179 1120 1363 1203 religionis
1387 1131 1454 1182 tra-

165 1228 250 1291 mite
276 1228 463 1290 deviantes
487 1230 663 1291 hereticos
688 1227 841 1310 censeri,
874 1250 916 1290 ac
942 1229 974 1291 ei
1004 1228 1184 1291 hominum
1212 1227 1336 1309 generi
1367 1227 1454 1290 nihil

164 1357 210 1397 ex
236 1335 436 1398 rationibus
462 1335 547 1399 nihil
572 1357 618 1399 ex
642 1335 784 1418 legibus
809 1356 994 1399 commune
1027 1356 1106 1398 cum
1139 1335 1307 1414 caeteris,
1340 1333 1454 1416 publi-

164 1463 318 1523 cumque
341 1444 409 1504 hoc
437 1443 567 1505 crimen
594 1464 673 1505 esse
697 1444 910 1515 deerevere;
936 1443 1019 1524 quia
1044 1444 1140 1523 quod
1163 1442 1199 1504 in
1224 1441 1454 1521 Religionem

164 1549 323 1612 divinam
348 1549 577 1613 committitur
601 1549 636 1612 in
662 1570 785 1613 omnes
810 1550 979 1612 committi
1004 1570 1045 1613 ac
1071 1549 1234 1613 omnibus
1258 1548 1384 1630 injuria
1406 1548 1453 1610 in-

164 1656 252 1719 ferri
282 1658 443 1737 videtur,
478 1667 512 1719 et
545 1678 606 1720 eos
638 1659 698 1739 qui
731 1658 816 1721 talia
847 1667 1095 1740 presumerent
1125 1656 1161 1719 in
1186 1657 1353 1719 Romano
1378 1657 1454 1718 solo

164 1765 411 1826 commorandi
435 1784 506 1827 non
532 1765 664 1827 debere
689 1766 823 1828 habere
848 1764 1074 1844 facultatem,
1108 1763 1265 1845 quinimo
1289 1763 1374 1825 nihil
1400 1764 1456 1825 his

163 1871 415 1952 reliquendum
447 1873 516 1934 loci
548 1893 627 1935 esse
661 1872 720 1953 qui
747 1872 833 1955 ipsis
858 1873 965 1935 etiam
995 1871 1180 1935 elementis
1211 1870 1373 1933 iniuriam
1405 1869 1454 1932 fa·

163 1988 306 2050 cerent;
343 1998 409 2041 nec
443 1981 555 2041 solum
585 1978 823 2042 hereticorum
847 1999 1021 2061 personas
1045 1980 1108 2041 sed
1134 1998 1254 2041 eorum
1279 1978 1389 2041 libros
1413 2000 1455 2040 ac

163 2095 395 2148 monumenta
420 2085 610 2169 persecuti,
635 2087 696 2150 illa
718 2087 862 2167 ignibus
886 2087 978 2148 tradi
996 2087 1265 2164 mandaverunt,
1291 2106 1335 2148 ne
1360 2085 1454 2147 vide·

164 2193 250 2256 licet
286 2194 378 2256 adeo
415 2193 615 2257 facinorose
650 2194 897 2276 perversitatis
932 2193 1084 2274 vestigia
1127 2203 1292 2256 extarent
1336 2195 1456 2274 aliqua

164 2301 231 2362 sed
255 2298 406 2362 flammis
430 2303 615 2363 combusta
638 2302 780 2383 penitus
806 2322 851 2363 ex
876 2300 1076 2382 hujusmodi
1101 2300 1212 2362 oculis
1235 2310 1270 2362 et
1287 2301 1456 2363 memoria

164 2408 380 2470 tollerentur
397 2428 439 2470 ac
456 2407 682 2490 immaginem
699 2408 844 2472 sceleris
857 2418 894 2470 et
906 2406 1084 2489 sacrilegii
1098 2407 1377 2488 magnitudinem
1390 2427 1456 2488 par

164 2536 263 2596 pena
294 2524 514 2596 sequeretur.
562 2515 662 2578 Haec
692 2536 756 2578 nos
781 2517 899 2578 clarae
924 2535 1114 2578 memorzae
1139 2515 1455 2596 praedecessorum

166 2636 311 2685 tuorum
334 2621 497 2685 facinora
521 2623 671 2704 egregia
694 2626 802 2705 plena
827 2622 1024 2706 sapientiae
1049 2632 1084 2685 et
1109 2642 1217 2685 verae
1233 2621 1386 2704 pietatis,
1410 2625 1454 2684 do

166 2750 319 2811 quorum
334 2730 451 2811 gloria
471 2731 568 2793 nulla
591 2751 745 2811 unquam
771 2740 870 2793 aetas
895 2729 1123 2810 conticescet,
1148 2728 1252 2791 nobis
1276 2738 1359 2790 ante
1375 2749 1454 2791 ocu-

167 2840 222 2901 los
238 2848 485 2920 proponentes
510 2859 550 2900 ac
576 2858 654 2901 cum
678 2849 739 2900 tua
763 2837 976 2901 celsitudine
1001 2836 1239 2916 conferentes,
1264 2856 1327 2917 spe
1357 2846 1455 2898 certa

168 2966 289 3008 sumus
313 2965 403 3027 quos
427 2957 463 3006 tu
489 2945 655 3008 coelestis
679 2964 767 3026 erga
791 2965 829 3008 se
853 2943 1111 3008 beneficentiae
1136 2944 1238 3008 donis
1259 2942 1374 3006 vicisti
1392 2965 1454 3006 eos

168 3053 275 3116 etiam
291 3052 425 3134 pietate
449 3054 484 3115 in
499 3053 615 3116 Deum
640 3064 675 3114 et
700 3053 794 3115 omni
819 3053 950 3115 virtute
966 3053 1017 3115 Te
1042 3060 1300 3133 superaturum.
1341 3049 1454 3130 Quem

169 3161 262 3223 enirn
290 3180 442 3241 unquam
456 3160 555 3223 Deus
579 3181 642 3222 sua
666 3159 817 3222 mirabili
841 3159 1069 3240 providentia
1093 3169 1163 3221 tam
1191 3157 1315 3220 virenti
1336 3168 1454 3220 aetate

169 3270 214 3332 ad
247 3288 420 3332 summum
450 3266 635 3350 imperium
667 3267 828 3346 vocavit,
864 3267 921 3329 cui
952 3265 1087 3349 largius
1119 3275 1154 3328 et
1185 3265 1220 3327 in
1250 3266 1386 3328 honore
1420 3275 1455 3326 et

169 3376 203 3438 in
220 3375 346 3438 iuditio
362 3374 508 3437 indulsit
523 3377 699 3456 unquam?
731 3373 844 3454 Quem
870 3373 1061 3455 majoribus
1086 3382 1121 3434 et
1145 3371 1358 3434 firmioribus
1382 3391 1453 3434 sur-

169 3503 256 3564 gere
290 3480 531 3545 fundamentis
561 3494 597 3543 et
629 3480 693 3543 nisi
727 3482 772 3543 ad
797 3481 1049 3561 amplissimam
1074 3480 1215 3542 laudem
1240 3479 1454 3559 sperandam

169 3588 300 3667 voluit,
332 3587 489 3650 accinxit
513 3598 547 3650 te
571 3600 735 3651 terrenae
766 3588 955 3669 potestatis
980 3607 1145 3669 supremo
1178 3585 1315 3667 gladi0,
1349 3606 1453 3668 quem

169 3697 303 3759 frustra
337 3695 499 3778 profecto
530 3695 667 3758 sereres
695 3697 797 3777 juxta
822 3696 924 3757 Pauli
951 3693 1117 3776 Apostoli
1151 3692 1363 3756 sententiam
1388 3690 1454 3753 nisi

169 3826 212 3866 eo
237 3814 379 3866 uterere
403 3823 482 3865 cum
506 3804 679 3865 adversus
703 3801 865 3866 infideles
890 3813 963 3864 tum
987 3813 1111 3864 contra
1128 3800 1329 3863 infidelibus
1345 3800 1454 3861 multo

170 3910 368 3974 deteriores
400 3909 610 3972 haereticos.
658 3910 736 3972 Hac
771 3930 859 3992 ergo
897 3920 978 3972 tuae
1015 3907 1277 3990 magnitudinis
1311 3928 1381 3988 qua
1418 3915 1455 3968 ut
1491 3944 1493 3947 -

169 4018 318 4099 imperio
342 4017 393 4080 ita
421 4018 554 4100 pietate
578 4038 657 4081 esse
682 4018 836 4081 maxima
867 4019 989 4098 debes,
1024 4037 1088 4098 spe
1120 4015 1213 4093 freti,
1247 4014 1383 4096 tibique
1416 4014 1451 4076 in

170 4126 375 4188 memoriam
407 4125 620 4187 reducentes
651 4126 743 4187 hanc
772 4124 920 4205 primam
946 4145 1025 4187 esse
1050 4124 1206 4185 oblatam
1232 4121 1452 4185 occasionem

171 4230 375 4295 declarandi
401 4251 504 4310 quam
530 4231 594 4293 tibi
618 4231 734 4294 unitas
759 4242 794 4294 et
819 4231 918 4312 quies
944 4230 1140 4294 catholicae
1165 4228 1339 4292 ecclesiae
1355 4228 1455 4291 cordi

172 4340 225 4419 sit,
249 4337 497 4401 celsitudinem
522 4350 619 4401 tuam
644 4342 826 4400 hortamur
850 4340 886 4400 in
904 4337 1056 4400 Domino
1083 4347 1118 4399 et
1143 4356 1208 4416 per
1232 4335 1370 4397 viscera
1395 4334 1453 4396 mi·

173 4446 387 4509 sericordiae
417 4445 487 4508 Dei
519 4446 772 4529 omnipotentis
803 4446 1014 4527 requirimus
1044 4456 1100 4524 ut,
1127 4444 1331 4507 eorumdem
1356 4463 1453 4505 more

173 4554 486 4633 praedecessorum
511 4563 650 4615 tuorum
676 4552 734 4634 qui
753 4552 928 4615 Romanis
945 4550 1177 4614 Pontificibus
1202 4552 1452 4633 praedecesso·

175 4659 267 4722 ribus
297 4659 427 4722 nostris
457 4659 493 4721 in
516 4662 624 4722 rebus
649 4660 766 4722 dubiis
790 4680 831 4721 ac
855 4658 1066 4741 periculosis
1090 4678 1230 4741 semper
1255 4659 1453 4736 astiterunt,

175 4768 260 4830 velis
284 4778 454 4848 tanquam
478 4767 644 4849 princeps
671 4768 882 4846 catholicus,
909 4777 943 4829 et
967 4768 1012 4829 de
1037 4787 1106 4848 quo
1132 4765 1249 4828 omnia
1273 4786 1364 4847 quae
1389 4786 1454 4848 per

176 4886 207 4937 te
229 4896 295 4957 pro
319 4874 404 4937 fidei
428 4875 625 4938 catholicae
650 4877 868 4938 exaltatrone
893 4872 1045 4956 prestari
1069 4884 1229 4955 possunt,
1255 4872 1357 4935 nobis
1373 4893 1452 4955 pro·
