3559 5734
1674 536 1792 590 0-<3
1869 530 1976 591 300
2054 535 2169 590 8>-0

646 679 900 742 [ln-irati
965 680 1259 742 nuncios
1307 680 1765 762 persequutio
1815 678 2190 764 suscitata,
2263 691 2336 744 te
2384 682 2565 744 duce
2633 688 2705 744 et
2752 692 3041 745 auctore
3091 695 3207 744 ex-

646 790 1006 863 tinguatur
1054 795 1124 848 et
1174 786 1591 868 eliminetur,
1640 797 1716 850 ut
1764 796 1887 851 tua
1926 797 2311 869 nostraque
2357 782 2745 852 communis
2779 786 3207 852 Germaniae

646 896 1023 955 fflwundum
1074 909 1358 956 carnem
1407 892 1640 976 patria
1695 895 1761 957 in
1818 913 2017 958 suurn
2067 897 2519 977 splendorem
2570 894 2751 959 tituli
2798 910 3207 980 propugna-

646 1002 858 1062 ti=zmis
888 1000 1147 1063 Christi
1196 1000 1363 1063 fidei
1413 1002 1479 1064 in
1531 1012 1685 1064 toto·
1731 1004 1906 1065 orbe
1952 1004 2383 1083 restituatur,
2433 1014 2509 1065 ut
2538 1013 2610 1065 te
2640 1025 2889 1067 vocem
2922 998 3208 1067 Domini

650 1122 1097 1189 marramque
1166 1118 1237 1171 et
1299 1109 1506 1171 huius
1575 1107 1885 1173 Sanctae
1935 1107 2143 1173 Sedis
2210 1110 2566 1173 audivisse
2636 1119 2901 1193 tuoque
2969 1110 3208 1173 officio

646 1228 810 1294 {qum
870 1214 1147 1278 Christo
1216 1215 1503 1297 teneris)
1569 1227 1734 1279 tuae
1800 1214 2077 1297 virtuti,
2148 1226 2270 1280 tuo
2339 1227 2410 1279 et
2475 1215 2900 1280 Germaniae
2967 1213 3211 1281 decori

652 1338 1076 1403 timu-aeque
1139 1324 1622 1403 expectationi
1686 1333 1757 1386 et
1817 1318 2145 1405 religioni
2195 1323 2621 1387 christianae
2683 1324 3210 1406 promptissime

646 1429 1259 1510 {quemadmodum
1311 1429 1455 1491 tale
1503 1423 1905 1493 incendium
1957 1428 2206 1514 exigit)
2255 1451 2339 1493 ac
2373 1427 2702 1495 astrictus
2733 1451 2831 1512 eS,
2881 1447 3039 1494 cum
3072 1430 3211 1493 Dei

646 1562 726 1598 ru:
782 1536 1277 1599 benedictione
1308 1546 1552 1600 nostra
1584 1536 2043 1617 consuluisse,
2094 1533 2407 1601 remedia
2441 1538 2873 1619 adhibuisse,
2924 1559 3006 1601 ac
3040 1538 3212 1600 talia

650 1646 905 1706 indicia
951 1663 1084 1724 pro
1111 1643 1390 1706 Christo
1440 1655 1510 1706 et
1545 1644 1694 1708 eius
1741 1641 1903 1726 fide,
1954 1666 2083 1728 pro
2120 1642 2430 1709 umversi
2474 1646 2723 1723 salute,
2769 1652 3013 1708 nostra
3042 1658 3204 1726 quo-

650 1774 782 1830 [μμε
822 1750 1330 1813 intercessione
1372 1751 1812 1832 praestitisse
1848 1770 2362 1836 cognoscamus
2411 1763 2481 1815 et
2511 1767 2757 1816 omnes
2785 1752 3211 1835 intelligant,

650 1874 714 1918 aet
770 1858 1359 1938 quemadmodum
1410 1859 1897 1923 charissimum
1944 1859 2015 1922 in
2063 1860 2341 1924 Christo
2391 1857 2608 1922 filium
2656 1869 2971 1922 nostrum
3003 1859 3209 1923 Caro-

650 1970 786 2026 lmn
842 1966 1329 2028 Romanorum
1391 1966 1676 2048 Regem
1737 1967 1810 2030 in
1861 1967 2371 2049 Imperatorem
2436 1969 2772 2047 electum,
2844 1967 2913 2030 in
2980 1965 3209 2030 novis-

654 2078 826 2134 simu
875 2083 1228 2136 conventu
1278 2071 1721 2137 Wormatiae
1786 2095 1877 2136 ex
1926 2092 2052 2137 suo
2102 2074 2466 2138 Ecclesiae
2517 2074 2652 2136 Dei
2720 2066 3211 2137 advocationis

646 2182 882 2242 officio
931 2199 1071 2261 quo
1119 2191 1195 2241 tu
1243 2201 1429 2243 nunc
1488 2181 1559 2242 in
1610 2176 1996 2244 Germania
2057 2199 2188 2264 pro
2244 2176 2622 2246 Maiestate
2670 2200 2796 2245 sua
2856 2181 3202 2264 fungeriS,

650 2302 896 2350 muira
969 2286 1359 2367 iniquitatis
1422 2285 1640 2351 filium
1707 2285 2089 2351 Martinum
2158 2289 2570 2352 Lutherium
2643 2289 3213 2353 haeresiarcham

650 2410 1001 2455 tantorum
1049 2395 1392 2456 malorum
1440 2404 1653 2476 caput
1702 2393 2053 2458 catholice
2100 2393 2357 2458 fecisse
2387 2392 2786 2477 meministi,
2835 2388 3216 2460 Salvatore

654 2514 913 2580 namt-o,
963 2499 1153 2581 apud
1203 2520 1412 2581 quem
1462 2499 1726 2564 nullum
1773 2504 2039 2565 bonum
2088 2503 2239 2565 sine
2285 2501 2605 2583 praemio
2656 2512 2785 2583 est,
2833 2519 3043 2585 quem
3082 2498 3216 2566 tibi

650 2610 714 2670 in
770 2607 1039 2670 [unctis
1086 2607 1479 2690 propicium
1530 2609 1790 2671 redde-s
1839 2618 1910 2671 te
1960 2617 2394 2692 cunctosque
2443 2624 2733 2691 gressus
2775 2621 2935 2673 tuos
2981 2609 3220 2694 gloria

654 2738 730 2774 m:-
802 2715 1024 2778 ffllute
1072 2724 1194 2776 tua
1258 2710 1351 2777 ob
1398 2716 1542 2778 tale
1591 2715 1914 2778 meritum
1961 2725 2155 2778 tuum
2222 2736 2349 2779 sua
2397 2717 2631 2799 gratia
2677 2717 2993 2799 benigne
3055 2738 3217 2799 pro·

654 2850 698 2882 fs*
718 2850 742 2878 ιι
762 2831 1005 2902 illatur-

1850 3159 1978 3224 130

1396 3275 1619 3377 Epist.
1676 3276 1917 3356 Lunni
1975 3212 2056 3356 de
2113 3268 2467 3360 VeIthein.

1544 3424 1712 3494 (Aeta
1746 3423 2017 3483 Wornao.
2062 3424 2152 3484 iol.
2192 3425 2321 3496 nu.)

1650 3540 1722 3611 (1.
1764 3545 1996 3608 Augusti
2041 3543 2215 3612 15²3·)

842 3670 909 3733 S.
960 3668 1048 3732 D.
1098 3667 1437 3731 Pervenit
1486 3669 1577 3730 ad
1625 3687 1755 3730 nos
1813 3681 2040 3750 nuper
2088 3669 2254 3730 dum
2301 3668 2533 3732 Hallis
2581 3685 2976 3750 ageremuS,
3028 3670 3220 3735 Rev.

674 3778 900 3857 liner,
951 3777 1354 3857 exemplum
1403 3775 1795 3838 litterarum
1844 3777 2283 3857 quarundam
2333 3777 2422 3838 ad
2472 3777 2693 3839 instar
2747 3775 3001 3839 Brevis
3050 3796 3214 3859 apo·

666 3884 915 3956 ate-lici,
964 3892 1039 3945 ut
1088 3885 1478 3964 appellant,
1530 3884 1619 3945 ad
1686 3882 2031 3944 illustrem
2078 3883 2514 3945 Fridericum
2565 3882 2924 3947 Saxoniae
2973 3882 3221 3967 Regu-

670 3994 826 4070 lum,
874 3990 1150 4052 Misnae
1200 4000 1414 4071 atque
1462 3988 1901 4072 Thyringiae
1950 3990 2347 4073 principem
2396 4011 2438 4053 a
2487 3989 2558 4053 S.
2609 3991 2696 4055 D.
2732 3990 2816 4055 N.
2850 3991 3225 4055 Hadriano

674 4102 754 4158 *sl
815 4102 1020 4159 Font.
1069 4097 1263 4159 Max.
1314 4098 1724 4178 demissum,
1788 4098 1979 4178 quod
2042 4107 2284 4159 nostro
2346 4094 2594 4160 iuditio
2657 4098 2828 4161 satis
2890 4108 3224 4162 accurate

666 4210 1013 4285 al·;„=·.·ieque
1040 4203 1515 4285 conscriptum
1541 4203 1812 4277 fuerat;
1863 4220 2104 4266 verum
2133 4204 2506 4267 Romanae
2551 4205 2804 4268 Curiae
2836 4206 3071 4269 stilum
3116 4226 3226 4268 re-

666 4314 957 4374 dolebat
1004 4311 1308 4374 minime.
1405 4310 1606 4391 Quae
1654 4331 1768 4373 res
1815 4330 2069 4374 revera
2119 4331 2256 4373 non
2309 4328 2556 4393 parum
2605 4312 2849 4393 nobis,
2909 4313 3030 4394 qui
3075 4322 3227 4376 tum

670 4422 866 4478 simul
920 4439 1198 4482 eramus
1247 4429 1320 4480 et
1368 4417 1580 4480 Curia
1628 4418 1871 4480 nutriti
1917 4436 2211 4482 romana
2260 4428 2331 4482 et
2363 4418 2650 4502 gemina
2697 4417 3016 4482 Saxonia
3063 4432 3224 4501 pro-

666 4526 893 4607 fflmti,
944 4525 1254 4607 stuporis
1304 4535 1516 4606 atque
1566 4525 1859 4588 meroris
1907 4528 2259 4589 attulerat.
2371 4523 2698 4607 Stuporis
2740 4525 3057 4607 inquam;
3107 4545 3225 4588 ve-

674 4638 1040 4696 hf=111enter
1089 4652 1393 4713 namque
1443 4632 1936 4695 addubitatum
1997 4643 2103 4696 est
2163 4642 2240 4696 ut
2286 4636 2400 4696 vel
2463 4633 2746 4696 litterae
2805 4632 2971 4695 illae
3033 4634 3227 4698 adul·

670 4742 938 4803 tau-inae
985 4758 1116 4820 pro
1153 4738 1521 4819 legittimis
1569 4738 1775 4801 nobis
1808 4739 2214 4822 offerentur,
2248 4742 2364 4803 vel
2413 4741 2603 4822 quod
2651 4740 2986 4803 Romana
3015 4738 3229 4802 Curia

666 4858 946 4926 [nuta-ter
1008 4866 1275 4910 morem
1349 4846 1420 4909 in
1496 4848 1630 4909 hoc
1694 4847 1986 4928 negotio
2051 4848 2499 4911 commutarit
2564 4848 2819 4911 stilum.
2924 4846 3229 4912 Oramus
