3559 5734
747 514 993 579 &cmlii-⁶

209 674 299 736 altro
322 669 491 749 remedio,
515 668 672 732 secondo
697 670 815 752 quello
839 690 953 752 pocco
978 672 1044 733 che
1067 671 1115 733 ho
1139 682 1287 753 possuto
1309 692 1489 757 compren-

209 781 295 842 dere
327 797 394 861 per
424 774 649 858 experientia
678 795 798 839 essere
832 778 1034 841 necessario
1065 780 1135 842 alla
1159 782 1246 843 total
1271 782 1488 865 extirpation

211 887 245 950 di
270 895 396 968 questa
419 883 569 964 heresia,
604 885 699 946 della
723 884 804 965 qual
830 886 966 947 anchor
990 886 1055 948 che
1084 885 1218 949 restino
1242 908 1307 969 per
1331 889 1416 969 ogni
1440 891 1487 952 lu-

209 1014 275 1057 oco
299 993 451 1074 qualche
474 990 623 1072 reliquie
646 989 707 1072 piri
731 1010 797 1072 per
820 990 842 1053 l’
856 990 939 1053 odio
965 991 1000 1054 di
1023 991 1143 1055 Roma
1167 1002 1203 1056 et
1226 995 1285 1058 del
1300 997 1397 1058 clero
1422 998 1488 1061 che

209 1080 280 1183 per⁸
296 1097 529 1180 favoreggiar
552 1118 573 1159 a
596 1097 740 1177 Luther,
766 1097 982 1160 nondimeno
1006 1098 1091 1179 ogni
1116 1101 1151 1162 dl
1175 1101 1236 1182 pici
1261 1102 1291 1164 si
1316 1103 1488 1187 extingue

208 1226 274 1289 per
303 1208 338 1268 la
367 1203 484 1288 gratia
515 1204 560 1267 de
584 1203 654 1267 Dio
686 1205 818 1286 perche
850 1205 886 1268 in
919 1224 1007 1267 vero
1032 1224 1102 1268 non
1127 1206 1146 1269 e
1170 1207 1318 1289 possibil
1342 1210 1489 1275 resistet

209 1314 267 1379 all'
291 1311 461 1377 auttoritit
484 1311 682 1394 apostolica
706 1322 741 1375 et
765 1332 912 1376 cesarea
942 1311 1040 1376 unite
1069 1311 1216 1378 insieme
1239 1317 1426 1396 presertim
1450 1318 1486 1381 in

208 1441 316 1486 causa
338 1429 411 1483 tam
434 1429 568 1483 sancta.

297 1526 421 1609 Hoggi
444 1527 491 1589 ho
515 1525 631 1589 inteso
647 1544 745 1589 esser
769 1524 925 1588 arrivato
948 1545 1019 1589 uno
1041 1527 1148 1590 homo
1171 1530 1340 1592 mandato
1365 1531 1424 1594 dal
1446 1553 1486 1596 re

209 1635 245 1699 di
262 1635 471 1717 Portugallo
497 1653 562 1695 con
588 1634 714 1695 lettere
739 1632 796 1694 all'
821 1632 1015 1714 imperator
1039 1641 1075 1696 et
1098 1634 1122 1696 li
1145 1635 1296 1717 principi
1322 1636 1403 1700 dell’
1421 1638 1484 1701 Im-

207 1743 307 1826 perio
332 1750 456 1805 contra
480 1752 606 1823 questa
628 1739 778 1803 heresia.
825 1739 864 1802 Io
881 1742 994 1820 perhd
1019 1761 1089 1803 non
1114 1741 1135 1804 l'
1149 1743 1196 1804 ho
1220 1763 1329 1806 ancor
1352 1744 1484 1808 veduto

205 1851 338 1933 perche
362 1848 421 1932 gia
445 1856 499 1910 tre
523 1844 559 1909 di
582 1845 686 1909 stomi
709 1845 746 1909 in
770 1866 854 1909 casa
878 1867 900 1908 a
922 1845 978 1908 far
994 1846 1196 1928 imprimere
1219 1848 1244 1911 li
1268 1851 1425 1913 mandati
1448 1851 1484 1915 in

206 1956 420 2038 fiammengo
452 1962 488 2017 et
521 1953 683 2016 francese
708 1961 744 2015 et
773 1951 829 2015 far
858 1952 993 2015 scriver
1021 1952 1161 2015 diverse
1184 1955 1425 2020 substitutioni
1450 1958 1486 2023 di

206 2064 316 2145 quelli
340 2064 406 2125 che
429 2063 523 2124 lasso
547 2079 613 2141 per
635 2061 803 2123 absolvet
827 2060 936 2141 quelli
959 2061 1025 2123 che
1048 2080 1226 2123 verranno
1248 2082 1270 2124 a
1286 2064 1485 2145 penitentia

204 2191 273 2253 per
294 2171 407 2233 haver
429 2167 507 2231 letti
529 2166 554 2228 li
578 2166 660 2230 libri
684 2166 720 2229 di
743 2167 877 2230 Luther
910 2187 932 2229 o
961 2168 1148 2249 prestatoli
1180 2168 1299 2249 favor,
1332 2182 1367 2233 et
1397 2174 1485 2254 perd

204 2297 293 2340 sono
317 2276 444 2339 irretiti
467 2274 503 2338 in
527 2294 675 2338 censure
700 2274 909 2356 gravissime
927 2286 962 2336 et
977 2295 1065 2338 sono
1081 2287 1179 2339 certo
1195 2276 1229 2338 in
1248 2279 1484 2358 grandissimo

205 2404 370 2457 numero;
394 2402 500 2464 spero
525 2383 652 2444 deman
678 2401 775 2444 esser
799 2403 864 2445 con
891 2383 990 2445 detto
1014 2385 1120 2445 homo
1145 2383 1189 2446 de
1202 2384 1424 2468 Portuga110,
1449 2398 1485 2450 et

204 2491 234 2554 si
271 2488 475 2572 besognara
512 2487 568 2551 far
605 2490 732 2551 alcuna
769 2508 870 2570 cosa,
910 2488 939 2550 si
973 2488 1060 2551 dard
1093 2490 1214 2552 debita
1244 2492 1483 2573 expeditione.

205 2598 249 2663 A.
275 2597 318 2661 V.
344 2595 382 2659 S.
406 2597 507 2659 lllma
529 2597 618 2658 baso
643 2596 677 2658 le
701 2595 806 2658 mani.

805 3067 879 3131 111.

568 3184 895 3268 vicecancellarius
923 3183 1110 3267 llecndro.

638 3331 781 3401 marma
800 3330 927 3389 &maa
946 3330 978 3388 Ιι.
996 3329 1048 3400 li.)

712 3446 766 3518 (27.
786 3449 852 3514 Julii
874 3447 962 3517 1521.)

291 3575 454 3639 Havemo
477 3575 513 3636 la
536 3581 657 3637 vostra
681 3573 726 3637 de
750 3572 806 3636 IX
831 3573 888 3635 del
913 3572 1013 3636 Mese
1038 3575 1094 3636 col
1118 3574 1209 3637 libro
1234 3585 1357 3639 contro
1374 3576 1481 3641 Frate

202 3681 404 3745 Ambrosio
453 3679 496 3743 N.
522 3676 558 3743 S.
592 3679 800 3742 commenda
823 3680 858 3741 in
893 3689 984 3742 tutto
1015 3679 1040 3742 il
1064 3680 1194 3761 studio,
1235 3682 1421 3764 diligentia
1446 3661 1500 3749 et*

200 3809 315 3871 opera
337 3797 459 3851 vostra
484 3807 583 3850 come
607 3790 653 3850 ha
676 3787 766 3850 fatto
791 3808 942 3869 sempre.
988 3787 1035 3849 Vi
1059 3787 1088 3850 si
1105 3790 1282 3853 mandano
1307 3791 1376 3853 due
1400 3792 1480 3854 altri

199 3894 283 3958 libri
307 3896 342 3958 di
367 3895 459 3958 frate
483 3893 674 3958 Ambrosio
699 3913 799 3956 come
824 3892 1002 3971 chiedete,
1032 3902 1067 3955 et
1091 3896 1209 3975 quello
1232 3897 1362 3960 havete
1386 3917 1479 3959 man·

199 4005 285 4066 dato
309 4001 339 4065 si
364 4002 382 4064 ὲ
408 4002 492 4063 dato
516 4021 537 4062 a
561 3999 619 4065 lui.
667 4001 903 4062 Perseverate
919 3998 1119 4063 virilmente
1143 4005 1299 4065 secundo
1324 4004 1358 4066 lo
1382 4004 1478 4066 insti-

199 4119 276 4171 tuto
299 4118 422 4172 vostro
446 4107 493 4169 fin
519 4107 585 4170 che
609 4115 701 4170 state
726 4106 761 4168 di
785 4105 820 4168 la
843 4104 879 4167 di
904 4105 1064 4187 extirpar
1092 4106 1126 4169 in
1152 4118 1242 4171 tutto
1268 4112 1386 4191 quella
1409 4132 1478 4172 ma-

199 4216 336 4279 ledetta
360 4214 494 4278 zizania
518 4213 616 4277 accio
641 4212 797 4295 possiate
815 4212 990 4294 riportare
1006 4210 1041 4273 in
1059 4234 1129 4295 qua
1145 4215 1260 4278 solida
1277 4216 1321 4279 ed
1337 4218 1476 4297 integra

200 4322 352 4387 vittoria.
400 4322 446 4384 Et
478 4324 570 4384 bene
602 4322 729 4382 valete.
777 4319 980 4381 Florentiae
1005 4318 1156 4382 XXVII
1184 4322 1267 4402 Julii
1295 4323 1477 4390 MDXXI.

735 4620 941 4633 W
