3559 5734
838 524 1086 592 emeat&

320 689 386 747 tur.
433 678 651 748 Gravamina
685 684 838 769 denique
862 692 1027 758 Nationis
1049 692 1285 759 Germanicae
1315 713 1381 776 per
1404 693 1602 777 Principes,

321 798 356 851 et
380 786 503 852 Status
533 793 735 856 saeculares
767 806 893 861 contra
924 798 1056 866 Sedem
1081 800 1326 882 Apostolicam
1357 800 1392 863 in
1424 811 1601 865 conventu

318 894 483 977 proximo
506 897 685 981 imperiali
709 901 765 964 hic
790 905 990 986 celebrato,
1022 908 1182 972 similiter
1205 919 1241 971 et
1264 907 1474 990 gravamina
1502 929 1599 973 secu·

320 1002 444 1067 larium
470 1015 593 1068 contra
617 1006 887 1076 Ecclesiasticos
911 1014 1114 1098 designata,
1146 1014 1355 1078 consiliariis
1379 1024 1415 1078 et
1438 1016 1602 1096 personis

318 1130 385 1191 per
408 1111 594 1194 Principes
619 1114 815 1198 Electores,
840 1119 1027 1204 Principes
1051 1130 1087 1186 et
1111 1120 1233 1186 Status
1256 1123 1325 1203 ita,
1350 1131 1388 1185 ut
1411 1122 1601 1205 prefertur,

319 1218 544 1298 deputandos
569 1223 614 1284 ad
630 1223 904 1291 examinandum
929 1238 965 1292 et
983 1232 1254 1294 consultandum
1271 1230 1440 1294 committi
1456 1233 1602 1313 debent,

318 1333 357 1387 ut
381 1345 425 1388 ea
447 1328 614 1391 studeant
644 1331 738 1394 omni
762 1334 952 1399 sedulitate
976 1345 1012 1399 et
1036 1336 1223 1420 diligentia
1255 1336 1475 1419 ponderare,
1509 1338 1598 1401 revi-

318 1432 423 1512 dere,
455 1442 491 1496 et
514 1455 639 1499 sanum
662 1439 845 1504 consilium
870 1463 971 1508 suum
1000 1464 1070 1526 quo
1093 1453 1200 1527 pacto
1225 1445 1271 1507 ad
1295 1444 1501 1508 tolerabiles
1523 1443 1601 1508 vias

318 1538 447 1603 deduci
470 1542 610 1624 possint
633 1544 668 1607 in
686 1547 851 1627 proximo
873 1550 1049 1615 communi
1065 1559 1244 1615 conventu
1258 1550 1447 1633 Imperiali.
1487 1550 1600 1615 Nobis

317 1648 377 1710 vel
407 1648 678 1715 Locumtenenti
709 1665 831 1719 nostro
863 1657 1091 1741 Principibus
1122 1679 1263 1741 quoque
1286 1658 1528 1740 Electoribus,
1564 1667 1601 1722 et

318 1754 468 1818 statibus
491 1755 676 1840 impartiri,
701 1763 868 1846 quodque
893 1764 1022 1830 deinde
1037 1766 1073 1830 in
1097 1764 1278 1848 premissis
1293 1786 1346 1845 ea,
1371 1785 1462 1848 quae
1478 1786 1599 1830 neces·

317 1861 411 1926 saria
442 1871 479 1927 et
502 1874 679 1948 oportuna
702 1868 780 1932 visa
810 1864 945 1934 fuerint
967 1871 1159 1937 deliberari
1189 1882 1225 1936 et
1255 1872 1420 1935 concludi
1450 1872 1598 1956 possint.

316 1969 373 2032 Ex
397 1971 545 2053 speciali
569 1974 816 2042 commissione
840 1975 942 2041 Sacri
958 1979 1116 2042 Romani
1139 1979 1283 2064 Imperii
1306 1987 1459 2043 statuum
1474 1978 1597 2043 Simon

316 2076 470 2141 Ribisen
493 2078 579 2143 iuris
601 2081 784 2164 utriusque
800 2084 938 2149 Doctor
951 2084 1150 2151 Canonicus
1172 2085 1315 2151 maioris
1339 2095 1374 2149 et
1397 2086 1482 2149 Divi
1495 2085 1599 2149 Pauli

316 2182 590 2250 Wormatiensis
604 2188 934 2256 Ecclesiasticorum
950 2193 1154 2276 prepositus
1167 2192 1476 2258 Reverendissimi
1493 2192 1596 2257 Wor-

315 2289 498 2357 matiensis
521 2293 688 2360 antistitis
720 2298 768 2361 ad
790 2300 885 2362 hunc
910 2310 1124 2365 conventum
1146 2301 1276 2364 missus
1299 2308 1420 2364 orator
1442 2299 1597 2364 fideliter

316 2398 505 2482 transtulit,
529 2403 625 2483 quod
648 2423 754 2468 manu
777 2405 926 2489 propria
947 2406 1060 2472 refert
1083 2417 1119 2473 et
1141 2417 1297 2471 attestat.

855 2601 1061 2617 VWNWMWV

919 2836 993 2903 152.

339 2954 532 3058 Responsio
550 2958 591 3041 B„
605 2959 748 3040 Domini
762 2959 965 3044 cardinalis
983 2961 1166 3065 Gampegii
1178 2962 1306 3063 legati
1325 2963 1372 3042 ad
1390 2983 1567 3043 recessum

852 3092 1060 3168 conventus.

752 3225 836 3295 (son
852 3225 1070 3285 nommetur
1087 3225 1154 3298 ur.)

402 3360 636 3425 Considerato
659 3372 784 3427 tenore
808 3362 1036 3427 resolutionis
1060 3383 1165 3445 quam
1188 3362 1377 3427 intendunt
1402 3359 1503 3426 Sacri
1519 3364 1591 3427 Ro·

315 3469 407 3531 mani
432 3468 576 3552 Imperii
599 3469 804 3554 Principes,
829 3481 865 3533 et
888 3480 1002 3533 status
1025 3469 1061 3533 in
1085 3470 1154 3533 hoc
1177 3463 1489 3550 Norembergense
1512 3488 1590 3532 con·

313 3585 434 3656 ventu,
458 3596 528 3658 quo
552 3578 599 3639 ad
622 3596 746 3659 novas,
770 3576 839 3640 imo
860 3577 1035 3659 antiquas,
1060 3585 1096 3639 et
1111 3575 1199 3639 alias
1214 3578 1399 3640 damnatas
1414 3577 1591 3657 haereses

315 3683 398 3746 mihi
422 3704 487 3766 per
511 3704 631 3747 eorum
656 3686 846 3767 deputatos
870 3683 1041 3749 exhibita.

403 3789 579 3873 Imprimis
602 3792 689 3855 illud
714 3791 794 3855 dico
818 3794 974 3874 placere,
999 3790 1095 3874 quod
1119 3790 1164 3853 de
1180 3789 1410 3853 revocatione
1434 3789 1591 3854 mandati

314 3897 587 3962 Wormatiensis
611 3898 743 3980 dicunt,
768 3911 874 3981 atque
898 3899 934 3962 in
958 3902 1026 3962 hoc
1051 3918 1114 3962 eos
1137 3896 1290 3962 maxime
1313 3897 1455 3979 hortor,
1485 3907 1524 3960 ut
1553 3917 1591 3960 re

313 4004 392 4087 ipsa
409 4003 582 4087 efficiant,
615 4008 711 4087 quod
733 4005 956 4087 praedictum
979 4005 1183 4069 mandatum
1207 4002 1443 4068 effectualiter
1466 4024 1590 4068 execu-

314 4111 401 4175 tioni
424 4112 621 4193 mandetur,
646 4120 683 4175 et
706 4115 926 4177 observetur.

403 4217 570 4283 Secundo
594 4219 854 4283 consideranda
877 4240 956 4283 esse
979 4221 1093 4283 verba
1116 4218 1178 4282 illa
1204 4218 1240 4281 in
1269 4217 1432 4300 prefatae
1461 4218 1590 4281 resolu-

314 4325 421 4390 tionis
444 4325 535 4389 serie
559 4325 703 4408 scripta,
726 4332 760 4390 at
779 4348 822 4391 me
845 4326 968 4390 bonum
992 4346 1069 4390 cum
1093 4327 1181 4389 malo
1203 4323 1454 4410 supprimatur,
1476 4329 1591 4389 attan·

314 4436 387 4497 dam
411 4431 571 4497 resolutio
592 4431 681 4517 fieri,
705 4455 765 4498 seu
779 4432 1004 4498 adamussim
1018 4431 1221 4497 examinari
1233 4431 1353 4516 possit,
1378 4454 1480 4517 quam
1503 4431 1592 4497 viam

315 4539 353 4605 iu
376 4540 439 4604 hac
462 4538 666 4624 requieque
687 4541 799 4605 debeat
818 4540 979 4625 amplecti
996 4546 1053 4605 etc.
1108 4541 1163 4603 Ex
1188 4540 1320 4623 ‚quibus
1349 4560 1474 4604 sensus
1497 4540 1590 4603 vide·

314 4658 372 4711 tur
394 4648 569 4711 resultare
592 4668 664 4711 non
688 4648 905 4712 conveniens
937 4647 1087 4711 statibus
1117 4645 1219 4710 Sacri
1249 4646 1406 4711 Romani
1438 4646 1590 4729 Imperii,

315 4775 422 4838 quum
445 4754 594 4818 innuant
616 4755 713 4836 quod
736 4755 830 4819 inter
852 4776 911 4819 res
933 4754 1081 4819 istorum
1104 4754 1364 4818 haereticorum
1388 4753 1459 4819 sint
1474 4753 1591 4837 aliqua

315 4864 427 4944 bona,
456 4881 546 4944 quae
570 4862 655 4926 dato
679 4862 775 4943 quod
798 4870 930 4944 essent,
954 4882 1033 4926 cum
1056 4881 1196 4925 veneno
1219 4860 1309 4925 illita
1332 4860 1416 4943 sint,
1446 4869 1483 4924 et
1506 4858 1591 4924 nihil
