3559 5734
682 613 931 670 &illibi-0

165 759 227 821 sed
244 759 289 821 de
306 759 570 841 exstinguenda
586 759 696 822 Missa
712 758 853 823 omnino
867 769 1055 832 conantur;
1073 760 1169 840 quod
1184 757 1212 820 si
1227 756 1302 839 liga
1314 755 1445 820 Svevo·

165 884 239 927 rum
266 886 335 928 non
361 875 456 929 esset
480 876 596 929 actum
621 876 715 929 esset
739 867 783 930 de
807 866 1007 948 Episcopis,
1033 865 1266 944 monasteriiS,
1281 864 1446 946 principi-

165 974 240 1053 bus,
265 981 372 1054 atque
397 974 488 1036 adeo
504 975 549 1037 de
565 981 641 1037 tota
664 973 864 1048 nobilitate;
889 973 974 1036 licet
998 991 1066 1054 ego
1091 992 1162 1034 non
1179 970 1321 1034 timeam
1345 971 1446 1034 rusti-

166 1093 233 1140 cos·
249 1098 364 1161 aeque
388 1100 430 1142 ac
453 1079 635 1162 principes
660 1091 695 1142 et
718 1080 815 1161 ipsas
840 1080 1003 1143 civitates
1027 1078 1249 1160 imperiales;
1282 1089 1316 1141 et
1347 1078 1376 1140 si
1400 1080 1446 1142 ad

165 1184 283 1248 odium
307 1186 531 1251 manifestum
555 1188 784 1270 pervenerint
807 1187 987 1269 principes
1012 1196 1048 1249 et
1064 1187 1227 1249 civitates
1244 1185 1446 1267 imperiales

166 1291 242 1355 Vae
266 1293 346 1355 Vae
371 1292 602 1368 Germaniae,
631 1316 712 1358 nam
736 1295 849 1358 hostis
871 1295 1016 1358 humani
1039 1293 1182 1375 generis
1206 1293 1354 1374 pulchre
1378 1293 1446 1355 hoc

165 1398 260 1462 virus
285 1400 436 1464 seminat
463 1412 498 1464 et
522 1401 679 1483 quotidie
704 1413 831 1485 auget,
864 1423 943 1465 cum
971 1401 1133 1465 civitates
1164 1422 1230 1483 per
1262 1421 1300 1463 se
1326 1403 1371 1463 ob
1397 1401 1444 1463 di·

164 1506 269 1569 vitias
293 1527 381 1588 opes
405 1517 441 1571 et
464 1508 659 1590 potentiam
685 1509 861 1572 nobilitati
885 1510 954 1572 sint
979 1518 1181 1591 suspectae;
1210 1508 1349 1572 accedit
1375 1507 1445 1571 iam

165 1611 259 1674 aliud
292 1615 421 1676 malum
453 1616 548 1696 quod
579 1617 675 1697 apud
711 1614 861 1678 rusticos
892 1636 993 1679 cesos
1025 1616 1237 1679 invenerunt
1268 1624 1445 1679 tormenta

164 1719 294 1781 bellica
319 1720 514 1799 civitatum,
546 1731 582 1785 et
612 1722 744 1803 passim
777 1722 898 1785 rustici
929 1726 1050 1786 hostes
1080 1724 1176 1805 ligae
1201 1722 1372 1786 declarati
1396 1722 1443 1785 in·

164 1826 421 1908 grediebantur
442 1828 604 1911 civitates
620 1829 830 1911 imperiales,
856 1839 1014 1892 ementes
1030 1830 1080 1893 ibi
1097 1851 1204 1910 arma,
1228 1830 1444 1893 bombardas

165 1942 199 1997 et
222 1933 293 1997 alia
317 1945 352 1997 et
375 1935 469 1998 forte
500 1936 648 1999 consilia
680 1937 899 2019 accipientes
924 1958 944 1999 a
969 1936 1115 2000 civibus.
1164 1936 1312 1999 Publice
1337 1935 1442 1999 etiam

165 2040 320 2104 latentur
334 2042 454 2105 rustici
472 2042 507 2104 in
524 2044 642 2105 multis
666 2042 754 2106 locis
778 2064 816 2106 se
841 2043 1008 2106 seductos
1023 2063 1102 2106 esse
1118 2064 1183 2125 per
1198 2043 1443 2125 predicatores

165 2147 346 2212 civitatum
370 2150 619 2232 imperialium,
651 2150 710 2232 qui
742 2149 792 2213 eis
821 2150 914 2212 hanc
948 2150 1158 2213 seditionem
1190 2152 1442 2233 persuaserint.

165 2255 310 2318 Providi
335 2277 443 2338 saepe
476 2259 543 2319 hoc
582 2259 712 2319 malum
750 2245 975 2336 Germaniae,
1012 2265 1148 2319 tantam
1186 2257 1444 2339 blasphemiam

164 2362 279 2425 Deum
313 2362 583 2442 vindicaturum,
614 2364 698 2426 licet
721 2364 789 2426 hoc
824 2361 1015 2425 maximum
1047 2363 1093 2425 sit
1131 2364 1259 2425 malum
1289 2374 1445 2427 nostrum

167 2470 257 2532 adeo
284 2470 482 2534 obstinatos
513 2492 591 2534 esse
619 2470 852 2534 multitudinis
880 2470 1016 2533 animos
1043 2481 1175 2532 utnon
1201 2473 1348 2534 credant
1371 2479 1444 2533 tan-

164 2584 235 2639 tam
260 2579 405 2659 plagam
429 2577 619 2659 provenire
643 2587 792 2661 propter
805 2579 973 2641 haereses
992 2586 1027 2640 et
1041 2577 1282 2658 blasphemias
1306 2585 1446 2640 nostras

164 2684 227 2746 sed
258 2685 373 2747 adhuc
406 2684 545 2747 stultius
577 2685 737 2748 referunt
767 2684 802 2747 in
831 2684 908 2746 fata
939 2693 974 2746 et
1007 2685 1188 2747 stellarum
1218 2693 1358 2747 motum.
1414 2684 1445 2748 Ο

165 2812 266 2854 curas
289 2792 487 2854 hominum!
524 2812 545 2854 o
570 2802 739 2873 quantum
763 2790 798 2853 in
823 2794 931 2853 rebus
954 2790 1078 2854 inane!
1118 2791 1210 2854 Hinc
1226 2791 1304 2853 aliis
1320 2790 1447 2854 litteris

165 2899 450 2981 supplicaveram
475 2896 512 2962 S.
535 2900 574 2963 T.
600 2898 812 2961 Beatissime
837 2898 946 2961 Pater
969 2909 1007 2961 ut
1039 2898 1123 2961 mihi
1152 2898 1303 2980 pauperi
1330 2898 1446 2980 provi-

165 3007 319 3087 deretur,
344 3016 383 3068 ut
406 3026 547 3088 possem
571 3005 607 3067 in
632 3015 757 3070 extera
780 3014 876 3068 terra
900 3008 1086 3068 consulere
1109 3005 1356 3086 tranquillitati
1379 3014 1447 3068 stu·

166 3113 302 3175 diorum
327 3132 502 3185 meorum;
539 3114 660 3175 taedet
689 3112 780 3175 enim
805 3132 862 3174 me
902 3112 1052 3192 patriae,
1089 3133 1221 3175 nauseo
1255 3111 1367 3175 ferme
1402 3113 1448 3175 ad

165 3220 279 3304 ipsum
313 3239 440 3282 nomen
472 3216 702 3296 Germaniae,
734 3238 813 3281 cum
848 3217 998 3299 singulis
1027 3219 1152 3281 diebus
1183 3239 1295 3301 cogor
1325 3219 1448 3282 audire

165 3327 344 3405 haereseS,
362 3325 567 3407 seditiones,
585 3325 785 3407 sacrilegia,
803 3325 1055 3405 blasphemiae,
1079 3326 1270 3388 schismata
1287 3335 1322 3388 et
1335 3326 1448 3388 omnis

166 3433 308 3512 generis
332 3432 546 3514 impietates,
576 3443 612 3493 et
641 3433 756 3494 adhuc
781 3433 873 3493 bene
899 3451 1003 3511 spero
1032 3430 1116 3494 mihi
1151 3432 1331 3495 subveniri
1365 3453 1386 3495 a
1411 3431 1447 3495 S.

166 3541 205 3602 T.
239 3538 460 3621 pientissimo
501 3539 618 3601 Patre.
670 3538 749 3600 Hoc
778 3547 896 3600 tamen
925 3537 1043 3600 fateor
1076 3537 1230 3620 ingenue
1259 3539 1449 3601 Bavariam

168 3660 202 3709 et
225 3668 303 3710 eam
328 3647 440 3708 solam
464 3666 509 3709 ex
534 3656 610 3707 tota
641 3643 812 3727 superiori
846 3642 1039 3708 Germania
1070 3644 1179 3708 fuisse
1210 3656 1246 3708 et
1276 3666 1355 3708 esse
1387 3646 1445 3708 im·
1488 3655 1491 3668 '

167 3774 307 3815 munem
335 3755 380 3814 ab
412 3754 479 3814 hac
513 3751 725 3815 seditionum
757 3760 859 3833 peste
893 3751 1050 3832 nihilque
1079 3751 1161 3813 mali
1193 3772 1336 3833 passum
1368 3772 1447 3814 esse

167 3860 297 3921 clerum
322 3858 355 3922 in
382 3858 435 3920 his
459 3858 676 3936 tumultibus,
701 3878 743 3919 eo
769 3859 914 3939 dempto
938 3859 1033 3939 quod
1057 3858 1308 3921 monasterium
1333 3857 1447 3922 Stein-

166 3967 283 4047 gaden
320 3966 460 4048 Algoys
497 3964 650 4028 vicinum
686 3966 732 4027 ab
766 3964 817 4027 eis
851 3963 1082 4027 incineratum
1108 3975 1171 4028 est.
1222 3966 1357 4049 Magna
1380 3965 1446 4028 fuit

166 4094 250 4135 cura
273 4073 494 4154 principibus
518 4072 648 4136 nostris
672 4083 711 4134 ut
734 4071 885 4153 patriam
910 4093 955 4134 ex
986 4073 1053 4134 hoc
1086 4076 1209 4136 morbo
1240 4093 1444 4154 praeserva-

164 4189 258 4260 rent,
291 4178 350 4260 qui
380 4200 426 4242 ex
457 4180 619 4242 omnibus
643 4179 804 4261 partibus
828 4177 1059 4259 irruptionem
1084 4180 1294 4259 minabatur,
1312 4181 1443 4261 gravis·

165 4290 289 4350 simum
319 4298 437 4349 tamen
469 4285 715 4349 charitativum
747 4285 943 4348 subsidium
976 4286 1098 4348 Clerus
1123 4286 1246 4349 tribuit
1278 4287 1443 4360 ducibus;

165 4394 392 4456 medietatem
437 4392 528 4456 enim
563 4391 772 4474 pensionum
815 4400 850 4454 et
885 4393 1125 4454 absentiarum
1161 4403 1375 4474 acceperunt
1410 4403 1446 4457 et

165 4502 306 4565 tertiam
318 4510 457 4582 partem
473 4502 517 4561 de
530 4499 777 4580 residentibus,
792 4508 959 4580 quantum
973 4499 1108 4562 scilicet
1120 4500 1303 4563 absentiae
1314 4501 1444 4582 potuis·

164 4619 243 4672 sent
268 4609 371 4680 dare;
404 4606 619 4669 tricessimus
642 4627 750 4688 porro
781 4604 937 4668 florenus
962 4606 1066 4667 datus
1090 4615 1144 4669 est
1168 4607 1212 4669 de
1239 4608 1343 4670 bonis
1373 4629 1443 4671 mo-

164 4716 295 4778 bilibus
320 4724 357 4778 et
380 4714 629 4777 immobilibus.
676 4714 754 4796 Ego
779 4715 1019 4796 pauperculus
1048 4712 1240 4795 1fl01'.pr0
1257 4734 1323 4794 me,
1348 4715 1442 4796 quin·

164 4823 335 4905 quaginta
372 4822 416 4884 de
449 4841 519 4883 una
553 4820 725 4902 pensione
761 4828 797 4883 et
831 4820 1019 4883 duodecim
1055 4819 1127 4884 flor.
1162 4840 1229 4902 pro
1267 4821 1372 4883 domo
1408 4830 1444 4884 et

165 4927 402 5012 suppellectili
426 4948 505 4991 mea
529 4929 615 4990 dare
640 4936 784 4990 coactus
808 4946 895 4991 sum.
950 4926 1000 4988 At
1034 4928 1122 4989 haec
1151 4926 1268 4989 laevia
1295 4926 1324 4989 si
1348 4936 1384 4990 et
1407 4928 1443 4990 in

1230 5033 1281 5085 32*
