3559 5734
639 567 905 623 *aesino

155 738 218 780 oon
245 716 450 800 displicebit
474 715 502 779 si
527 714 622 778 aliud
646 713 819 777 fieri-non
844 722 974 795 potest,
999 716 1094 795 quod
1120 712 1375 796 consignentur
1398 714 1433 776 in

155 825 313 887 manibus
337 823 606 901 ordinariorum,
631 831 776 903 recepto
801 822 835 884 in
862 822 1058 885 iuramento
1083 832 1118 884 et
1133 821 1352 904 obligatione
1367 824 1433 883 sub

155 931 252 1011 penis
281 931 318 993 in
346 931 445 994 bulla
475 927 511 992 S.
536 931 580 993 D.
605 928 648 991 N.
680 929 871 1008 contentis,
905 937 941 990 et
971 927 1117 990 ulterius
1148 928 1176 989 si
1208 948 1298 1009 opus
1328 927 1435 990 fuerit

156 1038 354 1120 specialiter
378 1037 613 1117 declarandis,
638 1037 734 1117 quod
759 1038 806 1098 ad
829 1038 1033 1099 mandatum
1047 1033 1083 1097 S.
1101 1036 1144 1098 D.
1165 1035 1207 1097 N.
1233 1050 1311 1097 cum
1334 1055 1433 1098 revo-

155 1165 231 1207 care
263 1143 417 1207 voluerit
444 1143 524 1207 illos
555 1143 698 1225 publice
727 1146 954 1224 comburent,
986 1145 1082 1206 nulla
1111 1142 1258 1206 ulterius
1282 1142 1436 1206 admissa

155 1252 365 1334 exceptione
397 1254 455 1315 vel
486 1251 734 1330 excusatione,
768 1260 804 1313 et
835 1261 873 1312 ut
904 1250 1036 1313 dictum
1061 1260 1114 1312 est
1138 1250 1345 1314 resistentes
1368 1271 1434 1333 pro

155 1358 312 1421 hostibus
342 1368 378 1421 et
408 1358 603 1421 rebellibus
626 1357 783 1420 Romani
816 1356 954 1438 imperii
986 1357 1186 1419 habeantur
1209 1367 1245 1419 et
1268 1359 1314 1420 ab
1339 1358 1435 1421 Sede

156 1464 363 1545 Apostolica
387 1475 423 1528 et
438 1465 605 1528 Romano
623 1462 797 1527 Pontifice
822 1484 868 1526 ex
893 1484 984 1526 nunc
1000 1474 1107 1546 prout
1126 1473 1257 1527 extunc
1272 1463 1435 1527 omnibus

153 1572 283 1635 iuribus
299 1571 402 1635 b'onis
418 1571 522 1635 terris
546 1571 671 1635 castris
697 1582 732 1634 et
756 1571 919 1635 dominiis
942 1592 995 1652 ac,
1021 1572 1140 1653 quoad
1165 1572 1314 1634 clericos
1340 1572 1432 1655 capi·

154 1681 224 1741 tula
249 1692 285 1742 et
315 1690 522 1761 conventus,
556 1678 807 1742 ecclesiasticis
846 1676 1029 1741 beneficiis
1053 1689 1088 1742 et
1122 1678 1320 1760 privilegiis
1343 1699 1434 1760 quae

154 1808 174 1848 a
196 1785 292 1849 Sede
317 1786 528 1868 Apostolica
561 1785 723 1849 obtinent
747 1807 790 1848 eo
814 1787 893 1867 ipso
918 1785 1048 1867 privati
1079 1795 1309 1865 censeantur,
1342 1806 1434 1867 quae

154 1893 269 1956 omnia
294 1891 332 1956 in
361 1893 468 1957 bullis
498 1892 705 1976 apostolicis
736 1902 771 1956 et
804 1892 1048 1975 imperialibus
1079 1892 1233 1956 decretis
1264 1892 1434 1958 latissime

154 1999 299 2063 extendi
324 2000 472 2082 possint.

688 2145 692 2149 a
700 2144 741 2153 mv
766 2142 891 2154 Mae-onwan

155 2426 430 2507 informationes
472 2428 612 2508 dandae
648 2320 942 2529 Iter.3E51iisoopo
981 2429 1186 2532 tergestino
1232 2433 1268 2509 et
1302 2430 1434 2511 ludooo

156 2550 312 2631 Caesaris
346 2572 369 2631 a
401 2551 564 2631 consiliis
596 2552 704 2632 ituris
737 2552 939 2652 oratoribus
977 2554 1022 2633 ad
1054 2552 1276 2634 Fridemun
1304 2555 1436 2634 Busan

303 2676 481 2757 Saxoniae
510 2678 552 2757 ob
582 2697 730 2757 oausam
757 2676 898 2757 Fratris
927 2677 1078 2758 Moruni
1105 2675 1268 2778 Laterii.

597 2824 681 2891 (Aah
698 2823 833 2883 wormac.
851 2822 898 2882 iot
916 2824 985 2897 100.)

242 2943 280 3008 Si
312 2942 389 3007 fieri
421 2943 550 3026 possit,
585 2945 760 3007 habeatur
791 2945 969 3028 privatum
1002 2946 1217 3028 colloquium
1249 2967 1327 3010 cum
1355 2949 1434 3011 Illu-

156 3051 324 3114 strissimo
348 3052 450 3114 Duce
474 3049 663 3131 Saxoniae,
697 3061 733 3114 et
756 3063 829 3115 tum
853 3053 961 3116 latine
986 3062 1059 3116 tum
1084 3054 1291 3118 Alemanice
1316 3054 1436 3140 (prout

157 3158 410 3222 conducibilius
434 3158 624 3239 videbitur)
650 3157 848 3223 commissio
873 3170 1085 3240 exponatur.
1132 3160 1225 3241 Quia
1253 3163 1370 3225 multis
1394 3163 1435 3225 si·

157 3267 233 3347 gnis
256 3276 292 3330 et
315 3266 535 3349 argumentis
559 3267 665 3333 etiam
690 3266 893 3330 certissimis
918 3258 1099 3348 habemus
1124 3268 1199 3330 eius
1214 3269 1435 3333 consiliarios

158 3395 231 3438 esse
253 3375 411 3437 Luthero
434 3373 513 3456 ipso
538 3373 651 3456 magis
675 3373 913 3454 Lutheranos,
938 3395 959 3436 a
984 3374 1111 3456 quibus
1135 3375 1267 3439 nemini
1290 3377 1435 3441 dubium

158 3493 208 3544 est
229 3484 365 3544 Ducem
390 3480 546 3561 alioquin
571 3480 622 3564 (ut
646 3481 819 3561 audimus)
843 3481 1013 3563 optimum
1041 3491 1076 3545 et
1099 3482 1330 3565 Catholicum,
1355 3486 1434 3547 hac-

158 3601 256 3652 tenus
280 3588 389 3651 fuisse
414 3588 610 3651 seductum.

241 3696 346 3777 Quod
371 3695 400 3757 si
424 3694 458 3757 in
483 3693 598 3775 primo
622 3713 816 3775 congressu
841 3716 912 3758 non
936 3696 1049 3777 possit
1070 3697 1196 3759 evitari
1211 3697 1433 3762 Consiliario-

160 3823 228 3866 rum
259 3802 478 3885 praesentia:
510 3812 604 3882 tunc,
637 3801 809 3884 expositis
833 3803 933 3866 initio
958 3803 1171 3884 quibusdam
1195 3806 1435 3887 generalibus,

160 3922 344 3990 quaeratur
361 3908 502 3971 occasio
519 3907 683 3990 privatim
699 3910 868 3990 loquendi
885 3919 920 3972 et
937 3911 1111 3973 suadendi
1127 3932 1181 3991 ea,
1206 3932 1297 3994 quae
1314 3915 1434 3995 semel,

160 4038 178 4078 a
208 4019 307 4080 Duce
339 4015 485 4079 firmiter
516 4026 682 4098 accepta,
724 4037 793 4079 non
829 4016 968 4098 possint
998 4027 1124 4099 postea
1156 4039 1177 4080 a
1217 4018 1435 4083 Consiliariis

160 4124 322 4205 subverti,
347 4124 467 4186 autin
491 4124 638 4186 alteram
662 4133 800 4204 partem
824 4123 1061 4205 interpretari.
1108 4125 1208 4191 Haec
1232 4136 1350 4191 autem
1374 4149 1434 4209 op·

160 4231 240 4294 tima
263 4241 358 4295 esset
381 4230 621 4313 persuadendi
646 4230 713 4293 via.
754 4231 794 4293 In
818 4251 889 4312 qua
913 4242 1056 4313 oportet
1072 4231 1264 4313 aliquando
1281 4236 1434 4315 quadam

161 4339 248 4401 civili
278 4337 569 4420 praesumptione
601 4337 650 4399 uti
681 4348 716 4400 et
747 4337 1005 4421 interrumpere
1038 4339 1213 4403 interdum
1237 4342 1323 4404 istas
1348 4343 1434 4405 Ger·

162 4466 335 4510 manorum
353 4445 557 4526 Principum
582 4445 617 4506 in
642 4445 828 4508 audiendis
844 4446 1054 4509 Oratoribus
1076 4446 1297 4527 cerimonias,
1321 4453 1435 4512 bonas

161 4551 233 4615 illas
247 4553 400 4634 quidem,
426 4563 462 4615 et
480 4554 660 4628 honestas,
684 4553 747 4615 sed
771 4553 852 4615 huic
877 4552 1028 4635 negocio
1054 4554 1234 4617 nonsatis
1258 4557 1325 4618 hoc
1350 4566 1433 4618 tem·

162 4679 243 4740 pore
267 4660 525 4725 accommodas,

181 4836 199 4903 ¹)
225 4840 284 4886 Hoc
304 4848 344 4887 est
363 4840 507 4887 secundum
527 4839 712 4887 documentum
739 4854 770 4887 ex
794 4857 847 4904 quo
868 4840 1047 4890 Pallavicinus
1066 4842 1211 4890 orationem
1234 4858 1308 4890 suam
1328 4843 1434 4892 Nuncio

227 4920 397 4984 suppositam,
417 4919 540 4968 confecit.
