3559 5734
798 531 856 583 ΨΒ
896 531 948 586 256
987 529 1044 583 53²0

223 664 227 677 ’
281 671 342 734 Ad
374 683 571 736 extremum
604 673 689 736 illud
730 675 964 738 Sanctitatem
995 676 1160 738 Vestram
1192 682 1353 754 rogatam
1385 674 1489 759 velim
1523 682 1561 734 ut

282 779 310 840 si
335 799 405 860 qua
428 779 462 842 in
487 782 555 843 hoc
580 802 742 844 sermone
779 784 951 864 reperiat,
983 803 1052 864 quo
1084 782 1159 845 eius
1190 781 1415 844 offendantur
1446 800 1562 862 aures,

281 886 318 948 id
351 908 420 949 non
456 889 621 952 Roffensi
656 891 714 971 qui
752 892 904 972 Anglice
940 894 1079 975 locutus
1114 900 1182 972 est,
1224 890 1288 953 sed
1323 888 1407 951 mihi
1442 887 1562 970 potius

281 993 446 1075 ascribat,
471 996 530 1077 qui
555 999 600 1058 ab
626 1019 668 1060 eo
693 1000 785 1060 bene
811 1008 846 1060 et
871 998 978 1061 latine
1003 999 1114 1078 dicta,
1150 999 1241 1060 male
1273 1004 1308 1059 et
1339 996 1493 1058 barbare
1525 994 1561 1056 in

281 1100 425 1164 latinum
449 1104 550 1170 verti.
599 1104 644 1166 Et
667 1108 787 1169 valeat
810 1104 1015 1169 felicissime
1041 1105 1171 1168 Vestra
1196 1103 1392 1182 Sanctitas,
1425 1101 1482 1165 cui
1506 1121 1561 1164 me

280 1208 471 1273 humillime
496 1215 713 1276 commendo,

370 1315 424 1377 Ex
449 1316 666 1381 Richmonte
690 1319 804 1401 primo
827 1320 923 1397 Junii

772 1446 897 1494 Eiusdem
917 1447 1071 1495 Sanctitatis
1091 1448 1201 1495 Vestrae
1220 1443 1383 1492 humillimus
1401 1441 1526 1491 Servulus

1114 1540 1294 1638 lllltelrr.

895 1993 948 2057 99.

604 2117 1003 2199 vicecancellarius
1031 2117 1248 2197 Aloandro.

713 2258 856 2325 (limitat.
875 2258 1001 2318 German
1019 2257 1050 2316 In
1070 2256 1121 2323 et)

800 2370 836 2434 (6.
856 2370 931 2434 Junii
955 2365 1041 2435 1521.)

370 2490 449 2553 Non
466 2492 502 2553 vi
519 2503 739 2573 potressemo
755 2493 823 2557 mai
839 2496 882 2557 ne
906 2494 943 2556 in
967 2494 1092 2576 parola
1116 2492 1160 2555 ne
1184 2491 1219 2554 in
1244 2500 1342 2554 carta
1359 2489 1560 2571 exprimere

280 2595 515 2679 1’a11egrezza
540 2610 574 2661 et
598 2582 766 2664 contento
791 2602 837 2664 ha
861 2610 1029 2665 recevuto
1053 2603 1087 2663 la
1113 2598 1164 2663 su
1189 2601 1233 2662 de
1263 2598 1305 2661 N.
1330 2596 1366 2660 S.
1393 2598 1487 2659 della
1510 2595 1558 2658 di·

280 2702 365 2765 vina
389 2714 424 2766 et
447 2704 494 2766 da
517 2726 658 2789 sempre
674 2728 893 2771 comemorar
910 2727 1021 2789 opera
1044 2707 1080 2769 di
1095 2707 1225 2771 Cesare
1241 2706 1300 2777 Re
1317 2716 1352 2768 et
1367 2704 1560 2786 imperator

281 2810 570 2876 christianissimo
594 2815 687 2877 assai
711 2815 771 2897 piri
795 2815 830 2877 in
856 2814 953 2878 effeti
977 2815 1043 2877 che
1067 2816 1125 2877 nel
1149 2814 1267 2892 titolo,
1298 2822 1333 2875 et
1357 2809 1407 2875 Su
1431 2808 1483 2873 gu
1500 2809 1558 2872 ad·

281 2917 370 2980 mira
393 2929 429 2981 et
454 2923 586 2984 extolle
612 2932 647 2984 et
671 2925 706 2984 la
728 2922 811 2985 fede
836 2932 871 2985 et
895 2923 1095 2986 constantia
1126 2932 1161 2984 et
1185 2920 1375 3003 prudentia
1398 2918 1433 2978 di
1458 2925 1558 2979 tanto

281 3025 495 3108 imperatore
525 3031 589 3091 che
624 3030 734 3092 habbi
769 3029 798 3091 si
833 3032 926 3093 bene
963 3040 998 3092 et
1032 3032 1059 3092 sl
1096 3036 1353 3092 maturamente
1388 3024 1558 3087 condotto

281 3134 304 3197 l'
320 3154 430 3215 opera
455 3146 491 3197 et
515 3136 720 3217 expedition
751 3147 875 3198 contro
905 3139 987 3216 qual
1012 3137 1205 3199 maladetto
1238 3153 1304 3196 con
1336 3131 1491 3215 perfetto
1523 3138 1559 3192 et

281 3241 483 3305 desiderato
508 3242 588 3308 fine.
626 3242 675 3305 Su
689 3242 740 3305 gu
758 3244 805 3305 ha
829 3245 914 3305 lette
939 3242 997 3323 pirl
1024 3243 1121 3304 volte
1146 3250 1270 3322 queste
1293 3239 1415 3301 ultime
1438 3245 1558 3300 vostre

280 3350 397 3412 littere
421 3370 528 3431 sopra
551 3350 576 3412 il
601 3351 745 3431 signare
769 3359 805 3412 et
836 3348 1008 3431 expedire
1039 3348 1050 3410 i
1081 3347 1257 3427 mandati,
1292 3357 1327 3408 et
1358 3346 1393 3408 in
1424 3363 1558 3405 somma

279 3456 498 3538 impossibile
523 3457 616 3519 saria
639 3458 685 3520 ad
710 3457 911 3540 exprimere
936 3458 970 3517 la
993 3455 1086 3518 festa
1110 3467 1146 3518 et
1169 3455 1278 3518 iubilo
1304 3453 1340 3514 di
1356 3450 1416 3515 Su.
1442 3450 1556 3514 Beati-

280 3563 402 3626 tudine
428 3574 463 3625 et
485 3565 532 3626 ha
556 3563 645 3627 fatto
670 3565 817 3646 leggere
834 3564 894 3645 gii
914 3562 949 3625 in
974 3565 1158 3646 signatura
1181 3562 1350 3644 pubblica
1375 3560 1472 3622 dette
1496 3559 1556 3621 let·

281 3682 356 3733 tere
373 3682 408 3733 et
423 3671 674 3752 leggerannosi
690 3673 802 3734 anche
818 3670 852 3733 in
870 3671 1092 3734 consistorio,
1141 3669 1213 3733 Sua
1229 3666 1367 3731 Santiti
1390 3664 1557 3729 referisse

282 3800 349 3841 con
373 3786 463 3840 tutto
489 3779 511 3841 'l
536 3799 618 3841 core
644 3789 679 3841 et
703 3800 769 3841 con
795 3786 885 3840 tutto
911 3779 931 3839 l'
949 3777 1066 3841 animo
1100 3787 1136 3841 et
1166 3778 1247 3839 tutti
1277 3776 1290 3838 i
1318 3777 1412 3841 sensi
1443 3776 1558 3857 gratie

282 3894 414 3966 quanto
433 3887 504 3966 pud
530 3886 704 3967 maggiori
730 3907 751 3948 a
776 3883 825 3947 Sa
848 3883 914 3946 Mu
938 3895 974 3947 et
996 3903 1110 3967 prega
1138 3884 1239 3947 Iddio
1271 3886 1306 3947 la
1335 3883 1499 3947 conservi
1523 3884 1558 3947 in

283 4001 408 4073 questo
433 3990 545 4056 Santo
570 3993 755 4075 proposito
780 3993 815 4054 di
840 3991 1035 4055 defendere
1060 3994 1093 4054 la
1118 3991 1246 4054 Chiesa
1279 4000 1315 4053 et
1339 4000 1440 4053 santa
1464 3989 1559 4054 Sede

284 4099 494 4181 Apostolica
518 4111 553 4162 et
577 4100 602 4162 li
625 4100 709 4162 doni
733 4101 807 4163 vita
830 4102 941 4182 longa
965 4108 1001 4162 et
1024 4098 1186 4181 prosperi
1211 4097 1292 4160 tutti
1315 4097 1326 4159 i
1350 4099 1427 4161 suoi
1451 4098 1559 4180 giusti

283 4207 368 4269 voti.
415 4206 485 4269 Voi
509 4206 544 4268 in
569 4227 672 4269 nome
696 4206 731 4268 di
757 4205 830 4269 Sua
847 4205 900 4269 8¹⁸
919 4216 1051 4287 quanto
1076 4204 1134 4287 piu
1159 4213 1299 4286 potrete
1323 4224 1389 4266 con
1413 4203 1560 4267 affetion

284 4313 533 4396 ringratierete
556 4311 592 4376 S.
614 4314 662 4376 M.
687 4313 965 4395 persuadendoli
981 4314 1046 4376 che
1062 4321 1161 4374 tanto
1180 4310 1350 4375 benefitio
1374 4322 1410 4375 et
1434 4312 1559 4375 merito

285 4421 321 4483 di
344 4422 463 4502 quella
486 4441 556 4483 non
582 4420 749 4483 caschere
778 4420 848 4483 mai
873 4421 969 4482 dalla
1000 4419 1169 4482 memoria
1197 4419 1232 4481 di
1264 4418 1313 4482 Su
1337 4419 1415 4482 Bne
1446 4420 1490 4482 ne
1515 4420 1560 4483 de

285 4527 320 4590 la
337 4525 432 4590 Sede
449 4527 668 4608 Apostolica‚
693 4527 771 4589 anzi
795 4547 935 4608 sempre
959 4536 995 4590 et
1018 4526 1038 4590 l'
1056 4547 1127 4588 una
1144 4535 1180 4589 et
1198 4526 1219 4588 l'
1237 4528 1328 4588 altro
1352 4526 1382 4588 si
1405 4525 1560 4590 sforzera

285 4636 321 4698 di
346 4634 469 4698 esserli
489 4634 549 4715 piu
574 4644 697 4714 grato;
722 4645 758 4696 et
781 4635 976 4697 benedetto
1001 4643 1036 4696 et
1060 4635 1181 4696 lodato
1202 4633 1256 4695 sia·
1270 4653 1410 4715 sempre
1435 4643 1560 4715 questo

286 4764 307 4805 a
330 4742 389 4804 noi
420 4742 466 4803 da
502 4740 570 4803 Dio
602 4741 686 4802 dato
716 4741 937 4821 Imperatore
968 4749 1003 4803 et
1035 4740 1210 4803 advocato
1247 4740 1291 4803 de
1326 4741 1360 4802 la
1393 4739 1561 4803 Romana

286 4849 424 4914 Chiesa.
471 4847 544 4910 Sua
561 4846 699 4910 Santiti
716 4869 786 4911 non
803 4848 938 4912 testere
963 4847 998 4911 di
1023 4847 1099 4912 fare
1114 4857 1204 4914 tutte
1219 4850 1253 4912 le
1269 4847 1560 4913 demonstrationi
