3559 5734
773 530 1018 587 (143252154

256 675 290 736 111
324 680 462 757 grande
493 677 581 757 fuga
608 679 740 758 perche
766 678 788 738 li
813 679 958 741 citadini
983 680 1119 742 hormai
1144 682 1176 743 el
1201 680 1421 745 cominciano
1445 683 1534 745 schi-

256 782 320 864 far,
346 784 465 847 donde
490 804 595 864 spero
620 786 686 846 che
711 786 744 846 le
767 805 850 848 cose
875 789 1083 848 andaranno
1112 788 1157 849 de
1181 789 1251 850 ben
1277 787 1311 850 in
1337 789 1441 851 melio
1466 810 1533 853 con

256 891 290 952 lo
315 891 435 952 adiuto
460 892 505 953 de
530 891 607 956 Dio.

345 997 378 1059 A
403 998 516 1078 quest'
547 1000 635 1060 hora
665 1000 710 1060 ho
742 1000 825 1062 dato
857 1000 1007 1063 l'editto
1039 1004 1200 1064 alemano
1225 1005 1270 1063 ad
1296 1003 1536 1084 imprimeret

255 1107 391 1166 bench&
417 1126 454 1166 se
478 1106 758 1168 rechiederebbe
782 1107 832 1168 sei
857 1106 983 1187 giorni,
1008 1118 1128 1180 tamen
1152 1111 1198 1171 ho
1219 1110 1309 1173 fatto
1334 1113 1400 1174 che
1424 1132 1462 1174 se
1487 1114 1534 1173 la·

256 1211 332 1274 vori
358 1210 392 1273 di
418 1222 452 1273 et
477 1222 574 1274 notte
598 1212 765 1275 accioclrc
790 1214 810 1274 l’
825 1216 1017 1278 habbiamo
1043 1218 1075 1279 el
1101 1214 1136 1277 di
1161 1219 1218 1278 del
1235 1217 1373 1299 Corpus
1391 1219 1533 1281 Domini

254 1339 319 1398 per
343 1318 524 1380 distribuir
540 1339 569 1379 ¹a
592 1319 745 1400 principi
770 1329 805 1381 et
829 1323 962 1402 populi,
988 1333 1124 1386 mentre
1141 1325 1206 1385 che
1231 1344 1319 1386 sono
1344 1324 1379 1387 in
1405 1326 1534 1405 diaeta,

254 1425 385 1508 perche
410 1426 438 1488 si
463 1425 542 1487 dice
567 1428 632 1487 che
658 1425 789 1489 Caesar
818 1430 961 1492 omnino
986 1450 1024 1491 se
1055 1429 1188 1511 partiri
1222 1429 1385 1503 venerdi;
1418 1431 1534 1512 pertib

255 1533 273 1595 ὲ
298 1533 500 1596 necessario
525 1535 591 1595 che
615 1533 729 1614 primo
754 1534 795 1596 sii
820 1535 910 1598 latta
934 1538 983 1598 tal
1008 1557 1102 1599 cosa.
1149 1536 1229 1599 Non
1261 1539 1398 1601 resterb
1428 1548 1534 1601 tutta·

253 1641 352 1702 volta
383 1642 511 1702 doman
546 1660 567 1702 0
599 1641 702 1703 marti
733 1640 789 1703 far
816 1643 979 1723 publicar
1007 1664 1072 1725 per
1100 1653 1191 1706 tutta
1215 1646 1250 1706 la
1274 1644 1370 1706 dieta
1405 1655 1440 1707 et
1464 1645 1534 1707 citri

252 1746 311 1808 alli
336 1745 473 1809 heraldi
498 1756 533 1809 et
556 1756 733 1829 trompete
757 1749 856 1811 detto
882 1752 1049 1812 mandato
1074 1752 1376 1814 sollemnemente.

340 1853 416 1915 Hac
442 1855 564 1915 eadem
590 1855 678 1916 hora
701 1856 748 1916 110
774 1857 857 1916 dato
882 1856 1005 1918 ordine
1031 1859 1064 1918 al
1089 1858 1293 1938 predicator
1317 1866 1440 1921 nostro
1465 1861 1532 1921 che

250 1961 396 2042 predico
434 1981 455 2022 a
478 1960 664 2041 Maguntia
698 1963 762 2023 che
800 1962 842 2024 sii
874 1972 994 2044 presto
1020 1964 1130 2027 datoli
1155 1965 1188 2026 el
1212 1974 1306 2027 tema
1331 1967 1396 2027 che
1421 1986 1487 2047 par
1509 1986 1532 2028 a

250 2068 434 2151 proposito
460 2088 538 2129 cum
563 2070 689 2130 alcune
714 2068 860 2132 historie
884 2071 930 2132 de
955 2079 1080 2152 questo
1097 2072 1258 2134 brusciar
1275 2074 1320 2134 de
1343 2072 1426 2135 mali
1451 2072 1532 2135 libri

248 2174 307 2256 gia
337 2174 396 2237 dal
431 2184 552 2255 tempo
583 2175 627 2236 de
653 2175 838 2258 Apostoli,
869 2178 914 2240 de
946 2177 970 2240 li
995 2178 1136 2241 concilii
1160 2178 1259 2259 greci
1284 2188 1319 2241 et
1344 2179 1462 2259 latini,
1496 2190 1533 2242 et

250 2300 355 2362 spero
380 2282 446 2343 che
462 2280 643 2343 Mereordi
667 2281 809 2344 omnino
835 2283 858 2344 li
883 2283 961 2346 farai
984 2286 1032 2348 tal
1051 2305 1192 2348 sermon
1217 2286 1252 2347 in
1276 2287 1420 2366 publico
1446 2298 1529 2349 ante

250 2390 283 2450 61
307 2390 432 2469 palazo
459 2389 502 2450 de
528 2386 660 2450 Caesar
692 2399 728 2450 et
757 2389 785 2451 si
816 2392 1082 2453 abrusceranno
1113 2391 1137 2453 li
1168 2392 1247 2454 libri
1279 2412 1346 2454 con
1372 2393 1396 2454 li
1420 2393 1532 2455 debiti

251 2505 286 2557 et
311 2494 469 2556 consueti
493 2495 608 2565 modi,
644 2494 668 2558 il
702 2498 768 2558 che
802 2498 911 2559 molto
946 2517 1090 2559 remove
1125 2499 1239 2579 questi
1272 2499 1396 2580 popoli
1427 2501 1473 2563 da
1496 2503 1532 2562 la

251 2600 418 2664 devotion
436 2601 480 2663 de
498 2611 623 2682 questo
644 2602 759 2664 Arrio,
799 2602 933 2683 Questo
952 2604 1052 2683 fatte,
1075 2626 1113 2665 se
1129 2606 1369 2668 manderanno
1388 2607 1412 2668 li
1429 2607 1532 2669 editti

248 2728 316 2789 per
340 2715 431 2770 tutta
454 2710 489 2771 la
513 2707 706 2771 Germania
737 2719 772 2772 et
802 2710 861 2792 gia
887 2731 957 2773 non
982 2712 1117 2773 restari
1143 2711 1201 2792 piir
1227 2713 1318 2774 altro
1344 2733 1365 2774 a
1387 2712 1444 2775 far
1466 2734 1533 2795 per

250 2836 320 2885 me;
345 2835 410 2896 per
434 2814 457 2877 il
483 2817 549 2877 che
573 2818 641 2877 ben
667 2815 783 2897 potrei
808 2818 943 2879 hormai
967 2829 1130 2880 retornar
1154 2840 1175 2880 a
1191 2819 1321 2899 Roma,
1346 2840 1447 2882 como
1471 2820 1532 2901 gia

249 2921 349 3003 quasi
374 2924 488 2984 havea
518 2922 735 2999 deliberato,
771 2943 827 2984 ma
857 2925 988 3005 perche
1014 2924 1057 2987 V.
1083 2924 1118 2989 S.
1145 2926 1221 2988 R¹¹¹⁸
1244 2946 1299 2989 me
1324 2928 1439 2990 scrive
1464 2929 1531 2990 che

249 3029 283 3092 io
308 3028 437 3111 segniti
463 3030 496 3090 la
520 3028 683 3110 victoria,
709 3050 774 3111 per
798 3031 960 3092 obedirla
995 3034 1129 3094 andero
1155 3053 1233 3095 cum
1259 3032 1390 3096 Cesare
1414 3034 1450 3096 in
1475 3034 1530 3096 Fi-

250 3137 363 3199 andra
396 3146 431 3198 et
463 3155 528 3216 per
559 3137 593 3198 la
626 3139 733 3198 bassa
757 3138 972 3220 Allemagna
1001 3140 1187 3201 attenderd
1212 3159 1233 3202 a
1256 3140 1312 3203 far
1335 3141 1532 3204 annichilar

250 3242 364 3325 questi
398 3242 569 3305 venenosi
602 3252 637 3305 et
667 3243 946 3326 pestilentissimi
979 3226 1067 3306 libri
1092 3254 1127 3308 et
1160 3247 1184 3309 li
1208 3246 1318 3310 libelli
1342 3246 1469 3310 famosi
1494 3260 1531 3310 et

249 3348 438 3427 criminosi,
462 3350 593 3430 perche
618 3348 710 3412 cossi
734 3371 772 3412 se
797 3350 962 3413 contiene
987 3353 1044 3414 1161
1070 3352 1191 3416 editto.
1238 3354 1299 3416 Ma
1323 3356 1341 3417 ὲ
1367 3356 1530 3436 besogno

249 3459 328 3521 chel
353 3455 392 3520 S'
411 3456 580 3519 Carazolo
605 3465 641 3519 et
664 3457 698 3518 io
723 3459 862 3520 almeno
886 3457 934 3519 fin
967 3479 988 3521 a
1013 3458 1159 3522 Colonia
1188 3461 1353 3523 habiamo
1390 3461 1529 3524 l'ochio

249 3567 319 3627 ben
353 3574 478 3644 aperto
512 3556 646 3644 perche
678 3564 867 3627 habbiamo
901 3586 965 3647 per
997 3565 1096 3628 aviso
1128 3568 1194 3629 che
1218 3588 1283 3649 per
1307 3568 1388 3629 tutti
1413 3569 1529 3648 questi

250 3670 348 3753 loghi
384 3673 576 3733 tenduntur
609 3670 711 3732 nobis
746 3670 896 3733 insidiae
932 3682 967 3733 et
1003 3672 1131 3735 dicono
1164 3674 1230 3737 che
1260 3676 1449 3737 extrahent
1473 3696 1529 3737 me

250 3778 356 3841 etiam
388 3798 409 3839 a
444 3779 555 3840 latere
581 3776 743 3840 Caesaris
779 3788 814 3841 et
849 3780 939 3841 altre
965 3778 1058 3842 mille
1083 3780 1334 3845 absurdissime
1358 3782 1529 3845 minaccie

250 3886 295 3948 de
319 3886 352 3947 le
377 3886 480 3965 quale
506 3904 611 3965 spero
636 3886 728 3946 bene
753 3886 786 3947 in
810 3885 878 3948 Dio
904 3884 970 3948 che
994 3885 1027 3948 ci
1051 3887 1263 3949 conservera
1280 3889 1445 3951 ambedoi
1470 3890 1530 3953 1101

250 4004 287 4054 et
308 3992 332 4054 li
357 3991 478 4054 nostri.

338 4099 379 4162 El
403 4099 543 4161 ribaldo
568 4100 612 4162 de
626 4099 761 4162 Hutten
786 4119 850 4180 per
875 4099 1018 4181 meggio
1035 4101 1080 4162 de
1105 4100 1322 4165 Armestorff
1335 4103 1529 4166 cameriere

250 4207 294 4268 de
319 4206 427 4268 Cesar
451 4226 513 4268 era
536 4209 727 4268 accordato
752 4227 773 4268 a
797 4207 974 4287 stipendio
992 4207 1036 4270 de
1053 4206 1183 4270 Cesare
1208 4228 1247 4270 cc
1271 4207 1388 4271 fiorini
1420 4210 1452 4272 d'
1464 4230 1529 4274 010

249 4313 283 4375 al
314 4333 408 4375 anno
440 4321 475 4375 et
508 4332 569 4375 era
600 4312 626 4375 il
656 4313 715 4394 piu
745 4323 914 4375 contento
950 4317 1007 4376 del
1039 4317 1171 4377 mundo
1201 4335 1280 4378 cum
1311 4327 1437 4397 questo
1461 4318 1529 4379 che

250 4440 407 4482 cessasse
433 4422 478 4482 da
503 4427 626 4501 queste
651 4440 712 4483 sue
737 4419 914 4482 invective
940 4421 1048 4483 etsie
1073 4424 1285 4503 promiserat
1301 4424 1480 4487 abstinere
1498 4424 1529 4486 si

249 4527 440 4608 potuisset,
471 4528 566 4608 quod
598 4547 666 4589 non
693 4528 821 4600 cred03
846 4531 1037 4591 tuttavolta
1061 4530 1082 4590 l’
1097 4532 1186 4592 altro
1211 4528 1338 4611 giorno
1362 4532 1433 4594 ben
1459 4551 1527 4593 ma-

251 4634 323 4696 11110
362 4634 477 4697 trovai
515 4633 636 4697 avanti
673 4635 707 4695 la
740 4654 880 4696 camera
914 4635 948 4697 di
974 4635 1083 4699 Cesar
1115 4639 1147 4699 el
1178 4658 1328 4718 ragazzo
1357 4639 1402 4701 de
1427 4641 1529 4700 detto

249 4740 383 4802 Hutten
409 4743 441 4803 el
465 4743 547 4822 qual
572 4741 752 4823 cognobbi
777 4742 823 4803 da
840 4744 873 4803 le
889 4763 986 4804 arme
1002 4745 1067 4806 che
1083 4754 1198 4824 porta,
1225 4757 1260 4807 et
1276 4745 1528 4825 investigando

248 4846 364 4909 trovai
388 4849 453 4909 che
477 4849 592 4910 havea
616 4858 757 4930 portato
782 4869 852 4911 una
876 4851 1003 4912 lettera
1026 4851 1072 4913 ad
1089 4851 1306 4914 Armestorff
1327 4854 1420 4915 nella
1445 4856 1527 4935 qual
