3559 5734
807 540 1054 603 *dumo*

290 686 372 753 fiate
409 700 585 755 monstrar
618 693 684 756 che
720 693 768 756 lui
803 695 963 758 horamai
993 714 1065 757 non
1094 693 1125 756 ci
1148 692 1246 757 fusse
1269 693 1378 757 molto
1402 690 1570 775 propitio,

290 799 356 860 che
388 807 556 880 questoro
589 800 734 863 tandem
757 802 905 864 venerdl
930 810 1076 883 passato
1101 821 1257 864 venneto
1280 801 1314 864 in
1339 810 1466 882 questa
1489 820 1570 862 con·

290 905 426 968 clusion
450 906 606 970 unanimi
631 908 786 972 omniurn
810 929 986 973 consensu
1010 908 1114 971 cheli
1131 907 1284 990 principi
1307 907 1368 990 poi
1392 909 1458 971 che
1481 906 1568 970 frus-

289 1022 344 1076 tra
367 1015 530 1078 haveano
554 1026 692 1079 tentato
717 1020 782 1081 che
804 1016 937 1081 Caesar
960 1037 1123 1082 cereasse
1146 1015 1282 1080 trattati
1307 1017 1352 1079 de
1376 1034 1570 1079 conservar

288 1122 323 1183 la
346 1141 436 1202 pace
460 1143 539 1186 cum
564 1126 596 1187 el
620 1145 659 1187 re
684 1124 983 1189 Christianissimo
1013 1126 1071 1208 (do
1102 1124 1163 1206 poi
1194 1126 1227 1188 le
1251 1126 1377 1187 lettere
1401 1122 1523 1186 scritte
1546 1144 1569 1185 a

288 1229 323 1292 lo
348 1226 511 1315 imperio)
535 1232 624 1295 detti
653 1232 807 1314 principi
836 1234 882 1295 da
906 1253 944 1296 se
969 1232 1072 1296 stessi
1096 1234 1214 1296 ha'nno
1239 1231 1329 1295 fatto
1353 1230 1407 1294 sui
1430 1232 1566 1292 ambas·

288 1335 411 1400 ciatori
442 1337 463 1401 l’
478 1337 610 1402 official
634 1341 679 1402 de
703 1341 852 1404 Treveri
877 1349 913 1404 et
938 1340 1122 1405 darannoli
1146 1339 1206 1402 doi
1231 1337 1334 1402 Conti
1368 1339 1402 1401 in
1426 1357 1566 1419 compa·

287 1445 388 1526 guia,
428 1466 504 1509 cum
530 1449 656 1512 lettere
681 1449 715 1511 al
738 1468 777 1511 re
802 1447 1119 1529 ChristianissimO,
1158 1446 1368 1511 suadendoli
1392 1465 1457 1527 per
1480 1432 1567 1527 ogni

286 1554 382 1615 bona
412 1550 470 1615 via
500 1575 521 1615 a
550 1575 621 1619 non
652 1556 751 1618 voler
784 1575 908 1618 cercar
939 1575 1069 1637 guerra
1097 1564 1133 1617 et
1165 1573 1275 1618 ancor
1308 1555 1374 1615 che
1407 1552 1443 1615 in
1468 1552 1566 1614 dette

286 1660 413 1723 lettere
437 1681 507 1722 non
532 1660 685 1726 scrivino
711 1663 814 1743 altro,
838 1663 1029 1726 tuttavolta
1053 1663 1172 1727 hanno
1196 1662 1365 1724 concluso
1389 1659 1449 1741 qui
1472 1658 1567 1722 intra

285 1766 362 1829 loro
387 1769 529 1831 omnino
553 1772 654 1833 voler
678 1772 879 1834 accelerare
904 1772 937 1834 el
961 1769 1119 1833 subsidio
1148 1769 1232 1833 delli
1257 1768 1337 1831 XX
1365 1766 1448 1829 mila
1475 1764 1565 1828 fanti

286 1883 323 1937 et
338 1874 389 1936 IV
406 1874 489 1939 mila
513 1877 641 1939 cavalli
664 1897 730 1959 per
754 1875 859 1961 piliar
881 1880 917 1941 la
932 1898 1065 1941 corona
1088 1877 1188 1939 darlo
1205 1877 1239 1938 al
1255 1875 1356 1938 voler
1372 1874 1417 1936 de
1433 1873 1565 1937 Caesar

285 1992 410 2045 contra
434 1983 458 2045 li
475 1983 644 2049 Francesi
669 1994 704 2047 et
728 1985 813 2068 ogni
838 1987 929 2048 altro
954 1986 1033 2048 chel
1057 1984 1238 2047 volessero
1255 1979 1463 2064 oltraggiar‚
1487 2000 1563 2062 spe·

285 2087 460 2153 cificando
493 2091 599 2155 etiam
633 2103 759 2156 contra
783 2090 969 2157 Svitenses
1000 2092 1097 2173 ipsos
1128 2100 1164 2154 et
1195 2090 1290 2153 nullo
1323 2099 1430 2171 pacto
1464 2089 1565 2151 voler

285 2197 494 2260 abandonar
519 2200 550 2261 el
576 2220 640 2262 suo
664 2199 889 2282 imperatore.
938 2199 1072 2281 Questa
1103 2198 1307 2261 conclusion
1331 2216 1453 2280 presa,
1477 2195 1563 2259 Cae-

284 2323 342 2365 sar
366 2304 562 2369 vedendosi
585 2307 660 2370 voti
685 2317 885 2389 compotem
910 2306 989 2370 fece
1012 2308 1048 2369 la
1070 2315 1193 2369 nostra
1210 2303 1439 2386 expeditione
1462 2312 1562 2367 tanto

284 2411 530 2476 dextramente
559 2423 692 2496 quanto
716 2414 923 2495 volentieri,
958 2423 1143 2495 utrumque
1176 2432 1262 2475 vero
1294 2431 1359 2493 per
1387 2419 1479 2472 tutta
1502 2429 1562 2471 ex-

283 2518 449 2581 cellentia
473 2528 509 2583 et
533 2529 624 2582 tutto
648 2519 684 2584 fe
708 2521 755 2583 da
778 2541 817 2583 se
840 2522 917 2584 solo
942 2523 1008 2584 che
1033 2519 1051 2583 ὲ
1076 2539 1161 2584 cosa
1184 2518 1220 2581 di
1245 2515 1464 2600 maraviglia.
1506 2517 1562 2579 De

283 2628 316 2688 le
341 2646 473 2689 summe
498 2625 589 2689 virtu
615 2628 661 2691 de
684 2635 810 2709 questo
839 2632 911 2690 cosl
942 2626 1101 2710 glorioso
1131 2625 1286 2708 giovene
1316 2623 1496 2706 principe,
1528 2623 1561 2684 el

283 2736 366 2814 qual
389 2755 446 2797 me
470 2754 536 2816 par
560 2735 625 2798 che
650 2735 718 2798 mai
742 2736 845 2815 falla,
874 2756 914 2798 se
938 2755 1009 2798 non
1033 2734 1176 2816 quando
1201 2754 1239 2797 se
1263 2734 1357 2795 lassa
1380 2733 1562 2813 gubernat

282 2841 327 2903 ad
352 2841 443 2920 altri,
468 2861 489 2903 ο
514 2843 580 2905 che
604 2843 638 2904 lo
659 2841 756 2905 habii
773 2863 838 2924 per
853 2840 1063 2924 inspiration
1081 2840 1201 2903 divina
1217 2861 1239 2903 o
1256 2859 1326 2902 non
1340 2837 1414 2903 scio
1432 2839 1560 2901 donde.

282 2947 389 3011 Certo
418 2948 453 3010 in
487 2959 612 3030 questa
640 2970 725 3013 cosa
748 2952 934 3014 lutherana
958 2969 1069 3012 ancor
1092 2951 1158 3012 che
1183 2946 1212 3010 si
1236 2945 1334 3009 habii
1356 2947 1489 3008 havuto
1513 2942 1561 3007 in·

281 3054 371 3118 finiti
395 3054 530 3119 fastidii
555 3066 590 3119 et
614 3056 673 3138 qui
697 3067 734 3121 et
757 3060 865 3137 costl‚
890 3066 983 3120 tutta
1006 3058 1105 3119 volta
1128 3056 1161 3118 el
1178 3054 1283 3117 modo
1299 3055 1364 3116 che
1381 3052 1403 3115 l'
1417 3053 1463 3114 ha
1479 3070 1561 3114 con·

282 3163 382 3225 dotta
398 3161 509 3226 Cesar
526 3162 545 3224 ὲ
560 3166 674 3227 sciuta
691 3166 800 3228 molto
818 3167 927 3227 molto
945 3163 1050 3227 melio
1066 3183 1132 3245 per
1145 3161 1204 3224 voi
1220 3182 1258 3224 se
1267 3158 1384 3223 statim
1392 3160 1426 3221 al
1435 3158 1560 3240 princi·

281 3268 341 3350 pio
376 3272 421 3332 de
452 3271 488 3332 la
520 3269 616 3333 dieta
646 3271 833 3335 l'havesse
856 3270 1029 3352 expedito
1054 3269 1078 3333 li
1102 3267 1270 3332 mandati.
1317 3269 1373 3330 De
1397 3265 1560 3329 omnibus

282 3376 446 3438 laudetur
469 3377 567 3440 Deus
592 3387 628 3440 et
651 3378 858 3461 mantenghi
883 3387 1009 3459 questo
1034 3379 1130 3440 bono
1154 3375 1270 3438 animo
1295 3376 1341 3437 de
1356 3373 1465 3437 Cesar
1487 3374 1558 3436 alla

280 3484 503 3565 protectione
527 3485 572 3548 de
596 3482 732 3548 Sancta
756 3486 895 3550 Chiesa.

370 3627 453 3690 Una
483 3647 567 3689 cosa
597 3629 675 3690 sola
702 3648 758 3689 me
782 3627 860 3690 dice
893 3629 926 3689 el
951 3627 1144 3690 Confessor
1167 3634 1310 3690 trovare
1335 3644 1404 3686 non
1428 3632 1558 3704 troppo

281 3736 375 3797 bona
398 3735 433 3797 in
458 3733 515 3815 lui,
541 3734 607 3796 che
631 3735 653 3797 'l
678 3743 770 3797 teme
786 3736 852 3798 che
870 3755 940 3797 non
961 3734 1066 3797 facile
1092 3732 1323 3796 obliviscatur
1342 3729 1559 3810 iniuriarum,

280 3850 406 3921 questo
437 3841 486 3904 lui
517 3841 564 3903 ha
594 3861 659 3922 per
690 3841 748 3923 piu
782 3841 974 3904 intrinseca
998 3840 1150 3923 prattica
1174 3838 1211 3902 di
1233 3860 1298 3902 sua
1322 3837 1557 3908 conscientia;

281 3946 364 4009 mihi
389 3967 474 4010 vero
498 3947 604 4012 facile
628 3947 668 4010 fit
692 3948 880 4011 verisimile
914 3969 979 4030 per
1003 3969 1101 4012 esser
1123 3951 1229 4011 homo
1253 3948 1362 4010 molto
1386 3964 1499 4028 grave
1522 3952 1558 4006 et

279 4052 371 4135 fixe,
407 4054 519 4136 perhd
550 4055 774 4118 considerino
798 4058 868 4118 ben
894 4055 1010 4137 questi
1033 4054 1186 4137 principi
1211 4054 1277 4118 che
1301 4055 1324 4116 ’l
1347 4055 1557 4117 molestam.

370 4195 528 4260 Chevres
560 4196 620 4279 git
651 4199 702 4261 sei
735 4221 756 4263 ο
790 4208 881 4262 sette
906 4197 942 4262 dl
966 4199 986 4262 ὁ
1011 4209 1102 4262 stato
1127 4199 1380 4262 abbandonato
1406 4197 1465 4260 dai
1489 4217 1557 4260 rne-

280 4302 349 4365 dici
374 4314 409 4366 et
431 4323 498 4384 par
522 4305 587 4366 che
611 4302 646 4366 in
671 4314 797 4386 questa
821 4315 920 4368 corte
945 4326 1015 4369 non
1045 4304 1074 4368 si
1099 4305 1190 4387 parli
1214 4305 1273 4387 piu
1299 4305 1333 4367 al
1357 4304 1487 4367 mondo
1512 4304 1557 4366 de

279 4409 338 4491 lui,
364 4410 482 4473 chesi
507 4409 669 4474 mainon
694 4411 789 4474 fusse
818 4421 929 4485 stato;
961 4412 1005 4476 ne
1034 4411 1063 4475 si
1093 4433 1206 4495 pensa
1229 4414 1356 4475 alcuno
1381 4410 1416 4474 di
1441 4410 1489 4473 lui
1513 4410 1557 4474 nd

279 4517 419 4599 parenti
453 4518 496 4580 nd
520 4519 750 4583 benvolienti.
798 4520 924 4585 ODio
949 4523 1015 4583 che
1039 4521 1248 4595 mutatione3
1280 4541 1302 4583 o
1334 4518 1391 4583 chi
1424 4517 1454 4581 si
1485 4517 1558 4581 fida

280 4623 339 4705 piu
363 4623 399 4687 in
424 4635 549 4706 questo
573 4627 730 4691 mondo?
776 4627 822 4690 Et
844 4648 913 4711 pur
937 4648 1046 4692 ancor
1060 4629 1172 4711 hoggi
1187 4627 1217 4691 si
1232 4628 1310 4692 dice
1327 4629 1393 4691 che
1418 4627 1557 4689 haben

280 4732 431 4794 dormito
458 4742 493 4795 et
516 4733 643 4795 sudato
668 4734 779 4816 assai,
812 4735 836 4797 il
866 4737 932 4799 che
956 4735 1084 4799 dicono
1110 4737 1174 4798 dar
1198 4738 1316 4799 buona
1340 4753 1513 4816 speranza
1537 4754 1557 4797 e

280 4840 314 4900 el
337 4857 401 4905 suo
425 4838 523 4905 XXI
547 4838 691 4928 giorn0;
716 4861 788 4911 nou
812 4841 885 4906 scio
910 4843 1030 4925 quello
1054 4842 1134 4911 sari
1158 4863 1179 4910 o
1203 4841 1245 4909 sii
1269 4845 1303 4905 al
1326 4850 1504 4930 presente.
