3559 5734
695 555 941 612 eet-343&

177 703 327 767 materia
349 701 451 783 fidei,
487 722 592 783 quam
616 724 769 783 morum,
801 723 902 766 come
926 701 1035 784 quelli
1058 702 1125 763 che
1149 721 1237 766 sono
1262 700 1344 762 stati
1368 719 1458 762 com·

178 810 271 893 posti
296 831 360 892 per
384 809 610 889 Cancellieri,
636 820 672 873 et
696 809 892 873 Conselieri
917 808 1107 888 lutherani,
1133 821 1169 870 et
1193 828 1231 870 :e
1256 827 1323 889 pur
1346 827 1411 889 per
1435 806 1459 870 li

177 916 286 997 tempi
320 917 454 999 passati
489 917 535 979 ad
565 916 802 997 grandissima
833 916 1004 979 instantia
1037 918 1080 978 de
1104 916 1139 980 la
1163 917 1258 978 bona
1290 912 1460 977 memoria

178 1023 439 1104 MaximilianO,
475 1033 511 1086 et
543 1026 587 1086 de
611 1022 691 1085 altri
715 1022 872 1105 Principi
905 1024 950 1086 de
974 1021 1181 1102 Germania,
1217 1021 1355 1085 &stata
1379 1041 1458 1083 con·

178 1151 280 1193 cessa
302 1132 429 1192 alcuna
453 1151 537 1193 cosa
560 1151 631 1193 non
656 1134 747 1193 cossl
768 1131 959 1209 ordinaria,
983 1130 1043 1213 gia
1059 1130 1191 1193 Nostro
1207 1127 1360 1212 Signore
1383 1126 1457 1191 seli·

178 1248 338 1301 cernente
361 1245 537 1319 regnante
561 1238 661 1319 Papa
686 1238 823 1317 Leone,
860 1248 896 1301 et
920 1236 1029 1319 dopoi
1052 1236 1232 1316 Adriano,
1264 1245 1300 1299 et
1323 1236 1358 1299 al
1381 1255 1454 1317 pre·

177 1355 278 1408 sente
303 1344 434 1407 Nostro
458 1343 613 1427 Signore
628 1345 739 1426 Papa
755 1344 938 1408 Clemente
962 1362 1102 1425 sempre
1125 1345 1244 1406 hanno
1269 1344 1458 1405 abstenuto

177 1452 232 1515 far
255 1452 319 1515 tali
343 1451 579 1532 concessioni,
612 1465 652 1515 et·
673 1451 693 1514 ὲ
717 1451 942 1533 paratissima
965 1449 1039 1514 Sua
1062 1449 1201 1514 Santita
1224 1451 1367 1532 quando
1393 1451 1458 1512 che

176 1578 240 1641 per
264 1578 286 1621 o
311 1558 560 1621 ambasciatori
585 1560 629 1622 de
653 1557 726 1622 Sua
749 1559 904 1639 Maesta,
936 1579 956 1621 0
981 1560 1108 1622 alcune
1131 1559 1280 1622 honeste
1304 1576 1458 1640 persone

177 1686 242 1747 per
267 1685 370 1729 nome
399 1665 436 1727 di
459 1676 585 1747 questa
609 1665 763 1729 Natione
792 1666 1050 1745 debitamente,
1082 1674 1220 1728 etcum
1244 1663 1352 1727 filiale
1376 1664 1451 1726 obe·

178 1772 313 1835 dientia
336 1771 379 1834 sii
402 1772 581 1835 advertita
605 1772 641 1835 di
664 1774 791 1836 alcuna
815 1793 900 1836 cosa
925 1773 1044 1854 degna
1067 1773 1113 1835 de
1138 1771 1371 1853 correttione,
1404 1771 1460 1835 far

178 1890 254 1943 tuto
278 1882 398 1961 quello
423 1881 488 1943 che
513 1879 751 1963 appartenghi
775 1902 796 1942 a
820 1882 892 1943 bon
919 1881 1031 1963 padre
1056 1889 1092 1943 et
1108 1889 1252 1962 pastore
1281 1878 1330 1942 dil
1346 1897 1459 1960 grege

179 1986 397 2067 Christiano,
434 1996 470 2049 et
493 1989 585 2049 cossi
608 1986 704 2065 fara,
740 1997 776 2049 et
798 1987 845 2048 ha
869 1985 960 2048 fatto
985 2006 1061 2049 cum
1087 1985 1210 2049 effetto
1238 2005 1304 2067 per
1327 2005 1366 2048 se
1390 2004 1457 2047 me·

178 2097 318 2174 desma,
356 2095 547 2175 dovunque
583 2095 618 2157 la
647 2094 740 2156 vede
771 2113 869 2156 esser
898 2093 1099 2156 necessaria
1129 2094 1257 2155 alcuna
1291 2093 1458 2156 reforma-

177 2201 283 2267 tione.
331 2199 384 2263 Ne
410 2200 489 2264 sarit
509 2200 708 2282 debisogno
733 2201 799 2263 elie
823 2200 853 2262 si
876 2199 994 2262 facino
1011 2199 1126 2281 questi
1141 2199 1290 2278 tumulti,
1315 2219 1359 2262 ne
1375 2209 1458 2262 stre·

177 2308 241 2390 piti
275 2328 341 2390 per
374 2306 459 2390 ogni
482 2307 542 2369 via
574 2306 881 2390 perniciosissimi,
918 2328 939 2369 a
963 2309 998 2369 la
1021 2308 1135 2370 salute
1168 2309 1213 2370 de
1237 2308 1258 2369 l'
1273 2307 1389 2370 anima
1424 2317 1459 2369 et

177 2414 260 2478 beni
285 2414 472 2495 temporali
495 2414 541 2477 de
566 2423 641 2477 tuto
666 2416 698 2477 el
723 2414 1011 2478 Christianesmo.

264 2522 321 2584 De
344 2531 419 2584 tute
442 2531 568 2602 queste
593 2541 675 2584 cose
699 2522 831 2584 Nostro
848 2517 1002 2603 Signore
1026 2521 1073 2582 ha
1095 2522 1219 2583 voluto
1244 2522 1310 2583 che
1334 2520 1374 2583 sii
1399 2522 1457 2583 ad·

178 2628 306 2691 vertita
330 2631 364 2691 la
380 2628 557 2691 Caesarea
572 2628 712 2691 Maesta
736 2629 781 2690 ad
805 2630 926 2707 lung0,
951 2643 1021 2689 non
1045 2629 1121 2690 solo
1145 2647 1211 2709 per
1234 2627 1374 2708 privato
1394 2648 1458 2691 suo

178 2736 381 2815 commode,
406 2755 427 2797 0
452 2735 501 2797 dil
526 2734 629 2797 Stato
654 2734 925 2812 EcclesiasticO,
949 2755 1006 2796 ma
1030 2754 1094 2815 per
1118 2734 1355 2798 communicat
1379 2755 1458 2799 cum

178 2841 250 2905 Sua
273 2842 412 2905 Maest‘a
444 2862 544 2905 come
576 2842 693 2923 quella
728 2842 793 2903 che
829 2841 848 2903 ὲ
879 2840 905 2902 11
935 2842 1091 2904 secondo
1122 2842 1214 2903 lume
1246 2841 1294 2904 dil
1323 2844 1458 2923 populo

178 2948 389 3028 Christiano,
414 2949 512 3010 accio
538 2949 603 3010 che
628 2949 674 3010 da
699 2949 724 3011 li
743 2946 941 3028 sopradetti
958 2947 1021 3009 atti
1046 2949 1079 3009 la
1096 2947 1273 3011 consideri
1288 2969 1327 3011 se
1342 2949 1458 3030 questi

178 3055 300 3138 populi
331 3055 441 3118 fanno
465 3075 578 3137 pocco
603 3065 746 3136 compto
771 3056 817 3117 de
841 3053 928 3135 Dio,
962 3064 998 3116 et
1021 3054 1071 3118 dil
1095 3052 1168 3117 Suo
1193 3054 1356 3135 Vicari0,
1393 3056 1458 3119 che

179 3171 276 3225 tanto
308 3181 430 3241 meno,
465 3182 487 3223 a
511 3162 546 3223 la
568 3161 734 3243 giornata
758 3161 883 3224 sarano
910 3162 954 3224 de
978 3159 1051 3223 Sua
1074 3160 1213 3224 Maesti
1244 3170 1279 3225 et
1309 3164 1354 3224 de
1378 3163 1459 3225 altri

178 3265 330 3350 Segnori
355 3267 551 3349 temporali.
600 3267 644 3330 Et
667 3266 726 3350 gia
751 3287 795 3330 ne
820 3269 939 3330 hanno
964 3277 1159 3330 monstrato
1183 3268 1277 3331 assai
1293 3268 1458 3333 evidente

179 3377 358 3457 exemplo:
383 3376 514 3455 perche
538 3376 631 3437 oltra
655 3375 720 3437 che
745 3374 846 3454 quasi
871 3395 1011 3456 sempre
1037 3374 1145 3456 quelli
1169 3375 1292 3456 populi
1314 3377 1458 3439 habiino

178 3492 278 3546 usato
303 3501 415 3564 pocca
440 3481 663 3561 obedientia,
700 3501 721 3543 a
744 3481 768 3542 li
792 3481 870 3545 suoi
894 3480 1122 3562 Imperatori,
1158 3482 1399 3545 ultimamente
1422 3484 1458 3546 in

179 3600 303 3673 questa
327 3591 456 3653 Diaeta
488 3610 559 3653 non
593 3592 759 3652 obstante
792 3588 859 3651 che
883 3587 974 3651 siino
999 3588 1123 3651 vasalli
1155 3590 1199 3651 de
1223 3586 1297 3652 Sua
1320 3589 1459 3653 Maesta

179 3708 213 3763 et
235 3697 422 3780 prestatoli
446 3698 479 3760 el
502 3697 699 3759 iuramento
724 3715 794 3758 non
819 3694 961 3758 dimeno
986 3695 1032 3757 da
1056 3715 1095 3757 se
1109 3695 1279 3758 medesmi
1295 3697 1458 3760 haveano

178 3806 346 3868 concluso
376 3805 524 3866 mandar
548 3801 810 3865 Ambasciatori
842 3803 876 3864 al
900 3802 959 3864 Re
984 3803 1029 3863 de
1053 3802 1205 3881 Franza,
1241 3801 1266 3865 il
1296 3803 1362 3866 che
1393 3823 1459 3884 par

179 3914 244 3976 che
269 3932 339 3974 non
364 3913 457 3974 bene
481 3909 684 3991 convenghi
709 3909 752 3972 ne
778 3930 797 3972 a
821 3909 843 3972 l’
857 3911 973 3972 honor
993 3909 1036 3972 ne
1060 3911 1095 3972 al
1116 3909 1301 3972 commodo
1323 3910 1368 3973 de
1385 3909 1459 3973 Sua

178 4020 328 4100 Maesta,
353 4028 388 4082 et
406 4018 525 4100 dopoi,
549 4017 700 4081 essendo
717 4018 792 4079 loro
808 4015 989 4099 prohibito
1006 4016 1064 4079 dal
1079 4015 1318 4079 Illustrissimo
1336 4017 1458 4080 Archi-

180 4129 279 4207 duca,
305 4136 341 4189 et
364 4126 423 4188 dal
440 4125 570 4189 Orator
587 4124 740 4189 Cesareo
764 4125 829 4186 che
853 4143 926 4186 non
951 4123 1130 4186 facessero
1155 4125 1203 4186 tal
1221 4143 1315 4204 cosa,
1339 4126 1458 4188 hanno

180 4234 278 4297 fatto'
293 4234 420 4295 alcone
436 4230 685 4313 protestationi
701 4250 814 4312 pocco
834 4230 1045 4294 honorevoli
1069 4251 1091 4292 a
1108 4227 1181 4291 Sua
1197 4229 1336 4292 Maesta
1356 4250 1458 4294 como

181 4340 298 4422 quella
323 4359 368 4402 ne
393 4339 484 4401 deve
509 4357 606 4401 esser
631 4338 677 4399 da
701 4336 776 4399 suoi
800 4338 859 4418 pit
885 4337 1121 4418 amplamente
1144 4335 1344 4401 informata.

270 4446 321 4509 Le
346 4445 440 4527 quali
458 4464 541 4508 cose
564 4453 639 4506 tute
664 4445 734 4506 ben
758 4442 996 4525 considerate,
1020 4440 1093 4506 Sua
1105 4441 1244 4506 Maesta
1267 4444 1358 4507 deve
1381 4446 1459 4507 hor-

180 4553 249 4617 mai
274 4554 370 4635 aprir
393 4553 417 4615 li
441 4550 546 4631 ochii,
571 4559 607 4613 et
630 4560 817 4632 postposta
841 4550 926 4630 ogni
945 4552 1036 4611 altra
1061 4569 1143 4612 cosa
1166 4551 1331 4613 attender
1353 4571 1375 4613 a
1394 4552 1460 4614 dar

180 4660 337 4724 remedio
372 4681 391 4722 a
422 4668 521 4722 tanto
546 4658 731 4739 scandalo,
767 4659 833 4721 che
867 4677 934 4740 par
957 4660 1084 4721 tendet
1118 4680 1138 4722 a
1169 4661 1257 4721 total
1280 4659 1381 4722 ruina
1413 4660 1458 4722 de

181 4768 215 4829 la
230 4765 470 4846 Christianita,
495 4772 530 4827 et
554 4763 764 4846 gravissima
788 4775 874 4828 nota
898 4765 944 4827 de
959 4762 1032 4828 Sua
1047 4765 1185 4828 Maesta
1209 4766 1244 4828 la
1267 4767 1351 4847 qual
1367 4766 1459 4829 oltra

184 4876 246 4937 che
272 4874 289 4936 ἐ
314 4873 491 4936 advocato
516 4871 683 4953 primario
708 4872 752 4934 de
777 4874 811 4934 la
827 4872 968 4936 Chiesia
992 4874 1037 4935 de
1052 4872 1132 4953 Die,
1158 4892 1288 4936 ancora
1311 4872 1329 4935 ὲ
1349 4873 1458 4936 molto
