3559 5734
847 547 1093 606 Η84268Μ

331 705 446 769 ranza,
471 699 507 753 et
530 691 576 755 mi
600 697 761 774 parebbe
785 696 852 759 che
869 695 943 759 Sua
960 695 1099 759 Santita
1115 697 1253 760 facesse
1268 698 1465 780 procedere
1485 705 1613 759 contra

330 814 410 858 esso
435 816 500 878 per
524 799 544 860 l’
561 800 737 865 Auditore
762 804 806 866 de
830 804 866 865 la
889 824 1040 867 camera.

419 951 504 967 ....
530 905 604 969 Con
629 918 756 989 questa
779 910 858 972 sari
883 931 952 973 una
976 910 1034 972 del
1058 909 1164 972 Serv
1190 910 1366 993 Principe,
1390 912 1487 974 nella
1502 912 1611 992 quale

329 1007 359 1070 si
382 1011 514 1073 vedera
539 1014 604 1076 che
629 1017 748 1095 quello
772 1019 819 1078 ho
843 1017 968 1080 scritto
992 1029 1028 1079 et
1063 1018 1199 1080 chiesto
1232 1017 1266 1080 in
1302 1017 1448 1082 materia
1484 1036 1610 1099 grava·

328 1115 459 1179 minum
485 1118 502 1180 ἐ
528 1140 615 1184 vero
647 1133 681 1183 et
711 1125 758 1184 ha
786 1123 810 1185 il
841 1123 1073 1187 fondamento
1105 1125 1171 1187 che
1202 1144 1267 1205 per
1298 1124 1319 1186 l'
1337 1125 1428 1187 altre
1464 1123 1533 1187 mie
1564 1125 1613 1185 ho

329 1223 462 1305 scritto,
487 1236 523 1287 et
547 1230 658 1307 perhd
683 1230 804 1293 redico
829 1232 939 1294 chee
970 1231 1171 1295 necessario
1203 1231 1281 1294 fare
1312 1243 1445 1312 quanto
1476 1230 1613 1294 ultima-

329 1341 446 1393 mente
472 1334 516 1394 ho
541 1334 672 1399 scritto
721 1338 791 1399 Tre
814 1339 936 1419 puncti
960 1339 1089 1401 toccha
1113 1335 1187 1401 Sua
1213 1336 1395 1420 Serenita,
1419 1358 1491 1401 uno
1514 1339 1562 1400 de
1590 1338 1614 1399 li

328 1440 526 1518 gravamini
552 1442 597 1503 de
622 1445 656 1505 la
680 1441 775 1506 Sede
802 1446 1013 1526 Apostolica
1041 1468 1062 1509 a
1093 1446 1190 1529 quali
1221 1446 1374 1528 bisogna
1409 1446 1614 1527 provedere

329 1556 505 1625 quatenus
537 1549 700 1614 videatur
733 1553 921 1615 honestum
958 1563 994 1617 et
1025 1553 1227 1616 necessaria
1257 1553 1414 1635 provisio
1447 1574 1468 1616 a
1503 1550 1616 1634 quelli

330 1653 396 1714 che
420 1674 504 1717 vere
528 1676 616 1719 sono
640 1658 869 1739 gravamina,
903 1659 962 1722 alli
993 1659 1074 1723 altri
1107 1680 1146 1722 se
1169 1659 1303 1741 alleghi
1328 1670 1363 1723 et
1387 1659 1527 1721 adduca
1550 1661 1615 1719 bu-

330 1779 398 1821 ona
435 1762 584 1843 ragione
615 1784 725 1846 quare
764 1786 834 1828 non
875 1777 957 1829 sunt
987 1768 1155 1830 tollenda.
1210 1766 1240 1829 Il
1271 1768 1429 1828 secundo
1461 1765 1481 1828 ὲ
1510 1766 1557 1827 de
1591 1763 1615 1825 li

330 1867 527 1945 gravamini
553 1871 597 1933 de
622 1870 645 1932 li
669 1871 912 1936 Ecclesiastici
938 1874 972 1935 di
997 1872 1204 1952 Germania,
1234 1874 1268 1935 el
1291 1882 1389 1936 terzo
1413 1873 1458 1935 de
1482 1871 1507 1934 li
1532 1890 1614 1952 gra·

330 1975 460 2037 vamini
486 1977 531 2039 de
555 1979 707 2042 seculari
731 1980 791 2043 alli
816 1979 1059 2059 ecclesiastici,
1084 1991 1121 2043 et
1145 1981 1260 2062 questi
1285 1980 1343 2043 doi
1363 1980 1473 2043 ultimi
1488 1978 1616 2062 puncti

330 2080 359 2142 si
383 2101 503 2163 ponno
529 2085 663 2148 lassare
687 2109 708 2149 a
732 2088 808 2150 loro
833 2090 899 2150 che
923 2088 1028 2150 melio
1053 2089 1087 2150 la
1110 2087 1305 2151 intendono
1330 2098 1365 2150 et
1389 2096 1617 2150 trattaranno

329 2186 385 2250 fra
409 2191 485 2252 loro
511 2191 546 2252 di
570 2192 718 2256 rimedio
743 2203 779 2257 et
802 2195 1087 2258 massimamente
1111 2196 1176 2257 che
1201 2195 1237 2256 di
1269 2194 1328 2277 gia
1360 2196 1393 2257 el
1417 2193 1514 2256 Rmo
1538 2191 1616 2255 Ma·

328 2295 477 2376 guntino
503 2308 538 2360 et
563 2298 587 2361 li
611 2301 692 2362 altri
715 2302 844 2382 prelati
870 2304 929 2365 del
945 2301 1077 2364 Rheno
1103 2309 1141 2364 et
1154 2301 1188 2363 d'
1202 2300 1283 2363 altri
1299 2299 1423 2382 luoghi
1440 2298 1473 2361 n’
1490 2301 1616 2361 hanno

329 2401 419 2466 fatto
444 2406 694 2470 consultationi
719 2408 847 2490 grandi
874 2429 982 2490 sopra
1006 2407 1079 2489 cio,
1104 2407 1235 2489 perche
1260 2412 1332 2470 cosi
1356 2408 1404 2470 da
1428 2427 1483 2470 me
1507 2405 1617 2468 furon

330 2509 452 2572 muniti
478 2523 513 2574 et
536 2512 698 2576 ricercati
723 2515 758 2577 in
783 2515 890 2578 Dieta
913 2513 1228 2595 Nurembergensi,
1253 2523 1288 2577 et
1312 2513 1348 2576 di
1371 2513 1433 2594 poi
1453 2532 1520 2594 per
1543 2512 1616 2576 mie

330 2617 467 2680 lettere.

418 2723 560 2804 Quanto
585 2730 654 2791 alle
678 2749 761 2791 cose
786 2731 831 2793 de
854 2732 890 2792 la
907 2730 1001 2809 fede,
1019 2729 1150 2812 perche
1175 2749 1221 2791 ne
1244 2729 1280 2791 la
1304 2727 1412 2790 Dieta
1435 2745 1481 2789 ne
1504 2725 1616 2788 inter·

330 2831 527 2897 veniranno
559 2846 658 2899 tanto
693 2838 802 2920 degni
837 2836 965 2919 prelati
996 2856 1066 2899 non
1103 2855 1212 2917 posso
1242 2835 1407 2898 dubitare
1439 2834 1504 2896 che
1540 2852 1614 2895 non

331 2959 370 3001 se
401 2939 452 3019 gli
481 2940 597 3005 faccia
629 2946 748 3007 buona
773 2944 995 3026 provisione,
1028 2943 1312 3006 massimamente
1343 2963 1408 3025 per
1438 2944 1561 3004 levare
1592 2941 1617 3004 li

331 3047 470 3109 tumulti
495 3059 530 3110 et
554 3050 702 3130 pericoli
727 3054 793 3114 che
817 3053 876 3115 ala
899 3051 1064 3133 giornata
1088 3070 1260 3132 sorgeno;
1289 3050 1314 3112 li
1338 3050 1434 3131 quali
1457 3069 1529 3112 non
1553 3049 1616 3111 ha·

331 3154 449 3216 vendo
474 3157 681 3236 provisione
705 3169 925 3239 porteranno
951 3157 1067 3221 subita
1103 3168 1138 3219 et
1162 3158 1292 3220 acerba
1316 3155 1513 3238 penitentia
1545 3176 1617 3218 con

329 3260 399 3323 essi
439 3270 475 3324 et
511 3264 583 3325 tale
621 3264 686 3326 che
719 3265 781 3347 gia
820 3265 919 3328 molti
952 3265 1035 3327 anni
1073 3285 1145 3328 non
1178 3286 1217 3328 se
1251 3264 1506 3327 ricordaranno
1541 3282 1617 3325 una

331 3368 402 3430 tale
433 3387 499 3449 per
527 3369 719 3434 chroniche
751 3375 817 3434 che
852 3372 883 3435 ci
914 3371 1106 3438 habbian0.
1160 3372 1231 3434 Per
1260 3379 1385 3452 questo
1417 3369 1498 3433 dico
1530 3371 1615 3451 quel

332 3474 398 3536 che
422 3476 513 3539 altra
536 3479 635 3540 volta
658 3480 705 3541 ho
729 3480 828 3542 detto
853 3481 919 3542 che
943 3479 977 3541 io
1002 3499 1071 3541 non
1096 3478 1200 3542 stimo
1224 3478 1429 3558 commodo,
1456 3478 1615 3569 ¹honore-

332 3582 413 3643 vole
437 3603 458 3644 o
483 3585 685 3648 necessario
710 3587 776 3648 che
799 3607 847 3648 un
872 3588 993 3666 legato
1018 3606 1055 3648 se
1084 3585 1120 3648 vi
1149 3585 1256 3664 trovi,
1289 3594 1325 3647 et
1357 3593 1616 3647 summamente

333 3707 388 3750 me
412 3690 515 3769 piace
540 3692 621 3772 quel
659 3694 725 3754 che
755 3692 994 3755 ultimamente
1020 3692 1063 3759 V.
1097 3690 1133 3755 S.
1166 3690 1281 3753 scrive
1312 3692 1378 3752 che
1406 3689 1449 3752 N.
1483 3687 1519 3752 S.
1552 3710 1616 3771 ap-

333 3796 435 3875 provi
460 3807 586 3877 questa
609 3798 788 3880 opinione.
836 3799 984 3862 Anchor
1008 3798 1061 3861 ch’
1084 3798 1119 3861 io
1147 3796 1249 3879 pensi
1281 3815 1379 3860 esser
1408 3797 1616 3860 necessario

334 3899 389 3963 far
412 3903 447 3965 la
471 3904 568 3967 detta
592 3907 689 3968 bolla
714 3917 749 3968 et
773 3908 939 3988 operaria
963 3927 984 3968 o
1008 3906 1231 3987 presentarla
1261 3905 1423 3985 segondo
1454 3904 1521 3966 che
1553 3923 1617 3985 pa·

335 4008 415 4071 reri
439 4011 570 4092 meglio
594 4012 804 4092 servirsene,
829 4022 865 4076 et
889 4011 1099 4095 parebbemi
1122 4012 1189 4075 che
1205 4010 1235 4073 si
1251 4029 1464 4093 procurasse
1480 4011 1618 4074 havere

335 4114 387 4177 sei
411 4136 456 4178 on
481 4125 557 4180 otto
582 4118 780 4182 dottissime
804 4140 958 4201 persone
981 4120 1017 4181 in
1043 4118 1175 4182 diversi
1205 4117 1328 4199 luoghi
1360 4117 1397 4178 di
1421 4115 1618 4181 Germania

336 4222 401 4285 che
425 4223 582 4287 habbino
607 4246 692 4289 cura
715 4227 832 4290 subito
857 4229 923 4290 che
954 4247 1037 4289 esca
1067 4246 1114 4288 un
1138 4225 1230 4287 libro
1259 4224 1304 4288 de
1328 4222 1443 4306 questi
1468 4224 1617 4287 heretici

335 4330 446 4393 latino
471 4353 491 4395 ο
517 4334 664 4415 vulgare
689 4335 915 4416 responderli
940 4344 976 4396 et
999 4332 1186 4415 divulgare
1210 4334 1244 4395 le
1267 4332 1438 4413 risposte,
1462 4327 1493 4393 α’
1519 4330 1618 4412 quali

338 4439 554 4503 basterebbe
588 4462 659 4505 una
691 4442 897 4524 provisione
923 4441 957 4503 di
982 4460 1021 4503 cc
1046 4439 1165 4502 ducati
1188 4458 1254 4520 per
1277 4437 1516 4501 ciaschaduno
1549 4457 1620 4520 per

337 4547 372 4607 la
400 4545 534 4610 fatiche
566 4559 601 4611 et
632 4569 699 4630 per
728 4550 763 4612 la
793 4569 909 4632 spesa.
962 4549 1131 4610 Anchora
1162 4543 1333 4609 iudicarei
1360 4543 1564 4609 necessario
1596 4565 1619 4607 o

337 4654 446 4714 molto
471 4655 555 4717 utile
580 4657 645 4718 che
669 4658 740 4719 alla
764 4655 860 4719 dieta
884 4653 1074 4718 andassino
1099 4655 1224 4716 alcune
1248 4670 1402 4734 persone
1426 4652 1525 4713 dotte
1549 4651 1619 4713 che

337 4778 409 4821 non
432 4780 629 4841 paressono
653 4763 819 4826 mandate
844 4764 890 4825 da
914 4761 950 4826 S.
976 4759 1028 4824 Sl*
1056 4780 1114 4823 ma
1137 4779 1237 4822 corne
1261 4759 1308 4823 da
1331 4777 1370 4821 se
1393 4759 1440 4821 ad
1463 4756 1619 4820 eandem

339 4888 501 4950 causam,
535 4879 570 4936 et
599 4868 624 4936 li
655 4872 817 4956 segondo
850 4868 875 4931 il
903 4868 1054 4952 bisogno
1086 4865 1272 4936 difendere
1301 4865 1337 4936 la
1359 4862 1472 4931 verita
1496 4871 1533 4926 et
1554 4861 1619 4927 im·
