3559 5734
722 579 968 637 0-‘3523ffi

206 726 343 809 patriae
368 727 627 809 periclitantem
651 726 757 789 iidem
782 727 816 789 in
841 727 964 809 primis
988 726 1205 789 Beatitudini
1230 737 1371 790 vestrae
1392 747 1481 788 com-

205 838 408 897 mendatum
443 836 537 897 volo.
595 834 718 897 Faciet
752 833 915 916 profecto
952 831 1004 896 δ’·
1032 834 1075 898 V.
1119 836 1318 915 preclarum
1354 832 1484 896 Christi

206 942 329 1005 vicarii
364 962 455 1024 opus
496 941 524 1004 si
560 941 814 1005 efferventibus
852 962 894 1004 ac
934 941 1130 1004 temerariis
1171 941 1207 1003 in
1251 940 1482 1022 apostolicam

207 1046 338 1112 Sedem
363 1048 438 1111 sive
463 1049 645 1112 calumniis
672 1069 734 1112 seu
762 1048 869 1112 etiam
899 1048 1187 1111 insultationibus
1217 1047 1394 1110 iniuriosis
1425 1068 1483 1110 ex·

207 1156 368 1236 quisitius
393 1157 437 1218 de
462 1156 645 1219 afferendo
669 1155 827 1218 remedio
851 1175 917 1237 pro
943 1165 1093 1236 paterna
1117 1153 1341 1235 benignitate
1364 1155 1483 1217 inobe-

206 1262 360 1325 dientiae
396 1263 498 1325 vobis
528 1261 609 1324 filiis
634 1283 703 1345 quo
728 1263 833 1325 saluti
857 1261 1115 1344 aliquantisper
1138 1264 1358 1340 consulatur,
1387 1280 1483 1343 pros-

207 1369 326 1449 picere
351 1391 419 1433 non
446 1369 638 1443 destiterit;
663 1389 729 1450 pro
753 1369 934 1433 immeritis
959 1368 1119 1432 nimirum
1143 1368 1212 1431 illis
1236 1390 1340 1431 omne
1371 1388 1486 1449 genus

211 1476 408 1539 maledictis
438 1487 545 1558 atque
578 1475 712 1539 iniuriis
744 1477 942 1557 devocatis,
974 1476 1191 1558 largissimas
1215 1476 1356 1539 aliunde
1380 1479 1484 1540 bene·

209 1582 384 1645 dictiones
408 1604 429 1646 a
453 1582 585 1646 Divina
608 1583 797 1646 clementia
820 1604 891 1646 una
915 1603 993 1645 cum
1018 1583 1132 1646 omnis
1155 1583 1238 1644 ΚΜ
1262 1582 1310 1647 8¹⁸
1337 1582 1484 1647 fratrum

209 1689 370 1772 Collegio
388 1701 585 1771 receptura.
612 1741 619 1756 .
638 1738 645 1753 .
663 1741 670 1754 .
708 1691 764 1753 Ex
780 1689 975 1753 Neostadio
1003 1710 1050 1769 13·
1068 1691 1150 1753 Kal.
1168 1689 1267 1772 Sept.
1283 1690 1485 1756 MDXXV.

1064 1836 1236 1884 Humillimus
1264 1837 1388 1885 Servulus

1086 1922 1206 1986 lcum
1224 1923 1379 1997 voment.

811 2425 875 2488 246

414 2558 554 2639 Ferdin.
583 2559 768 2639 Archidux
795 2560 964 2640 lustriae
992 2560 1164 2641 Clementi
1193 2561 1269 2643 llil

664 2708 761 2782 <aput
780 2708 870 2766 hino.
888 2708 940 2767 m
959 2708 1029 2778 284)

701 2825 755 2894 (21.
776 2829 892 2891 Augusti
914 2825 1001 2894 1525.)

301 2972 388 3034 Post
411 2973 537 3033 beatos
560 2971 671 3052 pedes
695 2971 921 3034 deosculatos
946 3018 1005 3033 ...
1046 2969 1197 3051 Quantis
1213 2991 1354 3052 premar
1369 2993 1488 3036 neces·

213 3078 376 3141 sitatibus
400 3088 435 3141 et
460 3076 727 3141 difficultatibus
752 3078 804 3141 8⁸⁸
829 3078 873 3140 V.
899 3100 943 3140 ex
968 3077 1169 3141 novissimis
1193 3080 1279 3141 meis
1304 3079 1428 3143 litteris
1454 3091 1490 3144 et

213 3184 362 3267 amplius
386 3207 431 3248 ex
463 3185 635 3248 relatione
661 3185 859 3248 Consiliarii
892 3186 961 3248 mei
990 3185 1086 3248 Petri
1119 3187 1164 3248 de
1197 3185 1409 3249 Salamanca
1432 3207 1489 3250 co-

212 3312 386 3373 gnoscere
410 3292 535 3374 potuit,
560 3312 605 3354 ex
630 3291 727 3354 cuius
758 3311 826 3374 ego
850 3292 1107 3373 posterioribus
1132 3292 1258 3355 litteris
1273 3295 1414 3357 abunde
1439 3293 1487 3356 in-

215 3398 336 3462 tellexi
363 3419 465 3480 quam
491 3419 669 3481 propensa
694 3400 876 3461 voluntate
902 3399 963 3461 Β(10
987 3398 1027 3461 V.
1056 3399 1211 3481 reliquos
1236 3400 1359 3463 decem
1395 3401 1489 3464 mille

213 3507 360 3569 ducatos
373 3506 457 3568 mihi
472 3509 606 3569 solutos
618 3526 695 3569 esse
709 3505 838 3587 cupiat,
852 3525 940 3588 quos
953 3507 1058 3569 etiam
1069 3505 1136 3569 nisi
1149 3505 1200 3569 Stl
1212 3504 1326 3570 Sedes
1337 3508 1405 3570 ista
1418 3508 1490 3571 suis

213 3632 353 3694 quoque
388 3612 660 3676 necessitatibus
698 3614 876 3676 laboraret
915 3615 1188 3696 haudquaquam
1226 3615 1489 3696 desyderarem.

216 3723 388 3802 Agnosco
413 3721 577 3801 equidem
602 3721 693 3782 hanc
719 3717 766 3782 Sl·
788 3731 850 3781 vtle
873 3730 1057 3801 paternam
1083 3719 1307 3784 affectionem
1331 3732 1367 3783 et
1390 3720 1491 3785 simul

213 3830 279 3891 hoc
303 3827 466 3891 beneficii
491 3838 526 3890 et
551 3827 672 3890 auxilii
698 3848 766 3909 quo
791 3828 907 3891 debeo
933 3828 1046 3890 animo
1072 3837 1107 3890 et
1131 3827 1264 3911 recipio
1290 3836 1326 3891 et
1343 3849 1489 3912 repono,

216 3955 284 3997 non
310 3935 519 3998 existimans
544 3934 613 3997 alio
639 3954 743 4015 quam
769 3955 838 4015 quo
867 3933 907 3996 fit
930 3945 1095 4017 respectu
1119 3944 1253 3997 tantum
1276 3933 1354 3997 fieri
1370 3956 1490 3999 morae

213 4042 247 4103 in
272 4043 464 4124 prestando
488 4041 646 4114 residuo;
671 4061 736 4121 pro
754 4061 823 4122 quo
841 4052 958 4103 tamen
975 4043 1192 4108 numerando
1207 4061 1317 4123 cogor
1341 4043 1490 4106 eandem

213 4151 330 4212 denuo
346 4149 585 4231 interpellare.
604 4147 898 4230 Quandoquidem
911 4147 995 4209 mihi
1007 4147 1166 4211 immensi
1184 4158 1220 4210 et
1234 4150 1491 4230 propemodum

213 4255 467 4319 intollerabiles
481 4264 641 4336 sumptus
656 4254 811 4317 faciendi
825 4265 907 4317 sunt
924 4256 1039 4316 adhuc
1055 4274 1120 4336 pro
1134 4254 1284 4317 subditis
1294 4255 1491 4317 melscasti·

213 4364 350 4445 gandis,
360 4361 418 4443 qui
431 4363 466 4424 in
484 4361 608 4444 patriis
621 4361 708 4424 meis
718 4361 955 4424 anterioribus
966 4362 1118 4443 proximi
1127 4360 1302 4424 Helvetiis
1313 4361 1422 4424 nihilo
1431 4365 1490 4424 mi·

213 4480 321 4533 t10res
329 4468 415 4531 facti
423 4478 649 4532 tantacoram
660 4468 771 4530 oculis
781 4469 882 4531 clade
892 4467 988 4530 facta
999 4467 1032 4529 in
1045 4468 1184 4530 Alsatia
1193 4477 1355 4549 perstant
1365 4468 1399 4530 in
1408 4469 1491 4532 odio

214 4578 309 4659 cleri,
323 4597 427 4659 quem
440 4577 468 4640 si
481 4596 587 4657 pares
600 4575 724 4638 animis
735 4575 829 4637 vires
842 4574 1120 4657 suppetivissent
1134 4575 1202 4637 iam
1214 4575 1408 4638 extinctum
1422 4595 1490 4638 om·

213 4685 296 4746 nino
313 4683 524 4746 videremus.
544 4683 650 4745 Unde
666 4692 703 4742 ut
714 4684 780 4744 hoc
796 4683 925 4744 malum
939 4681 1097 4744 funditus
1110 4682 1311 4745 eradicetur
1325 4693 1360 4745 et
1375 4682 1491 4745 formi-

214 4792 295 4854 dine
305 4793 429 4853 saltem
445 4809 583 4873 poenae
599 4788 766 4851 obstinati
779 4789 896 4851 adhuc
913 4790 959 4850 ad
976 4798 1110 4851 rectum
1126 4789 1341 4851 reducantur
1355 4800 1416 4853 aut
1432 4809 1490 4852 ex-

214 4899 388 4980 tirpentur
412 4896 577 4977 indurati,
602 4896 637 4957 id
662 4905 779 4958 autem
804 4906 958 4977 nequeat
988 4895 1064 4958 sine
1096 4896 1242 4977 copioso
1270 4896 1380 4960 milite
1415 4896 1492 4962 fieri
