3559 5734
760 584 1007 642 Quoue-0

247 733 316 795 iam
340 752 405 795 nos
428 731 529 813 regia
551 731 721 795 Maiestas
750 732 786 795 in
817 731 935 795 animo
967 751 1159 815 suspensos
1189 740 1313 796 tenere
1344 741 1381 797 et
1407 732 1525 798 immo·

246 838 317 901 rari
350 860 393 901 ea
428 859 466 901 re
491 838 668 921 dignetur,
693 840 757 902 sed
794 859 899 921 quam
932 836 1006 901 Sua
1035 838 1206 902 Maiestas
1237 858 1343 921 quam
1375 837 1526 921 primum

152 947 160 952 “
246 944 322 1008 fieri
342 954 463 1027 potest
479 944 644 1026 dignetur
667 944 797 1008 dietam
821 945 918 1009 illam
942 965 1012 1008 non
1037 944 1122 1009 alibi
1146 946 1208 1007 sed
1233 944 1329 1008 circa
1352 966 1452 1009 suum
1467 945 1524 1009 tri·

245 1055 355 1116 bunal
371 1053 406 1115 in
424 1054 520 1115 Arce
537 1051 711 1133 Pragensi
726 1053 894 1131 indicere,
910 1059 948 1114 ut
965 1052 1001 1114 in
1018 1072 1088 1134 quo
1102 1053 1182 1115 loco
1198 1053 1245 1116 de
1259 1050 1331 1115 fide
1346 1051 1526 1135 inceptum

246 1169 300 1222 est
322 1179 433 1241 agere
455 1160 490 1222 in
516 1159 641 1223 eodem
665 1179 806 1241 quoque
831 1161 911 1222 loco
936 1160 981 1222 de
1006 1180 1049 1223 ea
1072 1159 1304 1222 concludatur
1323 1169 1359 1223 et
1373 1159 1525 1227 finiatur.

245 1266 299 1328 Ibi
324 1266 415 1329 enim
439 1266 501 1329 illo
524 1274 686 1348 tempore
710 1287 767 1328 res
791 1267 899 1347 longe
924 1265 1027 1331 aliter
1050 1266 1198 1330 habebit
1221 1287 1328 1349 quam
1360 1269 1406 1332 ad
1434 1268 1525 1332 Emi·

245 1373 399 1436 nentiam
424 1383 579 1437 vestram
603 1374 648 1437 de
664 1373 767 1435 nobis
791 1382 845 1435 est
869 1375 1035 1455 delatum,
1060 1393 1102 1436 ac
1117 1383 1189 1436 tum
1205 1374 1357 1456 primum
1380 1375 1523 1460 ibidem,

246 1481 283 1544 id
308 1481 402 1563 quod
428 1482 472 1543 de
497 1480 729 1563 compactatis
744 1480 947 1544 faciendum
971 1481 1223 1564 promissimus,
1248 1503 1383 1546 summo
1407 1484 1523 1548 studio

244 1586 418 1670 perficere
443 1588 537 1669 quod
561 1587 596 1649 in
621 1588 724 1650 nobis
749 1597 803 1650 est
827 1598 862 1650 et
897 1588 965 1651 erit
988 1587 1205 1653 conabimur.
1243 1588 1428 1654 Postremo
1456 1592 1523 1655 hec

245 1695 289 1759 sit
333 1692 568 1758 Sublimitatis
609 1705 728 1758 vestre
765 1695 860 1778 apud
897 1692 933 1758 S.
958 1695 1005 1759 R
1029 1695 1078 1759 M.
1103 1696 1147 1759 D.
1171 1695 1214 1758 N.
1238 1694 1282 1760 G.
1315 1696 1524 1761 intercessio

245 1813 351 1884 atque
375 1804 446 1865 tale
470 1801 653 1865 consilium
678 1802 783 1865 etiam
807 1822 1005 1884 precamur,
1033 1823 1111 1866 cum
1136 1811 1283 1885 propter
1307 1805 1416 1867 multa
1450 1814 1523 1868 tum

244 1910 302 1972 vel
332 1909 485 1971 maxime
515 1911 562 1971 ob
593 1909 736 1990 publice
766 1909 956 1973 concordie
984 1910 1166 1973 charitatis
1197 1920 1233 1973 et
1263 1909 1393 1973 amoris
1416 1910 1522 1974 dilec-

243 2016 377 2079 tionem
401 2018 497 2098 quod
520 2015 677 2098 pertinet
710 2016 757 2079 ad
785 2026 924 2100 partem
947 2017 1209 2081 incredulorum
1234 2026 1270 2080 et
1292 2037 1522 2081 erroneorum

243 2122 422 2187 hominum
439 2122 499 2206 qui
515 2123 583 2186 sibi
607 2122 677 2186 iam
698 2125 832 2187 nullum
852 2135 1014 2206 prestare
1032 2133 1181 2206 possunt
1196 2124 1382 2188 consilium
1405 2145 1522 2207 neque
1559 2141 1561 2152 ⁴

247 2251 413 2313 quorsum
429 2229 558 2293 diverti
572 2231 728 2294 debeant
743 2231 869 2312 sciunt,
895 2242 935 2295 ut
955 2228 1029 2295 Sua
1044 2229 1156 2294 Sacra
1171 2231 1292 2314 Regia
1304 2230 1475 2295 Maiestas
1486 2231 1522 2294 in

242 2338 426 2421 proposito
450 2339 545 2419 quod
569 2337 699 2401 nostris
716 2336 927 2402 Oratoribus
943 2339 1084 2422 aperire
1108 2336 1230 2420 voluit,
1247 2337 1392 2401 immota
1408 2340 1519 2402 veluti

242 2466 317 2525 nos,
334 2444 537 2527 persistere,
552 2444 612 2526 qui
635 2446 682 2508 ab
697 2443 771 2508 Sua
787 2445 977 2510 Maiestate
992 2446 1196 2509 mandatum
1212 2446 1413 2527 accepimus
1434 2446 1521 2509 velit

242 2563 279 2617 et
296 2553 473 2633 dignetur.
505 2552 581 2615 Nos
597 2572 682 2616 vero
700 2554 795 2616 omni
810 2553 927 2615 studio
943 2552 1195 2617 benevolentia
1211 2562 1247 2616 et
1264 2553 1435 2635 obsequio
1450 2574 1520 2617 om·

242 2660 345 2723 nibus
363 2659 582 2741 temporibus
595 2658 760 2723 secundis
784 2669 820 2723 et
841 2659 1001 2723 adversis
1025 2658 1241 2723 Sublimitati
1262 2660 1391 2724 Vestre
1415 2662 1521 2743 grati-

241 2766 372 2830 tudinis
401 2787 576 2830 memores
608 2767 826 2849 respondere
863 2767 992 2831 erimus
1019 2767 1244 2850 paratissimi,
1284 2767 1519 2831 Eminentiam

241 2876 407 2939 Vestram
423 2874 556 2956 optime
579 2873 852 2957 felicissimeque
875 2876 998 2939 valere
1023 2875 1182 2957 cupimus
1206 2885 1242 2939 et
1265 2874 1517 2942 desideramus.

331 3001 449 3082 Prage
492 2997 679 3062 Dominico
714 3008 796 3080 post
843 2996 998 3062 Simonis
1048 3008 1084 3063 et
1128 2999 1220 3080 Jude
1262 3001 1520 3082 Apostolorum

242 3108 348 3171 Anno
372 3105 515 3171 Domini
538 3105 727 3169 Millesimo
751 3105 1035 3188 quingentesimo
1058 3106 1242 3189 Vigesimo
1267 3107 1400 3189 quinto.

1003 3264 1139 3356 totlitur
1156 3266 1262 3328 olum
1280 3266 1309 3329 ol
1327 3267 1448 3332 &uolui

1067 3353 1197 3417 dulillo
1214 3354 1376 3429 triremis.

840 3837 905 3902 264

492 3963 687 4064 Episcopus
716 3961 948 4043 l'ridoutinus
976 3962 1254 4047 clemoium

700 4117 788 4193 Epioi-
806 4117 897 4177 Ptine.
915 4118 967 4178 111.
987 4119 1046 4180 ³³2.

754 4248 898 4314 (10,Nov.
920 4249 1007 4314 1525.)

328 4392 452 4474 Nuper
484 4390 611 4455 litteris
634 4391 720 4455 meis
751 4402 901 4455 conatus
932 4411 1007 4453 sum
1051 4391 1234 4455 declarare
1266 4392 1383 4456 multis
1415 4413 1515 4475 argu·

239 4498 366 4563 mentis
389 4507 508 4562 vestre
532 4498 742 4562 beatitudini
767 4500 863 4581 quod
900 4498 1032 4580 optime
1067 4498 1283 4562 conduceret
1315 4500 1515 4581 quempiam
1611 4545 1613 4552 >

239 4608 395 4687 legatum
419 4605 590 4668 destinari
614 4605 658 4668 ad
684 4604 814 4669 dietam
837 4604 1057 4687 imperialem
1073 4605 1237 4686 Auguste
1268 4605 1439 4679 futuram;
1470 4609 1514 4670 de

239 4713 332 4776 illius
355 4712 406 4775 rei
432 4713 689 4776 deliberatione
714 4733 819 4793 quum
843 4721 969 4795 postea
993 4711 1079 4775 nihil
1103 4711 1187 4775 mihi
1210 4711 1316 4775 video
1345 4711 1515 4795 nunciari,

239 4819 439 4883 subveritus
463 4840 539 4882 sum
563 4841 607 4883 ne
632 4839 700 4901 ego
724 4819 760 4882 in
782 4831 901 4883 mente
926 4840 1005 4882 mea
1035 4839 1142 4882 unuin
1169 4818 1394 4900 conceperim
1417 4820 1515 4884 cuius

239 4925 452 4989 contrarium
476 4926 555 5008 ipsa
578 4928 769 4990 verborum
791 4926 1033 5009 pronuntiatio
1057 4928 1205 4990 innuere
1228 4925 1306 4989 visa
1330 4925 1385 5009 sit,
1409 4927 1513 5010 siqui-
