3559 5734
827 536 1074 596 Ὴῦὃῖἓὲῖνν

312 677 477 742 tholicum
504 701 589 742 vero
614 681 681 744 Dei
706 686 837 746 cultum
864 685 949 748 nihil
974 706 1044 749 non
1069 689 1285 753 immutando
1310 694 1366 755 vel
1397 691 1502 755 etiam
1530 697 1592 757 ab·

310 786 472 867 rogando
504 789 647 852 audere.
703 790 948 855 Exturbantur
979 815 1021 857 ac
1050 797 1258 859 desolantur
1281 800 1507 880 monasteria,
1532 803 1591 865 de-

310 893 499 956 moliuntur
524 895 700 978 sacrilega
724 918 828 960 manu
854 921 976 964 sacrae
1001 904 1125 984 aedes,
1157 923 1283 967 census
1313 905 1341 967 si
1365 907 1424 988 qui
1450 918 1531 970 sunt
1555 919 1592 972 et

311 1002 418 1062 annui
442 1003 602 1066 redditus
625 1014 732 1086 atque
763 1005 842 1087 ipsa
873 1008 1028 1090 denique
1053 1021 1256 1074 sanctorum
1280 1033 1322 1076 ac
1347 1012 1476 1077 Christi
1504 1035 1592 1097 pau·

310 1126 436 1188 perum
467 1110 665 1173 substantia
695 1134 716 1174 a
744 1116 891 1194 prelatis
922 1115 1080 1197 ipsisque
1111 1119 1342 1182 ecclesiarum
1374 1123 1591 1204 praepositis

309 1214 480 1277 violentia
511 1216 717 1300 Principum
741 1222 788 1281 ad
812 1222 932 1284 nescio
956 1243 1061 1304 quem
1084 1246 1185 1288 usum
1209 1226 1419 1309 preripitur,
1451 1229 1592 1293 exulari

310 1331 486 1403 coguntur
510 1334 656 1388 sanctae
679 1327 912 1408 professionis
937 1331 1128 1411 promiscui
1152 1353 1258 1396 sexus
1283 1334 1454 1416 homines,
1483 1339 1589 1400 abne-

310 1449 398 1511 gare
422 1433 704 1495 commendatum
737 1435 805 1497 sibi
838 1445 1028 1519 tantopere
1060 1442 1116 1502 vel
1140 1440 1259 1522 prisca
1282 1441 1360 1522 ipsa
1385 1453 1589 1506 sanctorum

310 1537 456 1599 Patrum
465 1538 662 1603 humilitate
672 1543 904 1606 monasticum
913 1545 1081 1625 habitum,
1091 1547 1249 1610 maritari
1263 1569 1393 1611 uxores
1403 1550 1589 1632 ducuntur,

310 1665 352 1706 ac
377 1644 463 1708 nihil
488 1664 558 1708 non
585 1647 739 1710 civilium
763 1670 804 1712 ac
828 1652 1040 1715 secularium
1065 1652 1230 1717 fluctuum
1255 1654 1373 1718 subire
1405 1659 1462 1720 vel
1487 1658 1588 1721 inviti

309 1752 345 1814 in
370 1773 504 1816 summa
527 1774 613 1817 vero
638 1755 733 1819 circa
757 1758 943 1841 Priucipes
967 1782 1008 1823 ac
1038 1762 1265 1843 magistratus
1289 1762 1386 1844 ipsos
1411 1766 1527 1829 omnia
1552 1767 1587 1829 in

261 1873 266 1882 '
309 1858 423 1921 isthac
438 1859 582 1942 pietatis
604 1882 721 1945 causa,
737 1886 800 1928 seu
814 1886 881 1948 per
896 1867 1120 1948 tyrannidem
1136 1888 1267 1932 meram
1292 1870 1368 1934 sive
1392 1875 1586 1937 secundum

310 1969 512 2030 teterrimae
539 1973 710 2039 avaritiae
725 1972 837 2055 pestis
853 1973 1029 2054 dictamen
1046 1977 1163 2057 palam
1188 1976 1326 2039 actitari
1350 1979 1475 2040 solent.
1512 1980 1586 2043 Iam

309 2095 395 2138 vero
419 2078 482 2141 tali
505 2082 588 2146 huic
612 2100 654 2144 ac
677 2089 776 2144 tanto
801 2083 894 2144 rnalo
918 2102 1022 2145 nemo
1047 2083 1124 2147 fere
1148 2092 1212 2163 est,
1237 2084 1296 2165 qui
1312 2086 1370 2147 vel
1391 2087 1587 2169 medeatur,

309 2186 368 2247 vel
391 2206 461 2267 quo
477 2191 602 2253 saltem
618 2197 724 2271 pacto
748 2188 971 2269 aliquatenus
987 2191 1198 2253 medendum
1223 2191 1277 2272 sit,
1302 2201 1461 2272 querant.
1499 2193 1586 2257 Cum

310 2294 526 2360 eruditorum
551 2300 646 2360 bona
669 2316 754 2378 pars
778 2296 1007 2379 improbitate
1033 2296 1193 2361 nimirum
1218 2298 1312 2361 vitae
1337 2320 1423 2362 suae
1447 2299 1588 2364 deflexa

310 2399 345 2462 in
371 2421 475 2466 omne
499 2403 535 2467 id
560 2424 674 2488 genus
697 2402 862 2485 stupendi
887 2414 994 2485 atque
1020 2404 1214 2467 execrandi
1237 2405 1357 2487 potius
1381 2406 1464 2468 novi
1489 2406 1588 2471 Chri·

309 2507 480 2573 stianismi
508 2510 739 2593 conspirarit,
771 2509 821 2572 ita
852 2519 890 2571 ut
920 2509 1058 2591 perrari
1090 2513 1197 2593 plane
1230 2511 1300 2574 sint
1308 2560 1331 2591 ,.
1354 2512 1413 2593 qui
1452 2512 1588 2594 pietate

310 2617 480 2698 magistra
504 2619 539 2682 in
564 2617 838 2702 periclitantium
857 2625 910 2678 tot
927 2616 1120 2681 animarum
1138 2620 1287 2681 salutem
1304 2618 1399 2681 dicto
1417 2622 1475 2681 vel
1491 2619 1588 2683 facto

310 2744 329 2786 e
353 2726 533 2790 contrario
557 2725 740 2809 quippiam
764 2725 942 2787 excudere
966 2726 1023 2787 vel
1047 2725 1196 2807 possint,
1220 2727 1279 2787 vel
1293 2726 1459 2791 audeant.
1497 2726 1587 2790 Nam

309 2831 450 2914 scriptis
475 2833 709 2917 nequicquam
733 2831 768 2894 in
794 2852 836 2895 eo
857 2832 940 2894 mali
962 2832 1166 2895 consulitur.
1214 2832 1330 2895 Recte
1355 2833 1448 2896 enim
1473 2833 1588 2897 indies

310 2940 424 3022 magis
448 2961 489 3004 ac
514 2940 627 3022 magis
651 2939 796 3003 invento
821 2959 886 3002 suo
912 2938 1059 3021 disperit
1083 2938 1209 3002 infelix
1233 2960 1404 3021 germana
1429 2942 1587 3022 solertia,

310 3056 409 3109 tanta
432 3046 646 3130 inprimendi
670 3055 747 3110 arte
778 3046 1084 3128 spurcissimorum
1117 3046 1210 3109 illius
1241 3047 1354 3128 partis
1385 3047 1587 3112 libellorum

309 3154 538 3218 tumultuaria
572 3157 700 3217 obruta
732 3154 966 3217 multitudine.
1030 3155 1089 3216 Ad
1123 3163 1317 3217 extremum
1350 3175 1436 3218 vero
1472 3157 1506 3218 in
1543 3177 1587 3219 eo

310 3282 439 3325 causae
464 3265 520 3325 vel
546 3263 624 3344 ipsa
647 3282 787 3344 quoque
812 3261 1002 3344 pastoralis
1017 3261 1276 3343 Episcoporum
1297 3262 1421 3344 virgae
1438 3283 1588 3325 censura

311 3378 347 3431 et
370 3368 473 3432 nimis
497 3348 797 3452 segniter'agere
825 3380 860 3432 et
892 3389 1017 3452 parum
1049 3368 1209 3432 officiose
1232 3369 1383 3432 videtur.
1430 3370 1588 3433 Proinde

315 3474 350 3536 in
375 3476 551 3540 communi
575 3477 690 3540 isthoc
715 3497 884 3558 coporum
915 3497 1028 3558 aeque
1060 3486 1166 3558 atque
1198 3477 1392 3539 animarum
1426 3487 1587 3541 extremo

310 3577 396 3645 sane
421 3583 612 3665 dispendio
637 3586 681 3647 de
697 3583 934 3646 Beatitudinis
950 3594 1103 3664 vestrae,
1127 3585 1190 3647 sed
1209 3593 1244 3647 et
1261 3582 1472 3647 Sanctorum
1489 3584 1587 3647 Petri

312 3709 353 3752 ac
378 3689 481 3752 Pauli
506 3692 620 3772 magis
644 3691 854 3754 auctoritate
878 3689 1042 3772 conlisus,
1067 3712 1138 3754 non
1158 3691 1372 3774 pigritabor,
1397 3693 1587 3755 dummodo

311 3794 491 3860 Sanctitas
517 3799 647 3862 Vestra
670 3798 804 3877 iubeat,
829 3818 899 3880 ego
930 3798 1015 3862 licet
1046 3807 1218 3861 uxoratus
1242 3796 1343 3861 Sacri
1378 3799 1589 3862 diaconatus

310 3903 464 3968 officium
478 3905 607 3986 subire,
619 3926 685 3968 nec
698 3905 836 3987 pigebit
845 3905 1031 3988 professae
1047 3905 1082 3967 in
1097 3905 1273 3968 Christum
1287 3905 1483 3968 catholicae
1492 3904 1588 3983 fidei,

310 4010 521 4093 iamiamque
531 4012 775 4075 intercidentis
783 4014 1040 4095 propemodum
1050 4012 1235 4095 religionis
1244 4032 1364 4075 amore
1378 4033 1456 4075 curn
1466 4014 1588 4096 vulpe-

309 4117 397 4181 culis
420 4118 489 4181 illis
513 4119 653 4183 vineam
677 4120 889 4182 dominicam
912 4128 1101 4201 tantopere
1125 4118 1398 4182 demolientibus
1414 4119 1450 4182 in
1467 4140 1590 4182 earum

309 4228 500 4307 capheram
525 4247 649 4290 manus
673 4246 882 4295 conserere:
908 4246 974 4289 nec
999 4227 1139 4289 demum
1163 4234 1332 4307 quantum
1354 4225 1433 4308 ipse
1450 4227 1590 4290 dederit

310 4331 482 4395 Dominus
506 4334 618 4396 sancti
649 4354 690 4396 ac
724 4332 834 4396 divini
865 4334 968 4396 verbi
999 4332 1052 4395 sui
1083 4335 1161 4413 (nec
1195 4333 1299 4396 aliter
1329 4343 1447 4397 tamen
1482 4354 1589 4415 quam

309 4440 502 4503 secundum
525 4443 695 4504 hactenus
718 4451 819 4503 tanto
843 4460 933 4504 aevo
962 4441 1197 4521 approbatam
1221 4442 1498 4522 theophororum
1523 4442 1588 4504 Pa·

309 4559 402 4611 trum
426 4547 634 4610 catholicam
659 4548 755 4611 illam
779 4557 885 4629 atque
914 4547 1200 4629 irrefragabilem
1227 4547 1409 4610 Ecclesiae
1440 4546 1589 4610 auctori·

309 4656 429 4734 tatem)
453 4675 518 4736 per
541 4675 597 4718 me
620 4654 747 4718 fiendis
772 4655 1096 4738 praedicationibus
1111 4664 1148 4716 et
1162 4674 1208 4716 ex
1223 4655 1376 4717 adverso
1393 4655 1590 4717 ascendere

309 4773 345 4824 et
368 4781 434 4843 pro
457 4762 536 4843 ipso
561 4771 684 4825 sancto
709 4761 851 4825 Domini
875 4762 1011 4824 Israhel
1036 4781 1171 4824 murum
1195 4780 1395 4842 opponere,
1425 4761 1589 4844 diffugio

309 4870 429 4951 Atque
453 4869 502 4932 ita
526 4871 656 4933 demun
680 4890 759 4931 cum
788 4889 904 4932 meum
928 4869 1136 4950 obsequium
1161 4878 1233 4930 tum
1257 4870 1450 4930 communis
1473 4867 1590 4949 magis
