3559 5734
705 559 764 615 0-4]
801 563 855 615 tus
895 558 952 613 ἰθύ

189 705 369 768 dentinum
394 713 587 788 expectare
611 706 705 769 omni
729 708 817 769 hora
842 708 1085 788 obsidionem,
1121 728 1225 790 quam
1259 708 1379 771 rustici
1411 707 1468 772 mi-

191 811 328 891 nantur,
353 821 390 874 ut
414 815 460 875 ab
486 813 772 895 exploratoribus
804 814 944 895 accepi;
980 815 1123 896 quando
1152 813 1267 895 pridie
1287 814 1409 878 rustici
1433 814 1467 877 in

193 919 348 981 Bolzano
383 921 586 1001 propinquo
626 919 760 1003 oppido
798 923 894 984 bona
928 920 1241 1001 Monasteriorum,
1278 934 1313 983 et
1345 923 1470 984 domus

191 1026 219 1087 T
222 1025 464 1089 eutonicorum
481 1026 517 1089 in
532 1028 702 1107 praedam
717 1026 809 1090 inter
826 1049 865 1090 se
889 1027 1011 1110 partiti
1034 1037 1124 1091 sunt.
1173 1028 1265 1109 Quid
1286 1029 1469 1110 pluribus?

192 1132 226 1194 in
249 1133 422 1214 praefatis
446 1132 639 1215 provinciis
669 1143 706 1197 et
734 1134 812 1197 aliis
836 1134 953 1197 multis
976 1136 1066 1198 locis
1090 1135 1175 1198 nihil
1200 1137 1351 1217 amplius
1383 1136 1468 1217 pris·

191 1237 253 1301 tini
277 1239 436 1319 deeoriS,
461 1240 796 1323 ecclesiasticaeque
820 1242 1070 1306 observantiae
1094 1263 1240 1306 cernere
1266 1252 1329 1306 est.
1389 1241 1468 1305 Om-

192 1344 249 1408 nia
262 1347 436 1427 populare
453 1349 580 1430 vulgus
596 1348 790 1427 innovavit,
800 1369 1051 1431 sacrorumque
1065 1352 1352 1433 peragendorum
1365 1351 1469 1413 ritum

192 1454 363 1516 hactenus
387 1464 566 1518 servatum
590 1455 800 1537 antiquavit;
825 1476 941 1538 neque
966 1460 1032 1519 hoc
1058 1460 1193 1521 scelere
1217 1458 1326 1540 impio
1351 1459 1468 1521 admo·

193 1561 273 1623 dum
298 1573 520 1641 contentum,
546 1583 589 1626 eo
613 1562 771 1626 insaniae
796 1563 980 1644 processit,
1005 1573 1043 1626 ut
1066 1564 1308 1627 saecularibus
1329 1584 1469 1646 quoque

195 1667 417 1749 Principibus
432 1670 559 1751 legem,
580 1690 650 1752 qua
672 1670 723 1732 illi
748 1671 793 1732 de
811 1680 930 1733 cetero
956 1670 1028 1734 suis
1044 1672 1257 1754 imperitant,
1273 1672 1468 1755 imposituri

194 1796 270 1837 esse
296 1775 493 1839 videantur.
539 1776 698 1859 Exigunt
722 1787 804 1840 ante
829 1778 962 1858 omnia,
997 1787 1036 1840 ut
1065 1781 1110 1842 ad
1141 1780 1284 1843 modum
1308 1799 1407 1842 suum
1432 1778 1479 1849 lis

193 1883 277 1943 bere
303 1882 354 1944 eis
378 1883 598 1965 relinquatur
614 1883 846 1966 evangelicae
871 1884 1055 1949 doctrinae
1079 1885 1266 1969 professi0,
1283 1907 1387 1968 quam
1411 1885 1471 1948 im·

194 1988 349 2069 peditam
374 2010 439 2070 per
464 1989 653 2072 episcopos
677 1991 862 2071 hactenus,
886 2011 956 2054 uno
980 1993 1068 2055 hore
1092 1994 1262 2073 clamant,
1293 1992 1471 2075 sibiipsis

194 2095 341 2158 electuri
364 2096 399 2159 in
424 2106 605 2178 posterum
630 2096 689 2178 qui
713 2097 914 2161 declament
930 2098 1172 2181 evangelium
1198 2101 1293 2181 quod
1310 2100 1369 2161 ubi
1394 2099 1470 2162 sine

196 2204 438 2267 moderatione
463 2206 550 2284 ulla,
583 2214 621 2267 ut
644 2203 750 2266 etiam
775 2224 853 2267 cum
877 2206 1036 2286 periculo
1060 2207 1156 2268 vitae
1180 2227 1265 2269 suae
1289 2216 1412 2290 petere
1437 2217 1472 2269 et

196 2314 288 2374 velle
304 2311 478 2392 videntur,
496 2311 723 2391 obtinuerint,
739 2321 812 2374 tum
827 2321 944 2376 actum
968 2313 1035 2376 erit
1049 2314 1094 2375 de
1111 2314 1274 2377 omnibus
1290 2314 1472 2376 Ecclesiae

196 2418 423 2501 proceribus,
448 2419 484 2481 in
519 2420 586 2483 hac
620 2419 787 2500 Natione,
822 2419 858 2482 in
893 2440 1040 2501 quorum
1076 2420 1221 2483 exitium
1257 2420 1475 2501 conspiravit

196 2526 363 2590 universa
386 2526 510 2608 populi
540 2524 743 2589 Germanici
774 2526 979 2605 multitude,
1016 2529 1111 2608 quod
1149 2528 1233 2590 mihi
1268 2548 1385 2591 coram
1421 2527 1475 2589 his

197 2634 322 2696 diebus
350 2632 511 2696 innotuit.
558 2632 691 2695 Audivi
715 2632 807 2696 enim
843 2632 930 2696 meis
954 2634 1098 2697 auribus
1131 2655 1177 2698 ex
1206 2635 1310 2698 huius
1344 2631 1472 2695 Princi-

199 2752 302 2822 patus
318 2739 385 2803 mei
403 2740 432 2802 T
434 2740 610 2823 yrolensis
626 2739 787 2819 subditis,
805 2740 850 2801 ad
867 2760 955 2821 quos
971 2742 1149 2804 sedandos
1173 2761 1229 2803 me
1252 2742 1366 2822 ipsum
1395 2759 1473 2802 con-

198 2847 278 2918 tuli;
304 2848 515 2929 inceperant
539 2846 631 2910 enim
655 2856 691 2909 et
726 2846 794 2929 ipsi
828 2847 864 2910 in
899 2847 1183 2911 Ecclesiasticam
1218 2868 1292 2911 rem
1327 2846 1475 2928 saevire,

199 2954 347 3037 primum
371 2954 467 3034 apud
491 2952 685 3034 Brixinam,
709 2953 744 3016 in
769 2974 839 3036 qua
870 2954 1065 3036 expilatum
1097 2966 1151 3018 est
1181 2976 1285 3019 omne
1315 2956 1476 3017 sacerdo·

200 3061 293 3140 tium,
319 3073 355 3125 et
378 3061 576 3144 Episcopus
600 3061 756 3143 fugatus,
781 3062 912 3124 deinde
936 3061 1054 3125 vicina
1073 3061 1302 3141 Monasteria,
1327 3081 1476 3143 quorum

188 3173 268 3234 duo
294 3170 400 3233 etiam
425 3170 582 3251 depilata
610 3179 691 3232 sunt
714 3190 825 3250 usque
852 3171 888 3233 in
918 3172 1049 3234 vallem
1072 3173 1289 3234 Puseranam
1314 3189 1379 3250 pro
1404 3188 1474 3231 ser·

201 3278 316 3359 pentis
340 3277 423 3340 mali
446 3276 691 3360 intemperiem
715 3276 977 3358 sustinuerunt,
1010 3288 1143 3358 quanta
1173 3277 1367 3340 animorum
1399 3295 1476 3357 per-

201 3386 330 3449 vicatia
353 3386 502 3447 tendant
529 3383 564 3446 in
599 3384 735 3447 ruinam
766 3383 874 3447 totius
898 3384 1139 3447 Ecclesiastici
1162 3383 1305 3447 ordinis.
1353 3382 1478 3463 Neque

202 3492 293 3556 onim
323 3491 457 3570 dubito,
482 3490 566 3574 quin
599 3490 858 3573 processissent
882 3492 928 3554 ad
962 3492 1099 3572 reliqua
1132 3491 1374 3568 devastanda,
1412 3488 1479 3551 nisi

200 3621 255 3664 me
279 3599 349 3663 illis
373 3598 581 3661 obiecissem
605 3597 698 3661 omni
730 3598 1013 3662 mansuetudine.
1069 3597 1194 3679 Neque
1224 3596 1362 3660 vicinos
1394 3595 1478 3658 mihi

203 3728 249 3771 ex
271 3708 340 3769 hoc
364 3707 476 3769 latere
492 3704 668 3768 Bavariae
693 3704 878 3787 Principes
902 3715 1171 3787 praetergressa
1196 3713 1249 3767 est
1273 3705 1349 3767 lues
1371 3705 1478 3775 haec;

202 3813 367 3877 viderunt
392 3812 484 3877 enim
509 3823 544 3875 et
567 3811 636 3894 ipsi
660 3811 870 3891 Coenobia,
895 3814 1044 3892 locaque
1068 3830 1132 3873 sua
1155 3832 1257 3875 sacra
1281 3811 1397 3873 diruta
1421 3810 1478 3871 de·

204 3931 353 4001 vastata,
379 3929 414 3984 et
427 3919 586 4002 expilata
609 3918 744 4000 aliquot
768 3916 923 3982 Sveviae
947 3918 1074 3998 vicina,
1099 3938 1247 4000 quorum
1272 3918 1425 3981 omnium
1449 3917 1478 3978 si

205 4031 407 4110 catalogum
438 4026 594 4090 scribere
627 4026 743 4106 velim,
785 4027 927 4089 modum
961 4025 1189 4107 epistolarum
1225 4034 1263 4087 ut
1296 4024 1478 4102 excedam,

205 4144 360 4219 oportet;
398 4135 461 4198 sed
492 4136 581 4197 haec
611 4153 675 4214 per
710 4134 828 4216 capita
864 4134 1039 4195 duntaxat
1073 4132 1348 4215 perstringenda
1383 4130 1479 4212 duxi,

205 4264 274 4325 quo
298 4240 476 4306 Sanctitas
503 4240 631 4303 Vestra
655 4249 862 4322 cognoscat,
897 4239 1025 4321 quibus
1052 4239 1088 4301 in
1113 4238 1270 4301 terminis
1293 4260 1351 4300 res
1374 4236 1480 4320 potis·

114 4392 116 4398 ν
206 4350 330 4415 simum
364 4347 607 4413 ecclesiastica
641 4358 821 4427 versetur,
858 4366 1058 4429 quanquam
1094 4345 1153 4427 qui
1184 4355 1371 4408 censentur
1402 4365 1479 4407 esse

206 4456 396 4523 saecularis
420 4464 548 4535 status,
580 4464 616 4517 et
646 4456 840 4537 praecipue
870 4455 1007 4534 aliquot
1039 4452 1170 4535 insigni
1195 4455 1274 4515 loco
1298 4452 1371 4514 nati
1395 4451 1478 4514 mili-

205 4577 300 4630 tares
323 4563 391 4627 viri
414 4564 448 4626 in
474 4562 640 4645 Hegovia
672 4572 707 4626 et
735 4563 813 4626 aliis
843 4561 931 4625 locis
959 4558 1205 4624 factiosissime
1234 4557 1481 4622 ferocientissi·

193 4693 331 4754 ,meque
355 4669 588 4735 multitudinis
611 4670 681 4733 sint
710 4668 850 4750 experti
873 4670 956 4747 vim,
992 4688 1012 4730 e
1043 4668 1170 4749 quibus
1200 4666 1365 4729 trucidati
1389 4675 1479 4746 sunt,

207 4790 242 4843 et
264 4782 385 4862 plures
409 4778 549 4841 arcibus
573 4776 645 4839 suis
669 4775 808 4857 expulsi
834 4785 869 4838 et
893 4774 1045 4857 spoliati.
1094 4773 1174 4836 Non
1192 4783 1269 4835 erat
1283 4772 1319 4834 in
1337 4769 1479 4833 Svevici

207 4887 339 4958 federis
361 4885 506 4976 viribus,
528 4884 616 4956 utin
633 4893 686 4955 tot
702 4883 788 4955 locis
804 4892 926 4951 ettam
950 4880 1032 4948 latis
1055 4879 1271 4963 regionibus,
1291 4880 1326 4950 in
1351 4877 1478 4970 quibus
