3559 5734
765 572 1011 631 eostre-0

248 723 307 787 ille
332 720 445 786 videri
468 718 581 804 possit
605 724 651 785 ab
675 722 741 783 hac
765 720 922 784 factione
950 720 1060 783 fuisse
1094 721 1153 782 vel
1184 740 1262 783 esse
1295 716 1526 800 prorsusim·

251 831 374 894 munis.
423 829 537 910 Quam
561 832 608 891 ob
633 848 706 891 rem
723 831 842 891 multis
857 839 1009 910 apparet
1034 848 1103 890 non
1122 848 1200 890 esse
1215 827 1317 889 nimis
1332 830 1527 889 consultum

249 936 339 1000 S¹¹¹⁰¹¹¹
363 939 406 999 D.
430 937 472 998 N.
497 938 555 999 vel
579 936 747 999 brevibus
772 938 818 997 ad
841 935 1018 998 hominem
1044 932 1194 1016 scriptiS,
1219 936 1277 996 vel
1293 932 1397 996 factis
1413 945 1526 997 osten·

249 1046 334 1107 dere
360 1064 398 1107 se
422 1043 611 1107 admodum
636 1044 694 1105 vel
720 1041 948 1124 magnificare
973 1043 1030 1104 vel
1055 1041 1162 1103 etiam
1186 1040 1310 1102 timere
1334 1040 1443 1122 illum,
1467 1052 1529 1105 aut

249 1163 396 1234 propter
430 1171 509 1213 eum
544 1151 727 1231 imponere
759 1148 936 1211 silentium
968 1147 1072 1211 bonis
1107 1158 1142 1210 et
1173 1147 1298 1209 zelosis
1328 1147 1528 1212 hominibus

250 1258 384 1340 scripta
408 1257 482 1320 eius
507 1256 632 1319 merito
657 1267 692 1319 et
717 1256 918 1318 necessario
951 1254 1153 1317 hominibus
1180 1263 1347 1336 suspecta
1379 1257 1526 1319 redden-

248 1365 343 1427 tibus
360 1364 445 1427 etin
461 1363 589 1446 quibus
601 1383 685 1425 vere
701 1361 996 1443 reprehensibilia
1011 1372 1093 1437 sunt
1111 1377 1153 1423 ea
1169 1345 1528 1442 reprehendentibus;

250 1492 295 1535 ne
329 1471 495 1534 videlicet
524 1470 583 1532 alii
614 1470 790 1550 Theologi
830 1480 865 1532 et
896 1469 1162 1551 praedicatores
1191 1488 1262 1530 non
1291 1489 1401 1551 usque
1437 1472 1528 1535 adeo

248 1578 389 1658 fervidi,
413 1579 480 1639 hoc
511 1587 699 1640 cernentes
722 1577 916 1660 tepidiores
940 1577 1136 1639 reddantur
1159 1577 1203 1638 ad
1228 1575 1463 1639 obiiciendum
1490 1601 1527 1641 se

249 1686 360 1747 rabiei
385 1685 671 1747 Lutheranorum
692 1699 728 1746 et
751 1683 846 1747 mille
870 1683 1047 1765 periculis.
1096 1682 1136 1744 Id
1161 1683 1256 1764 quod
1277 1685 1343 1745 hoc
1367 1695 1528 1766 tempore

248 1791 400 1855 maxime
423 1793 620 1854 cavendum
645 1804 708 1870 est,
733 1811 811 1854 cum
835 1790 919 1853 inde
943 1792 1088 1853 multum
1112 1792 1192 1872 plus
1215 1790 1298 1852 mali
1322 1803 1529 1872 sequeretur

252 1920 357 1980 quam
382 1899 411 1961 si
436 1899 601 1961 Erasmus
625 1919 646 1960 a
671 1895 764 1960 SS⁰¹⁰
789 1898 854 1959 D¹¹⁰
874 1899 917 1960 N.
943 1908 1166 1978 contemptus
1190 1897 1234 1959 de
1251 1898 1423 1961 industria
1447 1901 1525 1962 scri·

249 2009 353 2069 beret
393 2007 427 2068 in
464 2005 538 2068 eius
570 2003 802 2067 Sanctitatem
835 2015 870 2067 et
906 2005 1107 2067 universam
1139 2003 1289 2084 Sedem,
1320 2016 1443 2087 utpote
1470 2008 1528 2089 qui

249 2114 355 2175 etiam
379 2112 407 2174 si
431 2111 585 2193 pessime
610 2112 766 2174 scribere
790 2121 990 2190 conaretur,
1014 2111 1138 2193 peiora
1160 2112 1203 2174 iis
1236 2132 1327 2192 quae
1352 2114 1528 2178 Lutherus

250 2219 391 2301 scripsit
415 2220 571 2282 scribere
597 2239 665 2281 non
692 2232 823 2300 posset.
880 2218 1006 2281 Sciunt
1034 2230 1221 2301 praeterea
1252 2239 1375 2281 omnes
1399 2222 1527 2284 eruditi

250 2338 285 2389 et
310 2327 415 2389 etiam
440 2337 538 2408 magl
560 2324 814 2388 hieruditorum
846 2346 867 2388 a
897 2327 1001 2388 bonis
1031 2326 1338 2408 praedicatoribus
1368 2327 1530 2391 instructi

248 2454 353 2515 quam
378 2453 503 2514 parum
527 2431 610 2494 fidei
636 2432 862 2495 tribuendum
887 2433 932 2494 sit
947 2433 1094 2495 Erasmo
1117 2433 1150 2495 in
1176 2436 1283 2495 rebus
1307 2435 1529 2517 theologicis5

249 2561 326 2602 cum
344 2540 378 2602 in
395 2540 512 2620 patria
527 2538 709 2620 utriusque
726 2538 870 2621 linguae
886 2550 920 2601 et
939 2538 1191 2621 grammaticae
1207 2550 1313 2620 atque
1330 2542 1529 2604 rhetoricae

248 2649 393 2709 multum
417 2647 560 2709 omnino
584 2648 629 2709 sit
657 2646 890 2728 tribuendum,
914 2646 1008 2709 intra
1036 2667 1183 2728 quarum
1214 2646 1414 2728 linguarum
1445 2650 1527 2712 arti·

249 2774 378 2834 umque
403 2753 531 2815 limites
554 2753 583 2815 si
599 2774 677 2815 sese
694 2753 935 2833 continuisset,
953 2773 1022 2814 non
1041 2753 1131 2814 adeo
1149 2752 1337 2816 infeliciter
1361 2767 1528 2836 tanquam

250 2880 362 2941 parvo
388 2860 504 2922 fructu
528 2880 607 2922 sese
631 2862 738 2922 rebus
762 2859 973 2941 theologicis
997 2858 1214 2940 ingessisset.
1263 2858 1387 2941 Neque
1411 2871 1528 2924 tamen

250 2966 455 3048 negaverim
481 2987 560 3030 eum
584 2969 693 3029 multa
726 2966 910 3049 scripsisse
941 2969 1036 3028 bona
1067 2976 1173 3048 atque
1207 2966 1306 3028 utilia
1336 2980 1373 3028 et
1403 2969 1530 3048 quibus

249 3074 397 3136 studiosi
422 3073 526 3135 etiam
550 3073 754 3153 theologiae
779 3093 848 3136 non
872 3092 998 3154 parum
1022 3073 1182 3135 adiuvari
1207 3072 1344 3153 possint
1373 3073 1402 3135 si
1427 3086 1530 3137 caute

250 3189 286 3243 et
314 3201 391 3242 cum
416 3180 545 3241 iudicio
571 3200 613 3242 ea
637 3158 777 3262 legant;
813 3181 876 3242 sed
908 3189 1056 3261 propter
1086 3180 1190 3242 valde
1226 3181 1333 3241 multa
1370 3201 1460 3261 quae
1493 3183 1527 3245 in

250 3287 300 3350 eis
325 3287 442 3349 insunt
457 3288 514 3348 vel
539 3306 688 3349 erronea
713 3287 770 3348 vel
793 3288 1007 3349 scandalosa
1030 3287 1087 3348 vel
1111 3286 1247 3367 piarum
1269 3287 1404 3349 aurium
1420 3288 1527 3351 offen·

250 3395 335 3475 siva,
361 3395 544 3456 crederem
569 3414 638 3476 ego
671 3394 784 3476 magis
808 3395 1051 3477 profecturum
1080 3393 1190 3457 fuisse
1215 3393 1435 3457 Christianae
1466 3396 1527 3460 rei·

250 3502 415 3585 publicae
444 3501 473 3564 si
498 3501 663 3564 Erasmus
698 3501 785 3564 nihil
822 3501 963 3564 omnino
998 3501 1042 3563 de
1075 3502 1181 3563 rebus
1211 3500 1423 3581 theologicis
1452 3502 1528 3564 atti·

250 3610 362 3691 gisset
394 3609 451 3670 vel
485 3608 696 3689 scripsisset.
758 3609 869 3671 Immo
902 3629 972 3671 non
1012 3609 1140 3670 desunt
1171 3607 1230 3689 qui
1260 3617 1387 3689 putent
1417 3610 1530 3672 minus

251 3716 449 3779 nociturum
472 3716 582 3778 fuisse
606 3715 635 3777 si
660 3726 783 3797 aperte
807 3737 873 3797 pro
890 3717 1046 3778 Luthero
1071 3715 1227 3778 stetisset
1250 3735 1354 3797 quam
1379 3725 1529 3798 utroque

252 3825 344 3905 pede
370 3822 603 3886 claudicando
629 3834 663 3884 et
689 3823 777 3885 duos
802 3825 852 3904 (ut
874 3823 911 3884 in
936 3821 1074 3903 adagiis
1099 3822 1173 3884 eius
1198 3824 1262 3902 est)
1296 3823 1452 3904 parietes
1484 3844 1528 3886 ex

250 3951 320 3993 una
343 3929 462 3991 fidelia
485 3930 696 4008 dealbando,
721 3950 812 3992 nunc
828 3930 888 3992 uni
905 3950 997 3991 nunc
1015 3929 1116 3991 alteri
1140 3930 1233 4010 parti
1256 3929 1371 3993 videri
1396 3932 1523 3993 adhae-

250 4058 329 4100 rere
354 4038 461 4109 velle;
494 4036 684 4118 dicuntque
713 4038 878 4100 doctores
911 4039 991 4118 plus
1021 4057 1150 4098 nocere
1181 4057 1243 4098 eos
1276 4036 1336 4117 qui
1368 4047 1529 4118 tempore

252 4144 478 4206 schismatum
512 4145 629 4224 (quale
670 4163 763 4206 nunc
792 4154 846 4206 est
880 4143 916 4205 in
948 4143 1109 4206 Ecclesia
1140 4145 1208 4204 ehu
1233 4142 1375 4205 nimium
1400 4147 1525 4226 grave)

253 4250 434 4330 utriusque
458 4249 591 4330 pariter
615 4260 650 4312 et
673 4250 832 4312 neutrius
856 4250 967 4332 partis
993 4271 1071 4313 esse
1095 4250 1230 4327 volunt,
1254 4270 1360 4330 quam
1384 4272 1445 4313 eos
1469 4251 1528 4333 qui

253 4360 360 4438 plane
383 4378 488 4419 unam
512 4367 649 4438 partem
675 4357 780 4419 etiam
804 4357 1018 4420 deteriorem
1042 4356 1311 4438 amplectuntur.
1368 4357 1434 4419 His
1465 4357 1528 4420 ita·

258 4485 327 4546 que
351 4475 387 4526 et
410 4464 581 4527 similibus
605 4463 802 4527 rationibus
825 4464 967 4527 videtur
990 4464 1086 4545 qnod
1112 4460 1220 4525 SS¹¹¹¹¹⁸
1239 4464 1280 4529 D.
1292 4463 1339 4528 N.
1357 4474 1393 4526 et
1412 4477 1527 4527 revmul

256 4608 464 4615 0——

254 4679 377 4741 Lugduni
391 4681 483 4729 Batav.
504 4679 589 4741 1705).
622 4680 661 4726 At
672 4680 731 4742 ipsa
749 4679 783 4727 ad
797 4678 1012 4728 Melanchtonem
1031 4680 1111 4728 missa
1129 4679 1243 4743 epistola
1261 4680 1304 4728 die
1324 4680 1348 4732 6.
1368 4681 1440 4745 Sept
1463 4691 1529 4746 1524

254 4775 306 4808 non
326 4760 406 4807 dubie
425 4759 540 4806 ostendit
559 4760 676 4807 savorem
696 4774 748 4821 quo
768 4761 908 4818 Erasmus,
926 4761 976 4808 nisi
1001 4762 1104 4817 omnia,
1130 4768 1201 4807 certe
1219 4760 1302 4808 multa
1322 4761 1430 4809 Lutheri
1449 4777 1530 4825 opera

254 4847 280 4888 et
298 4841 396 4904 scripta
414 4839 630 4902 prosequebatur.
668 4841 793 4888 Nondum
812 4841 881 4888 enim
901 4841 928 4889 in
952 4856 1010 4888 eum
1037 4847 1128 4903 aperta
1153 4841 1273 4889 convicia
1304 4841 1459 4900 liutherum,
1484 4858 1530 4912 spe

255 4936 344 4970 secum
363 4920 437 4968 illum
458 4920 573 4968 habendi
593 4920 704 4985 perdita,
723 4921 876 4982 iniecerant,
895 4921 963 4969 sicut
982 4922 1064 4968 serius
1083 4921 1193 4976 secrunt.
