3559 5734
801 522 858 573 0⁴3
897 520 976 574 XXII
1015 519 1073 574 8⁵⁴

300 663 520 743 quorundam
544 665 671 745 studia,
697 667 792 747 quod
817 668 873 728 vel
910 666 1060 730 nominis
1087 668 1171 730 inde
1203 668 1477 750 perpetuitatem
1510 670 1582 732 vin·

299 767 419 832 dicare
435 769 502 832 sibi
518 771 664 854 cupiunt
682 783 741 835 aut
754 783 851 836 certe
868 774 978 836 ultum
995 773 1037 837 iri
1053 777 1223 838 adversus
1239 795 1301 838 eos
1317 796 1406 857 quos
1418 775 1583 858 implaca-

298 875 361 938 bili
386 876 468 939 odio
493 890 774 961 prosequuntur;
800 879 964 944 civitates
989 901 1130 962 quoque
1153 882 1245 944 huic
1270 882 1416 962 negotio
1441 882 1582 945 minime

299 983 437 1064 desunt,
462 987 558 1066 quod
582 1007 621 1050 se
646 988 713 1050 hac
738 986 958 1069 potissimum
988 988 1047 1049 via
1071 1009 1093 1050 a
1116 987 1270 1050 caeteris
1292 1008 1433 1070 quoque
1457 1008 1582 1071 regum

297 1111 340 1153 ac
363 1091 615 1175 imperatorum
640 1094 809 1157 oneribus
835 1106 1005 1158 excutere
1030 1096 1237 1176 sperant“¹)‚

387 1198 487 1279 Quae
512 1221 591 1264 cum
615 1201 665 1264 ita
689 1212 818 1281 essent,
841 1203 949 1266 facile
974 1224 994 1265 a
1018 1203 1254 1285 prudentibus
1277 1204 1479 1267 hominibus
1503 1224 1581 1286 pro·

298 1305 394 1368 xima
442 1308 603 1389 pericula
644 1309 959 1391 praevidebantur.
1025 1311 1190 1372 Hanerus
1232 1310 1309 1393 ipse
1355 1312 1581 1374 hortabatur:

302 1411 481 1494 ,Caveant
504 1416 695 1500 principes,
719 1427 872 1480 caveant
895 1430 932 1480 et
961 1418 1124 1481 civitates
1148 1418 1245 1480 nulla
1268 1417 1484 1481 clancularia
1507 1416 1584 1480 heri

298 1521 556 1600 conventicula,
570 1525 684 1587 nullas
697 1523 979 1605 conspirationes
991 1548 998 1597 ;
1012 1545 1070 1587 res
1084 1524 1176 1587 enim
1184 1525 1298 1605 magis
1309 1525 1466 1588 factione
1476 1546 1581 1607 quam

299 1647 364 1710 pro
386 1628 535 1692 veritate
553 1630 703 1711 agitur“.
737 1630 809 1695 Sed
832 1632 1091 1710 conventicula,
1110 1633 1173 1695 sed
1195 1631 1457 1696 coniurationes
1477 1634 1582 1697 solito

298 1734 456 1817 apertius
471 1741 744 1821 exercebantur,
762 1739 844 1803 odia
863 1743 1095 1819 acuebantur,
1112 1741 1304 1822 populares
1324 1739 1397 1803 irae
1417 1742 1581 1804 incende·

298 1845 437 1905 bantur.
455 1845 601 1908 Frustra
610 1846 678 1909 iam
692 1867 713 1908 a
723 1849 780 1911 die
794 1847 909 1930 prima
920 1845 1142 1929 Septembris
1154 1846 1237 1909 anni
1250 1867 1307 1925 152
1317 1867 1328 1908 1
1340 1847 1454 1926 Julius
1462 1847 1581 1911 Cardi-

298 1949 388 2013 nalis
400 1951 444 2013 de
457 1951 607 2016 Medicis
618 1963 701 2016 tunc
715 1953 1039 2018 Vicecancellarius
1048 1953 1237 2017 Romanae
1246 1953 1429 2017 Ecclesiae
1439 1954 1581 2036 (deinde

299 2058 467 2123 Pontifex
490 2059 653 2124 Clemens
670 2061 762 2141 VII.)
782 2061 975 2144 scripserat
1001 2060 1198 2124 Alcandro:
1232 2059 1425 2141 ,Omnibus
1442 2060 1582 2125 *viribus

299 2166 475 2229 conamini
498 2177 537 2230 ut
561 2166 705 2232 Caesari
730 2178 765 2231 et
795 2168 1016 2252 principibus
1048 2167 1299 2231 ecclesiasticis
1331 2177 1366 2230 et
1396 2168 1581 2231 saeculari·

298 2276 364 2336 bus
387 2274 633 2356 persuadeatis
657 2274 714 2337 hic
742 2296 813 2339 non
837 2285 973 2339 tantum
998 2275 1059 2356 agi
1082 2275 1127 2337 de
1152 2273 1361 2338 confusione
1385 2275 1468 2337 fidei
1493 2276 1581 2338 chri-

297 2380 433 2446 stianae
447 2391 483 2445 et
495 2381 706 2462 catholicae,
719 2385 782 2445 sed
797 2383 902 2446 etiam
916 2384 961 2445 de
976 2382 1153 2446 molienda
1177 2381 1398 2466 principibus
1419 2382 1582 2446 omnibus

299 2488 402 2552 ruina
412 2492 556 2553 eosdem
572 2510 593 2552 a
605 2489 760 2571 propriis
772 2489 1032 2572 principatibus
1044 2499 1080 2552 et
1093 2487 1256 2552 dominiis
1269 2490 1446 2552 trudendo
1458 2512 1465 2562 ;
1478 2489 1529 2552 ita
1545 2499 1585 2552 ut

299 2617 406 2659 causa
415 2596 461 2659 sit
473 2617 558 2660 vere
570 2597 728 2661 comunis
741 2607 776 2661 et
785 2618 850 2680 pro
863 2595 935 2660 fide
949 2607 984 2659 et
994 2616 1061 2678 pro
1073 2595 1282 2662 defensione
1297 2596 1381 2659 iuris
1396 2616 1502 2677 quum
1524 2617 1581 2659 ne-

298 2702 456 2785 quissimi
491 2703 541 2767 illi
577 2724 699 2767 omnes
732 2703 992 2767 dominationes
1023 2702 1282 2767 ecclesiasticas
1313 2714 1349 2765 et
1380 2704 1582 2766 saeculares

297 2821 459 2874 evertere
493 2807 728 2895 conentur“²).
793 2810 976 2874 Aleander
1012 2811 1089 2892 ipse
1123 2812 1230 2892 paulo
1273 2818 1355 2893 post
1390 2808 1584 2891 scripserat

298 2918 427 2981 Eckio:
458 2917 552 2999 „Nisi
578 2918 710 2982 Caesar
735 2920 853 2981 obstet
877 2916 1112 2980 miserandam
1137 2917 1246 2979 visuri
1271 2938 1390 2980 sumus
1405 2916 1441 2979 in
1459 2917 1579 2980 Eccle-

298 3026 350 3088 sia
373 3027 442 3089 Dei
467 3025 722 3103 calamitatem,
757 3026 821 3087 sed
854 3045 933 3088 cum
963 3045 1092 3106 magno
1122 3039 1158 3086 et
1181 3024 1296 3106 primo
1321 3023 1581 3087 Germanorum

298 3132 453 3214 malo“³).

388 3241 438 3303 At
462 3241 595 3304 Caesar
620 3259 691 3302 non
717 3239 868 3302 viriliter
893 3238 1048 3310 obstitit;
1075 3259 1095 3300 a
1110 3236 1302 3301 Germania
1318 3237 1352 3299 in
1370 3237 1581 3320 Hispaniam

298 3347 483 3411 discedere
508 3356 666 3426 coactuS,
690 3345 772 3409 hinc
796 3346 974 3409 lutherani
1004 3345 1183 3428 principes
1208 3345 1437 3408 audentiores
1461 3356 1497 3408 et
1530 3367 1581 3408 se·

298 3455 442 3536 gniores
466 3454 633 3517 catholici
658 3474 764 3536 quum
787 3453 873 3516 facti
900 3462 1029 3534 essent,
1055 3472 1113 3515 res
1137 3451 1172 3514 in
1197 3451 1299 3532 peius
1323 3452 1403 3516 ruit.
1451 3453 1582 3516 Parum

231 3589 235 3597 ·
298 3562 435 3626 faustus
459 3560 781 3642 Nurembergensis
806 3570 1001 3623 conventus
1025 3557 1181 3621 ostendit
1204 3558 1377 3637 omnibuS,
1402 3579 1440 3621 se
1466 3560 1580 3642 parvi·

299 3670 457 3752 pendere
482 3666 690 3731 Pontificem
716 3678 751 3729 et
775 3668 979 3737 Caesarem;
1011 3668 1166 3728 nondum
1197 3665 1290 3729 sicco
1319 3664 1454 3728 decreti
1478 3665 1582 3728 Wor·

300 3774 481 3839 mutiensis
524 3784 722 3838 atramento
731 3823 739 3854 ,
785 3773 896 3856 ipsius
927 3772 1169 3835 ordinationes
1208 3791 1342 3834 vacuae
1382 3784 1582 3853 evaserant,

301 3894 443 3967 spretae
478 3905 499 3945 a
535 3882 756 3965 principibus
803 3892 838 3944 et
881 3880 1166 3963 magistratibus,
1204 3878 1444 3943 labefectatae
1481 3879 1583 3942 novis

288 3992 418 4053 dietae
442 3989 763 4070 Nurembergensis
795 3987 1078 4071 provisionibu53
1113 3988 1161 4050 ita
1192 4001 1230 4048 ut
1261 3986 1373 4049 nuntii
1405 3986 1584 4069 pontificis

300 4101 346 4161 ad
371 4099 535 4162 Carolum
560 4096 655 4159 missi
680 4096 795 4160 eidem
819 4095 1025 4176 imperatori
1049 4091 1288 4156 declararent:
1316 4093 1416 4175 ,Non
1441 4094 1583 4175 privato

301 4207 487 4269 commodo
512 4214 572 4266 aut
596 4202 741 4286 propria
766 4203 918 4265 utilitate
943 4202 978 4264 in
1004 4222 1042 4263 re
1071 4200 1275 4282 germanica
1306 4209 1469 4263 movetur
1492 4201 1582 4264 Pon.-

301 4312 391 4375 tifex
415 4313 478 4374 sed
499 4320 552 4373 tot
576 4309 769 4372 animarum
794 4309 931 4371 iactura
955 4320 990 4370 et
1006 4308 1161 4379 damnis;
1186 4308 1338 4370 addatur
1355 4305 1462 4369 etiam
1486 4308 1582 4388 quod

302 4440 408 4501 quum
447 4417 636 4480 Caesarem
673 4428 823 4499 paterno
862 4435 982 4481 amore
1015 4413 1151 4496 diligat,
1192 4413 1349 4495 graviter
1391 4414 1582 4476 admodum

302 4527 412 4590 ferret
435 4524 465 4588 si
489 4524 591 4586 huius
615 4523 836 4605 temporibus
860 4543 881 4584 a
914 4540 1027 4603 grege
1051 4521 1120 4583 Dei
1150 4519 1246 4582 natio
1277 4518 1482 4602 germanica
1514 4518 1581 4583 dis·

302 4644 515 4717 gregaretur
539 4630 653 4692 eidem
677 4628 858 4693 Maiestati
885 4628 1118 4709 imputaretur
1142 4628 1237 4709 quod
1262 4626 1405 4690 defectu
1429 4627 1582 4709 pruden-

377 4809 398 4875 1)
417 4812 529 4859 Docum.
552 4821 609 4873 141.
630 4808 676 4859 lul.
695 4809 756 4868 316,
775 4818 836 4870 317.
982 4803 1005 4875 ²)
1024 4808 1138 4855 Docum.
1161 4816 1200 4868 17.
1220 4804 1268 4858 sol.
1287 4819 1330 4870 44,
1350 4814 1393 4870 45.

374 4888 395 4959 ὅ)
415 4893 482 4940 Doc.
503 4901 544 4949 23.
565 4888 611 4938 sol.
632 4889 675 4951 58.
