3559 5734
841 532 1091 594 0⁴43qu

326 703 368 747 ac
401 703 476 746 rem
508 680 639 746 Christi
672 693 708 747 et
731 681 915 748 Ecclesiae
947 693 1133 767 gratanter
1164 703 1244 769 age.
1295 683 1325 748 E
1357 681 1608 768 Norimherga,

326 790 439 854 Nonis
462 790 620 870 Januarii
644 790 789 855 XXIV.

1173 906 1449 975 luant-ena

868 1095 1076 1107 mmm»-

937 1325 1012 1392 142.

673 1443 778 1524 lrolt
806 1442 967 1545 llcgunt
996 1440 1169 1524 lllemmti
1191 1443 1275 1526 m

725 1589 827 1665 (apua
844 1589 1006 1664 aarum
1021 1589 1060 1649 u
1077 1590 1123 1650 m
1140 1590 1212 1663 zat.)

822 1705 877 1778 (14.
898 1711 1008 1776 Januar.
1031 1709 1119 1779 1524.)

418 1847 650 1914 Sanctissime
670 1870 716 1914 ac
740 1850 1027 1919 Prestantissime
1050 1851 1086 1919 in
1109 1851 1252 1921 Christo
1275 1852 1386 1917 Pater
1408 1860 1445 1917 et
1467 1852 1611 1919 domine

327 1956 469 2020 domine
505 1957 753 2021 colendissime
782 1955 1035 2023 obedientiam
1070 1958 1227 2025 debitam
1252 1969 1288 2024 et
1309 1958 1447 2023 devota
1469 1979 1614 2042 semper

328 2065 451 2127 oscula
473 2065 670 2128 beatorum.
697 2101 734 2110 -
766 2064 900 2129 Divina
922 2064 1149 2147 providentia
1171 2067 1218 2129 ad
1240 2064 1474 2149 apostolicae
1498 2065 1612 2149 digni·

328 2171 411 2234 tatis
444 2172 583 2234 culmen
606 2170 791 2237 beatitudo
816 2171 948 2239 Vesua
977 2180 1113 2252 erecta,
1149 2191 1233 2237 mox
1263 2171 1300 2239 in
1324 2171 1443 2245 limine
1462 2170 1610 2237 Ponat

327 2288 428 2345 catus
452 2278 516 2357 sui,
539 2277 712 2362 assumpti
735 2278 907 2359 nominis,
931 2278 1154 2348 clenentiam
1178 2298 1221 2345 ac
1244 2279 1501 2362 benignitatem
1524 2299 1615 2362 erga

328 2405 384 2448 me
414 2394 613 2448 creaturam
637 2404 736 2451 suam
764 2386 923 2467 paternis
954 2385 1088 2454 licteris
1114 2385 1287 2479 singulari
1310 2407 1431 2451 amore
1461 2388 1615 2471 preditis

328 2512 398 2556 non
425 2493 539 2556 solum
563 2492 748 2559 declarare
776 2491 1031 2557 verumetiam
1059 2493 1337 2575 gratulationem
1360 2492 1473 2577 ipsam
1497 2514 1614 2558 meam

328 2601 447 2681 (quam
479 2618 545 2681 pro
579 2616 715 2662 summa
748 2598 991 2663 benivolentia
1024 2600 1107 2667 olim
1139 2600 1232 2665 inter
1255 2620 1320 2664 nos
1342 2601 1545 2667 *constituta
1576 2613 1615 2666 et

328 2705 451 2782 debita
483 2706 590 2770 modo
622 2726 664 2769 ac
676 2702 687 2719 ''
697 2704 795 2769 filiali
831 2706 1061 2773 observantia
1090 2718 1129 2777 et
1162 2707 1333 2773 servitute
1363 2728 1443 2772 mea
1475 2708 1615 2792 pridem

329 2832 395 2894 per
410 2811 552 2876 lieteras
567 2811 652 2898 feci)
668 2812 858 2895 prevenire
875 2813 1020 2894 studuit,
1044 2814 1089 2878 de
1105 2834 1175 2896 qua
1190 2834 1230 2878 re
1246 2814 1457 2885 beatitudini
1471 2827 1615 2889 vestrae

328 2918 464 3000 gratias
487 2921 604 2983 habeo
628 2918 832 2999 immensas,
858 2919 1044 3002 eidemque
1068 2921 1114 2986 de
1139 2921 1260 2985 divina
1284 2921 1525 3005 assumptione
1549 2943 1616 2987 soa

331 3046 449 3089 rursus
491 3025 618 3091 iterum
660 3036 768 3108 atque
802 3025 930 3090 iterum
969 3029 1150 3109 gratulor,
1188 3018 1387 3110 precorque
1427 3037 1466 3091 ut
1498 3030 1614 3093 loelix

329 3133 447 3196 fausta
479 3133 635 3215 longeva
665 3132 709 3197 sit
738 3142 848 3215 atque
879 3144 1064 3216 perpetua.
1110 3133 1205 3216 Quin
1236 3135 1380 3217 quidem
1410 3134 1498 3199 nibil
1528 3136 1615 3200 mibi

325 3239 494 3304 accidere
517 3240 693 3322 potuisset
716 3240 820 3305 letius
844 3241 1070 3323 expectatius
1093 3247 1155 3307 aut
1175 3250 1275 3306 certe
1298 3240 1486 3311 iucundius
1509 3262 1616 3324 quam

330 3367 409 3411 cum
441 3347 707 3412 Beatitudinem
732 3347 899 3415 Vestram
928 3347 1131 3425 Romanum
1155 3346 1365 3415 Pontificem
1395 3347 1615 3413 declaratam

330 3455 552 3535 electamque
583 3453 849 3535 cognovissem,
883 3455 979 3537 quod
1004 3456 1128 3521 sedulo
1151 3455 1258 3519 etiam
1282 3454 1487 3537 priusquam
1510 3454 1615 3520 fieret

330 3561 419 3641 lore,
433 3581 523 3625 -mea
544 3561 631 3625 mihi
647 3582 746 3626 mens
758 3561 994 3644 prenunciare
1015 3561 1272 3644 presagireque
1293 3562 1492 3645 videbatur,
1507 3564 1615 3629 talem

330 3668 463 3751 quippe
495 3677 705 3751 tantumque
734 3667 940 3751 pontificem
964 3667 1094 3732 infesta
1124 3689 1165 3732 ac
1190 3667 1397 3732 calamitosa
1425 3668 1492 3732 hec
1517 3668 1614 3733 Chri·

329 3775 466 3839 stianae
495 3774 580 3839 fidei
601 3785 764 3857 tempora
788 3776 1041 3841 desiderabant
1065 3775 1431 3857 expostulabantque,
1464 3775 1523 3856 qui
1548 3775 1615 3839 uir·

329 3892 405 3947 tute
420 3881 626 3964 ⁴prudencia
658 3903 700 3945 ac
725 3882 1011 3947 constantissima
1044 3900 1133 3963 erga
1156 3891 1316 3945 sanctam
1339 3880 1614 3964 fidem-pietate,

331 3992 554 4053 lutheranam
577 3991 695 4052 labem
725 4010 773 4053 ex
797 3989 960 4054 Ecclesia
981 3988 1051 4052 Dei
1085 3997 1120 4050 et
1143 3988 1496 4070 Romano'Imperio
1514 3990 1614 4053 tolle·

330 4105 386 4159 ret
411 4097 571 4160 aboleret
594 4095 810 4177 eliminaret,
841 4098 937 4161 uude
962 4093 1117 4159 Consilio
1141 4096 1282 4159 occulto
1303 4094 1372 4159 Dei
1396 4094 1512 4161 iudico
1528 4092 1615 4159 San·

326 4203 490 4269 ctitatem
513 4203 680 4267 Vestram
712 4204 757 4267 ad
781 4223 898 4266 rerum
922 4200 1104 4284 fastigium
1128 4209 1312 4283 vocatam,
1348 4211 1386 4264 ut
1409 4201 1488 4285 ipsa
1518 4204 1615 4283 quod

327 4309 382 4373 fe:
414 4330 470 4374 re:
502 4309 660 4375 Leonem
691 4310 874 4374 Decimum
907 4309 1198 4391 predecessorem
1229 4307 1438 4375 sanctitatis
1461 4308 1615 4372 Vestrae

331 4437 373 4480 ac
401 4417 600 4481 secundum
632 4435 776 4481 carnem
809 4418 1007 4498 patruelem
1039 4414 1098 4497 pie
1136 4435 1178 4479 ac
1212 4424 1335 4479 sancte
1374 4424 1516 4498 ceptum
1549 4425 1615 4496 est,

331 4532 473 4588 streme
503 4543 547 4587 ac
577 4522 731 4588 feliciter
760 4523 807 4587 ad
832 4523 900 4587 Dei
923 4522 1076 4605 gloriam
1099 4521 1278 4603 perficiat,
1312 4530 1349 4587 et
1378 4522 1425 4586 ad
1450 4521 1616 4587 effectum

327 4631 515 4712 perducat.
562 4630 741 4695 Polliceor
774 4649 843 4711 ego
876 4649 943 4712 pro
975 4628 1110 4712 pietate
1143 4648 1248 4721 quam
1279 4630 1358 4692 Deo
1387 4628 1543 4712 optimo,
1578 4638 1616 4693 et

332 4736 562 4801 observantia
594 4758 699 4819 quam
732 4734 964 4800 sanctissime
997 4735 1230 4819 Apostolicae
1263 4733 1349 4799 Sedi
1387 4736 1522 4817 debeo,
1556 4756 1614 4803 me

326 4863 404 4909 ,una
429 4864 514 4907 cum
544 4843 656 4909 fratre
686 4864 766 4907 meo
794 4851 836 4907 et
857 4841 989 4909 ceteris
1020 4841 1140 4907 amicis
1169 4843 1260 4907 meis
1283 4842 1440 4911 Rotnani
1469 4842 1615 4926 imperii
