3559 5734
709 574 857 630 eolat
897 575 956 630 ΕΗ

193 725 347 804 probare
371 724 405 785 le
430 723 569 786 heresie
628 722 839 786 Potrebbesi
865 724 999 786 anchor
1029 742 1095 803 per
1117 720 1177 802 piu
1203 718 1472 786 r1solutorime·-

195 831 253 893 dio
279 851 346 893 con
371 829 472 893 brevi
495 831 627 892 instare
652 830 718 892 che
743 830 851 892 levati
875 830 905 892 e'
928 829 1126 913 gravamini
1151 839 1187 892 et
1210 826 1349 891 tumulti
1373 835 1409 890 et
1432 826 1473 888 ri-

193 937 293 1000 dotte
317 938 351 999 le
376 957 458 1000 cose
482 939 516 999 al
544 936 694 1018 pristino
720 945 829 1016 stato,
854 937 998 1017 ordine,
1023 936 1274 1000 observatione
1310 942 1346 997 et
1379 953 1473 996 cere·

195 1044 322 1120 monle,
347 1044 532 1126 expettino
558 1045 587 1107 si
610 1044 707 1107 aliud
731 1046 953 1126 pretendano
978 1046 1043 1107 che
1068 1042 1121 1107 sia
1138 1043 1288 1106 comodo
1306 1042 1351 1104 da
1370 1049 1475 1124 poter

195 1152 395 1233 provedere
419 1172 441 1214 a
464 1160 555 1213 tutto
581 1161 712 1233 quanto
736 1150 817 1214 sara
841 1151 1023 1214 conforme
1047 1152 1117 1215 alla
1141 1150 1278 1214 iusticia
1302 1158 1337 1212 et
1356 1146 1476 1230 equite

196 1267 230 1321 et
254 1259 469 1321 comendare
494 1279 515 1320 a
539 1258 647 1339 quelli
672 1257 904 1320 ecclesiastici
929 1262 994 1321 sub
1028 1257 1185 1321 censuris
1214 1265 1250 1320 et
1274 1256 1388 1319 anche
1412 1254 1474 1318 alli

192 1365 274 1428 laici
288 1368 354 1428 che
368 1385 436 1428 non
452 1365 634 1446 disputent
648 1365 692 1427 de
703 1364 783 1446 fide,
797 1386 912 1447 neque
923 1366 1079 1429 audeant
1095 1364 1229 1447 aliquid
1252 1363 1288 1426 in
1312 1362 1355 1426 iis
1380 1382 1472 1445 quae

196 1473 242 1535 ad
266 1491 344 1535 eam
368 1471 547 1553 pertinent
572 1480 608 1534 et
631 1472 677 1534 ad
705 1474 924 1536 ceremonias
954 1472 1127 1536 innovare
1156 1473 1215 1534 vel
1243 1470 1409 1532 ordinare
1441 1477 1477 1532 et

197 1578 257 1661 poi
284 1580 413 1641 vedere
439 1580 557 1660 quello
582 1580 647 1642 che
671 1578 821 1642 faranno
846 1589 881 1643 et
905 1579 964 1661 piir
991 1588 1026 1643 et
1049 1580 1199 1642 mancho
1224 1577 1386 1660 segondo
1411 1578 1476 1638 che

198 1705 345 1767 paresse
369 1706 391 1747 a
414 1683 452 1749 S.
476 1682 539 1747 Sss.

288 1792 333 1854 Et
357 1801 490 1873 quanto
514 1794 548 1854 al
573 1794 641 1856 mio
665 1793 812 1873 ritorno,
837 1815 876 1857 se
900 1794 1014 1876 prima
1038 1814 1100 1857 era
1123 1791 1159 1856 in
1183 1790 1351 1873 opinione
1375 1790 1477 1853 che'l

200 1908 273 1961 star
297 1898 367 1961 mio
391 1898 425 1961 in
450 1897 643 1962 Germania
668 1920 738 1963 non
762 1899 858 1962 fusse
883 1901 1096 1981 necessario,
1119 1901 1208 1962 hora
1233 1899 1340 1960 molto
1357 1896 1416 1978 piri
1443 1898 1478 1959 lo

200 2024 312 2086 penso
337 2021 372 2067 et
397 2007 504 2068 credo
528 2005 656 2088 poiche
680 2017 752 2069 tam
775 2007 896 2090 iniquo
920 2007 1038 2071 ferunt
1070 2006 1188 2070 animo
1220 2005 1301 2088 quel
1334 2004 1399 2067 che
1432 2005 1479 2065 ha

200 2110 289 2173 fatto
313 2111 356 2173 N.
383 2109 417 2175 S.
444 2122 479 2174 et
503 2133 574 2174 non
598 2114 794 2176 solamente
818 2116 926 2177 credo
960 2117 1025 2177 che
1057 2134 1127 2177 non
1153 2113 1392 2195 giovarebbe,
1421 2130 1479 2172 ma

202 2219 266 2280 che
291 2239 360 2281 non
386 2218 433 2280 mi
457 2221 610 2282 sarebbe
634 2219 751 2283 sicuro
776 2219 818 2282 ne
843 2243 864 2283 a
888 2243 944 2285 me
968 2222 1012 2285 ne
1037 2222 1083 2283 ad
1107 2220 1187 2283 altri
1204 2219 1337 2282 andare
1359 2238 1380 2280 o
1397 2238 1478 2280 con·

202 2345 345 2387 versare
369 2335 426 2389 tra
448 2328 525 2389 loro
549 2327 593 2389 ne
618 2327 769 2390 trovarsi
793 2332 829 2390 in
854 2327 967 2403 dieta3
992 2327 1079 2410 pero
1101 2329 1167 2390 che
1184 2326 1299 2409 questi
1315 2323 1479 2408 populari

203 2452 290 2495 sono
314 2442 416 2496 tanto
440 2435 510 2496 mal
535 2433 682 2516 disposti
708 2445 832 2498 contro
857 2436 893 2497 di
918 2436 977 2498 noi
1001 2435 1081 2497 altri
1105 2438 1171 2498 che
1196 2435 1213 2497 ἐ
1239 2454 1307 2497 una
1332 2431 1479 2495 maravi-

202 2538 276 2621 glia
300 2549 336 2601 et
359 2539 514 2622 bisogna
538 2561 608 2603 una
632 2543 752 2604 buona
775 2541 954 2623 pacientia
977 2544 1047 2605 alle
1075 2543 1152 2605 loro
1183 2541 1416 2605 maledicione
1446 2550 1481 2600 et

201 2645 312 2709 libelli
336 2645 473 2727 famosi,
498 2646 626 2728 quibus
649 2647 782 2710 utinam
806 2649 905 2711 Deus
929 2650 989 2711 det
1013 2648 1194 2712 meliorem
1225 2658 1389 2710 mentem.
1436 2645 1481 2707 Et

201 2753 332 2834 perche
357 2752 402 2818 V.
427 2752 464 2817 S.
488 2754 535 2816 mi
559 2758 675 2817 scrive
699 2757 764 2818 che
793 2767 925 2837 quanto
957 2757 991 2818 al
1021 2755 1091 2819 mio
1122 2755 1258 2819 ritorno
1292 2753 1336 2817 N.
1366 2751 1401 2816 S.
1435 2752 1481 2814 mi

201 2858 277 2922 fara
313 2860 470 2924 scrivere
500 2861 664 2924 dimano
704 2861 739 2924 in
770 2883 874 2925 mano
916 2864 1033 2946 quello
1069 2865 1134 2926 che
1166 2863 1300 2925 bavero
1333 2882 1354 2923 a
1392 2860 1479 2938 fare,

201 2965 235 3029 io
280 2987 352 3030 non
389 2969 547 3050 petendo
586 2967 629 3030 ne
664 2969 820 3031 volendo
858 2969 918 3050 gii
957 2969 1026 3032 mai
1066 2969 1181 3032 uscire
1217 2970 1262 3031 de
1299 2967 1323 3030 li
1358 2966 1481 3030 santis·

202 3072 278 3135 simi
302 3074 380 3136 suoi
404 3074 575 3156 precepti,
600 3076 762 3156 ognhora
786 3075 841 3138 ch'
858 3077 893 3139 io
916 3077 1064 3139 intende
1087 3078 1122 3139 la
1146 3074 1291 3139 volunta
1315 3074 1349 3137 di
1375 3071 1411 3136 S.
1429 3071 1481 3135 gu

201 3201 223 3241 a
248 3183 367 3262 quella
390 3180 436 3243 mi
460 3185 644 3244 accostaro
670 3202 829 3263 sempre;
855 3204 912 3246 ma
936 3182 1221 3247 risolvendosiS.
1237 3183 1299 3245 Β119
1322 3183 1388 3245 che
1412 3201 1481 3243 non

202 3285 254 3348 sia
279 3288 325 3349 da
348 3288 483 3351 andare
504 3309 526 3350 a
544 3288 662 3371 quella
686 3288 781 3351 dieta
804 3289 840 3352 di
865 3287 901 3352 S.
918 3290 1075 3371 Jacom0,
1100 3290 1133 3353 io
1151 3290 1366 3370 dissegnava
1383 3307 1482 3350 come

202 3394 235 3454 le
263 3395 311 3456 ho
336 3394 470 3476 scritt0,
494 3395 594 3458 finito
619 3403 744 3476 questa
766 3395 931 3476 praticha
955 3396 991 3458 di
1020 3396 1166 3459 Boemia
1197 3418 1218 3459 a
1248 3417 1294 3459 un
1324 3395 1429 3458 modo
1461 3415 1482 3456 o

203 3518 224 3561 a
246 3502 269 3562 l’
283 3502 386 3581 altro,
411 3503 477 3565 che
494 3502 515 3564 'l
546 3511 620 3565 star
649 3501 718 3564 mio
750 3502 808 3585 qui
838 3523 911 3565 non
936 3503 1031 3566 fusse
1062 3502 1263 3566 necessario
1295 3500 1428 3585 perche
1459 3501 1483 3563 il

203 3614 346 3676 Barone
370 3629 417 3691 po
450 3610 688 3691 amplamente
721 3608 879 3691 supplire
914 3631 935 3672 a
969 3609 1054 3693 ogni
1087 3609 1310 3672 occurrentia
1343 3609 1388 3671 de
1424 3608 1484 3691 qui

202 3739 268 3802 per
292 3737 412 3781 essere
436 3715 748 3796 sufficientissimo,
774 3717 921 3797 dextro,
953 3717 988 3779 di
1019 3718 1128 3779 molto
1152 3718 1292 3796 valore,
1324 3719 1393 3779 ben
1425 3736 1483 3778 vo-

202 3829 277 3890 luto
302 3835 339 3888 et
361 3825 397 3887 in
422 3827 543 3887 buona
568 3822 814 3886 aestimatione
839 3824 884 3886 de
908 3822 989 3886 tutti
1014 3832 1049 3886 et
1072 3844 1227 3906 persona
1251 3826 1316 3886 che
1340 3821 1422 3885 fidel
1452 3832 1487 3884 et

203 3935 437 3998 liberamento
462 3940 497 3993 et
521 3951 588 3994 con
613 3929 767 3993 autorita
797 3929 835 3992 fa
867 3932 938 3992 ben
966 3930 987 3992 l’
1014 3929 1132 3994 officio
1156 3951 1237 4011 suo,
1267 3940 1303 3993 et
1335 3950 1405 3993 non
1438 3928 1485 3991 mi

203 4040 364 4123 parendo
388 4058 454 4121 per
478 4040 566 4100 hora
589 4038 699 4101 molto
724 4036 839 4100 sicuro
864 4037 997 4100 andare
1022 4046 1120 4101 tante
1137 4036 1301 4120 giornate
1316 4058 1381 4119 per
1398 4035 1483 4101 Ger-

203 4147 339 4226 mania,
374 4145 584 4226 dissignavo
617 4146 682 4208 che
710 4143 769 4226 piu
801 4143 1006 4207 facilmente
1042 4153 1078 4208 et
1111 4144 1171 4227 piu
1201 4154 1323 4226 presto
1359 4146 1486 4226 potero

204 4252 373 4318 tornarmi
397 4272 463 4334 per
487 4255 523 4314 la
544 4252 603 4314 via
627 4252 663 4314 di
688 4250 810 4333 Segne
834 4271 902 4314 ove
927 4252 972 4314 de
997 4255 1054 4333 qul
1079 4252 1231 4314 arivarei
1254 4252 1289 4314 in
1313 4251 1351 4314 X
1367 4250 1487 4333 giorni

205 4371 239 4425 et
263 4361 308 4424 (le
331 4361 357 4423 li
380 4380 437 4423 me
461 4358 726 4441 bisognarebbe
751 4359 883 4421 havere
909 4359 977 4420 doe
993 4359 1116 4440 galera
1134 4359 1199 4421 che
1224 4379 1279 4421 me
1305 4360 1485 4422 levassero

205 4469 249 4532 de
273 4466 308 4549 li,
334 4466 428 4550 quali
452 4465 476 4528 li
501 4463 549 4528 δή
580 4464 758 4528 venetiani
782 4485 827 4528 ne
861 4466 1088 4545 potrebbono
1119 4465 1254 4528 servire
1289 4466 1331 4528 N.
1364 4464 1400 4528 S.
1425 4464 1487 4528 Ma

204 4574 335 4656 perche
358 4573 395 4635 in
419 4581 544 4654 queste
569 4592 651 4634 cose
676 4573 734 4634 del
758 4573 882 4633 turcho
907 4591 1025 4634 vanno
1053 4592 1119 4635 con
1146 4573 1306 4653 rispetto,
1332 4575 1485 4635 sarebbe

206 4680 407 4744 necessario
432 4681 498 4742 che
523 4679 559 4741 S.
585 4676 637 4742 Sl*
662 4678 836 4742 scrivesse
860 4698 908 4740 un
932 4681 1042 4741 breve
1067 4699 1088 4741 a
1113 4680 1230 4761 quella
1259 4679 1336 4742 illm*
1359 4677 1486 4762 Signo·

205 4788 258 4851 ria
282 4796 318 4851 et
341 4788 375 4850 le
400 4785 626 4849 dimandasse
650 4785 770 4847 dando
794 4785 1041 4847 commissione
1065 4805 1087 4848 a
1109 4785 1195 4866 Mgf.
1221 4785 1256 4848 di
1279 4784 1400 4850 Feltro
1416 4787 1487 4851 mio

206 4895 346 4958 fratello
371 4894 438 4957 che
461 4913 507 4957 ne
530 4892 669 4956 facesse
694 4891 860 4955 instantia
885 4892 920 4954 in
946 4911 1049 4956 nome
1073 4891 1109 4957 di
1133 4892 1169 4955 S.
1194 4893 1272 4956 Bne
1304 4903 1340 4958 et
1374 4895 1409 4957 le
1440 4904 1487 4957 te-
