<?xml version="1.0" encoding="UTF-8"?>
<!DOCTYPE html PUBLIC "-//W3C//DTD XHTML 1.0 Transitional//EN"
    "http://www.w3.org/TR/xhtml1/DTD/xhtml1-transitional.dtd">
<html xmlns="http://www.w3.org/1999/xhtml" xml:lang="en" lang="en">
 <head>
  <title>
</title>
<meta http-equiv="Content-Type" content="text/html;charset=utf-8" />
  <meta name='ocr-system' content='tesseract 3.04.00' />
  <meta name='ocr-capabilities' content='ocr_page ocr_carea ocr_par ocr_line ocrx_word'/>
</head>
<body>
  <div class='ocr_page' id='page_1' title='image "./monumentareform01vatigoog_0592.png"; bbox 0 0 3559 5734; ppageno 0'>
   <div class='ocr_carea' id='block_1_1' title="bbox 773 529 1019 586">
    <p class='ocr_par' dir='ltr' id='par_1_1' title="bbox 773 529 1019 586">
     <span class='ocr_line' id='line_1_1' title="bbox 773 529 1019 586; baseline -0.008 -1"><span class='ocrx_word' id='word_1_1' title='bbox 773 529 1019 586; x_wconf 45' lang='lat' dir='ltr'>&amp;cdlii-0</span> 
     </span>
    </p>
   </div>
   <div class='ocr_carea' id='block_1_2' title="bbox 249 673 1537 4928">
    <p class='ocr_par' dir='ltr' id='par_1_2' title="bbox 249 673 1537 4928">
     <span class='ocr_line' id='line_1_2' title="bbox 257 673 1535 758; baseline -0.002 -21"><span class='ocrx_word' id='word_1_2' title='bbox 257 676 449 738; x_wconf 89' lang='lat' dir='ltr'>Presertim</span> <span class='ocrx_word' id='word_1_3' title='bbox 490 676 551 739; x_wconf 92' lang='lat' dir='ltr'>ubi</span> <span class='ocrx_word' id='word_1_4' title='bbox 584 696 683 738; x_wconf 87' lang='lat' dir='ltr'>nunc</span> <span class='ocrx_word' id='word_1_5' title='bbox 710 675 831 758; x_wconf 90' lang='lat' dir='ltr'>Regie</span> <span class='ocrx_word' id='word_1_6' title='bbox 860 675 1041 739; x_wconf 86' lang='lat' dir='ltr'>Maiestati</span> <span class='ocrx_word' id='word_1_7' title='bbox 1070 675 1224 739; x_wconf 92' lang='lat' dir='ltr'>Domino</span> <span class='ocrx_word' id='word_1_8' title='bbox 1252 684 1374 737; x_wconf 87' lang='lat' dir='ltr'>nostro</span> <span class='ocrx_word' id='word_1_9' title='bbox 1407 673 1535 756; x_wconf 90' lang='lat' dir='ltr'>gratio-</span> 
     </span>
     <span class='ocr_line' id='line_1_3' title="bbox 255 780 1535 864; baseline -0.002 -19"><span class='ocrx_word' id='word_1_10' title='bbox 255 782 393 845; x_wconf 89' lang='lat' dir='ltr'>sissimo</span> <span class='ocrx_word' id='word_1_11' title='bbox 417 783 609 846; x_wconf 86' lang='lat' dir='ltr'>humillime</span> <span class='ocrx_word' id='word_1_12' title='bbox 633 792 678 850; x_wconf 18' lang='lat' dir='ltr'>et,</span> <span class='ocrx_word' id='word_1_13' title='bbox 692 783 830 847; x_wconf 88' lang='lat' dir='ltr'>sincere</span> <span class='ocrx_word' id='word_1_14' title='bbox 854 782 1040 846; x_wconf 86' lang='lat' dir='ltr'><strong>scribimus</strong></span> <span class='ocrx_word' id='word_1_15' title='bbox 1063 782 1164 846; x_wconf 92' lang='lat' dir='ltr'>istius</span> <span class='ocrx_word' id='word_1_16' title='bbox 1187 782 1239 845; x_wconf 91' lang='lat' dir='ltr'>rei</span> <span class='ocrx_word' id='word_1_17' title='bbox 1272 780 1399 864; x_wconf 88' lang='lat' dir='ltr'>gratia,</span> <span class='ocrx_word' id='word_1_18' title='bbox 1431 801 1535 861; x_wconf 89' lang='lat' dir='ltr'>quam</span> 
     </span>
     <span class='ocr_line' id='line_1_4' title="bbox 255 887 1536 971; baseline -0.002 -20"><span class='ocrx_word' id='word_1_19' title='bbox 255 909 375 952; x_wconf 89' lang='lat' dir='ltr'>coram</span> <span class='ocrx_word' id='word_1_20' title='bbox 399 887 473 953; x_wconf 88' lang='lat' dir='ltr'>Sua</span> <span class='ocrx_word' id='word_1_21' title='bbox 498 888 610 953; x_wconf 90' lang='lat' dir='ltr'>Sacra</span> <span class='ocrx_word' id='word_1_22' title='bbox 633 889 822 953; x_wconf 85' lang='lat' dir='ltr'>Maiestate</span> <span class='ocrx_word' id='word_1_23' title='bbox 847 910 913 952; x_wconf 92' lang='lat' dir='ltr'>nos</span> <span class='ocrx_word' id='word_1_24' title='bbox 936 889 972 951; x_wconf 91' lang='lat' dir='ltr'>in</span> <span class='ocrx_word' id='word_1_25' title='bbox 997 889 1102 953; x_wconf 93' lang='lat' dir='ltr'>aliam</span> <span class='ocrx_word' id='word_1_26' title='bbox 1125 900 1264 971; x_wconf 87' lang='lat' dir='ltr'>partem</span> <span class='ocrx_word' id='word_1_27' title='bbox 1289 909 1393 971; x_wconf 89' lang='lat' dir='ltr'>quam</span> <span class='ocrx_word' id='word_1_28' title='bbox 1416 907 1536 951; x_wconf 90' lang='lat' dir='ltr'>sumus</span> 
     </span>
     <span class='ocr_line' id='line_1_5' title="bbox 255 994 1535 1079; baseline -0.002 -21"><span class='ocrx_word' id='word_1_29' title='bbox 255 996 414 1059; x_wconf 87' lang='lat' dir='ltr'>nonnulli</span> <span class='ocrx_word' id='word_1_30' title='bbox 437 996 617 1060; x_wconf 90' lang='lat' dir='ltr'>hominum</span> <span class='ocrx_word' id='word_1_31' title='bbox 640 996 936 1078; x_wconf 82' lang='lat' dir='ltr'>interpretantur,</span> <span class='ocrx_word' id='word_1_32' title='bbox 968 1017 1010 1059; x_wconf 91' lang='lat' dir='ltr'>ac</span> <span class='ocrx_word' id='word_1_33' title='bbox 1043 999 1151 1079; x_wconf 87' lang='lat' dir='ltr'>longe</span> <span class='ocrx_word' id='word_1_34' title='bbox 1182 996 1287 1059; x_wconf 92' lang='lat' dir='ltr'>aliter</span> <span class='ocrx_word' id='word_1_35' title='bbox 1315 1016 1421 1077; x_wconf 91' lang='lat' dir='ltr'>quam</span> <span class='ocrx_word' id='word_1_36' title='bbox 1444 994 1535 1058; x_wconf 90' lang='lat' dir='ltr'>ratio</span> 
     </span>
     <span class='ocr_line' id='line_1_6' title="bbox 254 1102 1536 1187; baseline -0.001 -22"><span class='ocrx_word' id='word_1_37' title='bbox 254 1103 331 1166; x_wconf 88' lang='lat' dir='ltr'>veri</span> <span class='ocrx_word' id='word_1_38' title='bbox 356 1104 467 1167; x_wconf 92' lang='lat' dir='ltr'>dictat</span> <span class='ocrx_word' id='word_1_39' title='bbox 490 1103 699 1187; x_wconf 89' lang='lat' dir='ltr'>depingunt.</span> <span class='ocrx_word' id='word_1_40' title='bbox 734 1103 876 1187; x_wconf 83' lang='lat' dir='ltr'>Quippe</span> <span class='ocrx_word' id='word_1_41' title='bbox 900 1102 1090 1167; x_wconf 83' lang='lat' dir='ltr'>amicitiam</span> <span class='ocrx_word' id='word_1_42' title='bbox 1113 1104 1209 1166; x_wconf 91' lang='lat' dir='ltr'>illam</span> <span class='ocrx_word' id='word_1_43' title='bbox 1233 1124 1338 1184; x_wconf 87' lang='lat' dir='ltr'>quam</span> <span class='ocrx_word' id='word_1_44' title='bbox 1362 1122 1536 1165; x_wconf 88' lang='lat' dir='ltr'>unacum</span> 
     </span>
     <span class='ocr_line' id='line_1_7' title="bbox 254 1209 1534 1292; baseline 0.001 -21"><span class='ocrx_word' id='word_1_45' title='bbox 254 1209 494 1274; x_wconf 90' lang='lat' dir='ltr'>Illustrissimo</span> <span class='ocrx_word' id='word_1_46' title='bbox 519 1210 619 1273; x_wconf 84' lang='lat' dir='ltr'>Duce</span> <span class='ocrx_word' id='word_1_47' title='bbox 651 1219 687 1273; x_wconf 92' lang='lat' dir='ltr'>et</span> <span class='ocrx_word' id='word_1_48' title='bbox 717 1211 870 1273; x_wconf 90' lang='lat' dir='ltr'>Domino</span> <span class='ocrx_word' id='word_1_49' title='bbox 900 1211 1054 1274; x_wconf 91' lang='lat' dir='ltr'>Domino</span> <span class='ocrx_word' id='word_1_50' title='bbox 1086 1209 1214 1274; x_wconf 89' lang='lat' dir='ltr'>Carolo</span> <span class='ocrx_word' id='word_1_51' title='bbox 1248 1209 1416 1292; x_wconf 85' lang='lat' dir='ltr'>Principe</span> <span class='ocrx_word' id='word_1_52' title='bbox 1445 1209 1534 1272; x_wconf 92' lang='lat' dir='ltr'>Min·</span> 
     </span>
     <span class='ocr_line' id='line_1_8' title="bbox 254 1317 1535 1400; baseline 0 -22"><span class='ocrx_word' id='word_1_53' title='bbox 254 1317 478 1398; x_wconf 89' lang='lat' dir='ltr'>stebergensi</span> <span class='ocrx_word' id='word_1_54' title='bbox 505 1317 629 1399; x_wconf 85' lang='lat' dir='ltr'>Regni</span> <span class='ocrx_word' id='word_1_55' title='bbox 657 1337 799 1399; x_wconf 91' lang='lat' dir='ltr'>quoque</span> <span class='ocrx_word' id='word_1_56' title='bbox 822 1317 970 1380; x_wconf 89' lang='lat' dir='ltr'>Boemie</span> <span class='ocrx_word' id='word_1_57' title='bbox 994 1317 1182 1400; x_wconf 91' lang='lat' dir='ltr'>capitaneo</span> <span class='ocrx_word' id='word_1_58' title='bbox 1206 1328 1273 1380; x_wconf 89' lang='lat' dir='ltr'>etc.</span> <span class='ocrx_word' id='word_1_59' title='bbox 1300 1325 1335 1380; x_wconf 92' lang='lat' dir='ltr'>et</span> <span class='ocrx_word' id='word_1_60' title='bbox 1359 1335 1535 1397; x_wconf 88' lang='lat' dir='ltr'>generoso</span> 
     </span>
     <span class='ocr_line' id='line_1_9' title="bbox 254 1422 1535 1506; baseline -0.001 -21"><span class='ocrx_word' id='word_1_61' title='bbox 254 1423 408 1487; x_wconf 91' lang='lat' dir='ltr'>Domino</span> <span class='ocrx_word' id='word_1_62' title='bbox 432 1424 585 1488; x_wconf 87' lang='lat' dir='ltr'>Domino</span> <span class='ocrx_word' id='word_1_63' title='bbox 610 1425 731 1487; x_wconf 86' lang='lat' dir='ltr'>Leone</span> <span class='ocrx_word' id='word_1_64' title='bbox 755 1424 956 1504; x_wconf 88' lang='lat' dir='ltr'>Burgravio</span> <span class='ocrx_word' id='word_1_65' title='bbox 982 1423 1166 1506; x_wconf 90' lang='lat' dir='ltr'>Pragensi,</span> <span class='ocrx_word' id='word_1_66' title='bbox 1192 1444 1233 1487; x_wconf 90' lang='lat' dir='ltr'>ac</span> <span class='ocrx_word' id='word_1_67' title='bbox 1253 1424 1381 1487; x_wconf 92' lang='lat' dir='ltr'>ceteris</span> <span class='ocrx_word' id='word_1_68' title='bbox 1404 1422 1535 1506; x_wconf 83' lang='lat' dir='ltr'>prefati</span> 
     </span>
     <span class='ocr_line' id='line_1_10' title="bbox 256 1529 1535 1614; baseline -0.002 -21"><span class='ocrx_word' id='word_1_69' title='bbox 256 1531 380 1614; x_wconf 85' lang='lat' dir='ltr'>Regni</span> <span class='ocrx_word' id='word_1_70' title='bbox 405 1531 617 1595; x_wconf 89' lang='lat' dir='ltr'>officialibus</span> <span class='ocrx_word' id='word_1_71' title='bbox 647 1533 820 1595; x_wconf 88' lang='lat' dir='ltr'>habemus</span> <span class='ocrx_word' id='word_1_72' title='bbox 850 1531 1094 1595; x_wconf 88' lang='lat' dir='ltr'>adscribentes</span> <span class='ocrx_word' id='word_1_73' title='bbox 1125 1532 1160 1594; x_wconf 92' lang='lat' dir='ltr'>in</span> <span class='ocrx_word' id='word_1_74' title='bbox 1191 1531 1378 1613; x_wconf 88' lang='lat' dir='ltr'>pernitiem</span> <span class='ocrx_word' id='word_1_75' title='bbox 1412 1529 1535 1612; x_wconf 85' lang='lat' dir='ltr'>Regni</span> 
     </span>
     <span class='ocr_line' id='line_1_11' title="bbox 256 1637 1536 1720; baseline -0.002 -20"><span class='ocrx_word' id='word_1_76' title='bbox 256 1638 519 1720; x_wconf 82' lang='lat' dir='ltr'>maximumque</span> <span class='ocrx_word' id='word_1_77' title='bbox 543 1640 663 1720; x_wconf 89' lang='lat' dir='ltr'>Regie</span> <span class='ocrx_word' id='word_1_78' title='bbox 691 1637 890 1700; x_wconf 87' lang='lat' dir='ltr'>Maiestatis</span> <span class='ocrx_word' id='word_1_79' title='bbox 919 1640 1178 1718; x_wconf 85' lang='lat' dir='ltr'>detrimentum,</span> <span class='ocrx_word' id='word_1_80' title='bbox 1198 1638 1370 1701; x_wconf 90' lang='lat' dir='ltr'>iacturam</span> <span class='ocrx_word' id='word_1_81' title='bbox 1394 1656 1536 1718; x_wconf 91' lang='lat' dir='ltr'>quoque</span> 
     </span>
     <span class='ocr_line' id='line_1_12' title="bbox 254 1743 1537 1827; baseline -0.001 -21"><span class='ocrx_word' id='word_1_82' title='bbox 254 1744 558 1809; x_wconf 88' lang='lat' dir='ltr'>irrestaurabilem</span> <span class='ocrx_word' id='word_1_83' title='bbox 590 1745 685 1808; x_wconf 85' lang='lat' dir='ltr'>fore:</span> <span class='ocrx_word' id='word_1_84' title='bbox 726 1747 821 1827; x_wconf 90' lang='lat' dir='ltr'>quod</span> <span class='ocrx_word' id='word_1_85' title='bbox 854 1765 920 1807; x_wconf 93' lang='lat' dir='ltr'>nos</span> <span class='ocrx_word' id='word_1_86' title='bbox 950 1746 1062 1808; x_wconf 91' lang='lat' dir='ltr'>libere</span> <span class='ocrx_word' id='word_1_87' title='bbox 1090 1765 1216 1827; x_wconf 90' lang='lat' dir='ltr'>purum</span> <span class='ocrx_word' id='word_1_88' title='bbox 1253 1743 1469 1808; x_wconf 87' lang='lat' dir='ltr'>mendatium</span> <span class='ocrx_word' id='word_1_89' title='bbox 1500 1756 1537 1806; x_wconf 90' lang='lat' dir='ltr'>et</span> 
     </span>
     <span class='ocr_line' id='line_1_13' title="bbox 255 1850 1536 1934; baseline -0.002 -20"><span class='ocrx_word' id='word_1_90' title='bbox 255 1872 388 1914; x_wconf 90' lang='lat' dir='ltr'>meram</span> <span class='ocrx_word' id='word_1_91' title='bbox 414 1873 493 1915; x_wconf 90' lang='lat' dir='ltr'>esse</span> <span class='ocrx_word' id='word_1_92' title='bbox 516 1853 675 1916; x_wconf 83' lang='lat' dir='ltr'>fabulam</span> <span class='ocrx_word' id='word_1_93' title='bbox 699 1851 859 1934; x_wconf 88' lang='lat' dir='ltr'>profiteri</span> <span class='ocrx_word' id='word_1_94' title='bbox 885 1861 921 1913; x_wconf 91' lang='lat' dir='ltr'>et</span> <span class='ocrx_word' id='word_1_95' title='bbox 944 1852 1064 1915; x_wconf 88' lang='lat' dir='ltr'>dicere</span> <span class='ocrx_word' id='word_1_96' title='bbox 1089 1854 1269 1933; x_wconf 76' lang='lat' dir='ltr'>audemUS,</span> <span class='ocrx_word' id='word_1_97' title='bbox 1294 1861 1332 1914; x_wconf 91' lang='lat' dir='ltr'>ut</span> <span class='ocrx_word' id='word_1_98' title='bbox 1356 1862 1391 1913; x_wconf 90' lang='lat' dir='ltr'>et</span> <span class='ocrx_word' id='word_1_99' title='bbox 1414 1850 1536 1931; x_wconf 87' lang='lat' dir='ltr'>Regia</span> 
     </span>
     <span class='ocr_line' id='line_1_14' title="bbox 252 1955 1535 2041; baseline -0.002 -20"><span class='ocrx_word' id='word_1_100' title='bbox 252 1957 425 2022; x_wconf 83' lang='lat' dir='ltr'>Maiestas</span> <span class='ocrx_word' id='word_1_101' title='bbox 460 1959 565 2022; x_wconf 86' lang='lat' dir='ltr'>facile</span> <span class='ocrx_word' id='word_1_102' title='bbox 594 1960 764 2041; x_wconf 85' lang='lat' dir='ltr'>colligere</span> <span class='ocrx_word' id='word_1_103' title='bbox 787 1958 921 2040; x_wconf 90' lang='lat' dir='ltr'>poterit</span> <span class='ocrx_word' id='word_1_104' title='bbox 945 1979 990 2020; x_wconf 89' lang='lat' dir='ltr'>ex</span> <span class='ocrx_word' id='word_1_105' title='bbox 1015 1958 1159 2039; x_wconf 90' lang='lat' dir='ltr'>litteris,</span> <span class='ocrx_word' id='word_1_106' title='bbox 1194 1979 1281 2040; x_wconf 91' lang='lat' dir='ltr'>quas</span> <span class='ocrx_word' id='word_1_107' title='bbox 1317 1955 1390 2020; x_wconf 83' lang='lat' dir='ltr'>Sue</span> <span class='ocrx_word' id='word_1_108' title='bbox 1424 1955 1535 2020; x_wconf 87' lang='lat' dir='ltr'>Sacre</span> 
     </span>
     <span class='ocr_line' id='line_1_15' title="bbox 252 2064 1534 2147; baseline -0.001 -20"><span class='ocrx_word' id='word_1_109' title='bbox 252 2064 432 2129; x_wconf 89' lang='lat' dir='ltr'>Maiestati</span> <span class='ocrx_word' id='word_1_110' title='bbox 455 2065 623 2129; x_wconf 87' lang='lat' dir='ltr'>mittimus</span> <span class='ocrx_word' id='word_1_111' title='bbox 647 2066 778 2129; x_wconf 89' lang='lat' dir='ltr'>Vestre</span> <span class='ocrx_word' id='word_1_112' title='bbox 801 2085 941 2147; x_wconf 91' lang='lat' dir='ltr'>quoque</span> <span class='ocrx_word' id='word_1_113' title='bbox 977 2064 1161 2128; x_wconf 88' lang='lat' dir='ltr'>Nobilitati</span> <span class='ocrx_word' id='word_1_114' title='bbox 1198 2066 1391 2127; x_wconf 87' lang='lat' dir='ltr'>earundem</span> <span class='ocrx_word' id='word_1_115' title='bbox 1416 2084 1534 2126; x_wconf 88' lang='lat' dir='ltr'>exem-</span> 
     </span>
     <span class='ocr_line' id='line_1_16' title="bbox 252 2170 1535 2256; baseline -0.002 -22"><span class='ocrx_word' id='word_1_116' title='bbox 252 2174 332 2254; x_wconf 93' lang='lat' dir='ltr'>plar</span> <span class='ocrx_word' id='word_1_117' title='bbox 355 2172 535 2255; x_wconf 90' lang='lat' dir='ltr'>ydiomate</span> <span class='ocrx_word' id='word_1_118' title='bbox 558 2172 668 2236; x_wconf 88' lang='lat' dir='ltr'>latino</span> <span class='ocrx_word' id='word_1_119' title='bbox 693 2172 923 2256; x_wconf 87' lang='lat' dir='ltr'>profaciliore</span> <span class='ocrx_word' id='word_1_120' title='bbox 946 2171 1130 2235; x_wconf 90' lang='lat' dir='ltr'>intellectu</span> <span class='ocrx_word' id='word_1_121' title='bbox 1163 2172 1414 2253; x_wconf 91' lang='lat' dir='ltr'>conscriptum.</span> <span class='ocrx_word' id='word_1_122' title='bbox 1463 2170 1535 2232; x_wconf 91' lang='lat' dir='ltr'>Ubi</span> 
     </span>
     <span class='ocr_line' id='line_1_17' title="bbox 253 2276 1536 2362; baseline -0.003 -21"><span class='ocrx_word' id='word_1_123' title='bbox 253 2281 378 2342; x_wconf 90' lang='lat' dir='ltr'>saltem</span> <span class='ocrx_word' id='word_1_124' title='bbox 403 2280 439 2341; x_wconf 92' lang='lat' dir='ltr'>id</span> <span class='ocrx_word' id='word_1_125' title='bbox 463 2281 605 2343; x_wconf 90' lang='lat' dir='ltr'>unicum</span> <span class='ocrx_word' id='word_1_126' title='bbox 628 2279 801 2362; x_wconf 87' lang='lat' dir='ltr'>petimus,</span> <span class='ocrx_word' id='word_1_127' title='bbox 832 2288 871 2341; x_wconf 91' lang='lat' dir='ltr'>ut</span> <span class='ocrx_word' id='word_1_128' title='bbox 894 2278 1096 2342; x_wconf 86' lang='lat' dir='ltr'>Eminentia</span> <span class='ocrx_word' id='word_1_129' title='bbox 1120 2279 1252 2342; x_wconf 87' lang='lat' dir='ltr'>Vestra</span> <span class='ocrx_word' id='word_1_130' title='bbox 1279 2276 1390 2341; x_wconf 89' lang='lat' dir='ltr'>Sacre</span> <span class='ocrx_word' id='word_1_131' title='bbox 1415 2278 1536 2359; x_wconf 79' lang='lat' dir='ltr'>Regio</span> 
     </span>
     <span class='ocr_line' id='line_1_18' title="bbox 252 2385 1533 2469; baseline -0.002 -20"><span class='ocrx_word' id='word_1_132' title='bbox 252 2385 432 2449; x_wconf 91' lang='lat' dir='ltr'>Maiestati</span> <span class='ocrx_word' id='word_1_133' title='bbox 456 2389 659 2468; x_wconf 88' lang='lat' dir='ltr'>consulere,</span> <span class='ocrx_word' id='word_1_134' title='bbox 693 2406 863 2469; x_wconf 89' lang='lat' dir='ltr'>suamque</span> <span class='ocrx_word' id='word_1_135' title='bbox 895 2386 1051 2466; x_wconf 87' lang='lat' dir='ltr'>Regiam</span> <span class='ocrx_word' id='word_1_136' title='bbox 1083 2386 1307 2449; x_wconf 87' lang='lat' dir='ltr'>Maiestatem</span> <span class='ocrx_word' id='word_1_137' title='bbox 1339 2386 1385 2448; x_wconf 92' lang='lat' dir='ltr'>ad</span> <span class='ocrx_word' id='word_1_138' title='bbox 1416 2385 1452 2447; x_wconf 93' lang='lat' dir='ltr'>id</span> <span class='ocrx_word' id='word_1_139' title='bbox 1485 2385 1533 2447; x_wconf 91' lang='lat' dir='ltr'>in-</span> 
     </span>
     <span class='ocr_line' id='line_1_19' title="bbox 253 2489 1533 2574; baseline 0 -21"><span class='ocrx_word' id='word_1_140' title='bbox 253 2494 387 2556; x_wconf 88' lang='lat' dir='ltr'>clinare</span> <span class='ocrx_word' id='word_1_141' title='bbox 410 2493 497 2557; x_wconf 90' lang='lat' dir='ltr'>velit</span> <span class='ocrx_word' id='word_1_142' title='bbox 521 2504 557 2556; x_wconf 92' lang='lat' dir='ltr'>et</span> <span class='ocrx_word' id='word_1_143' title='bbox 581 2494 758 2574; x_wconf 86' lang='lat' dir='ltr'>dignetur,</span> <span class='ocrx_word' id='word_1_144' title='bbox 784 2513 853 2574; x_wconf 93' lang='lat' dir='ltr'>quo</span> <span class='ocrx_word' id='word_1_145' title='bbox 878 2489 952 2553; x_wconf 90' lang='lat' dir='ltr'>Sua</span> <span class='ocrx_word' id='word_1_146' title='bbox 977 2490 1089 2554; x_wconf 88' lang='lat' dir='ltr'>Sacra</span> <span class='ocrx_word' id='word_1_147' title='bbox 1103 2491 1275 2555; x_wconf 88' lang='lat' dir='ltr'>Maiestas</span> <span class='ocrx_word' id='word_1_148' title='bbox 1299 2493 1403 2555; x_wconf 93' lang='lat' dir='ltr'>nobis</span> <span class='ocrx_word' id='word_1_149' title='bbox 1427 2491 1533 2553; x_wconf 90' lang='lat' dir='ltr'>fidem</span> 
     </span>
     <span class='ocr_line' id='line_1_20' title="bbox 252 2598 1534 2681; baseline -0.001 -19"><span class='ocrx_word' id='word_1_150' title='bbox 252 2599 423 2663; x_wconf 88' lang='lat' dir='ltr'>adhibeat</span> <span class='ocrx_word' id='word_1_151' title='bbox 453 2600 561 2681; x_wconf 89' lang='lat' dir='ltr'>inque</span> <span class='ocrx_word' id='word_1_152' title='bbox 591 2611 748 2663; x_wconf 88' lang='lat' dir='ltr'>nostram</span> <span class='ocrx_word' id='word_1_153' title='bbox 782 2603 993 2662; x_wconf 88' lang='lat' dir='ltr'>sententiam</span> <span class='ocrx_word' id='word_1_154' title='bbox 1026 2600 1143 2662; x_wconf 90' lang='lat' dir='ltr'>animo</span> <span class='ocrx_word' id='word_1_155' title='bbox 1178 2609 1255 2674; x_wconf 90' lang='lat' dir='ltr'>eat;</span> <span class='ocrx_word' id='word_1_156' title='bbox 1281 2621 1326 2662; x_wconf 87' lang='lat' dir='ltr'>ex</span> <span class='ocrx_word' id='word_1_157' title='bbox 1363 2619 1406 2662; x_wconf 89' lang='lat' dir='ltr'>eo</span> <span class='ocrx_word' id='word_1_158' title='bbox 1441 2598 1534 2661; x_wconf 89' lang='lat' dir='ltr'>enim</span> 
     </span>
     <span class='ocr_line' id='line_1_21' title="bbox 253 2703 1530 2788; baseline 0 -20"><span class='ocrx_word' id='word_1_159' title='bbox 253 2707 440 2787; x_wconf 88' lang='lat' dir='ltr'>cognitura</span> <span class='ocrx_word' id='word_1_160' title='bbox 464 2717 518 2770; x_wconf 91' lang='lat' dir='ltr'>est</span> <span class='ocrx_word' id='word_1_161' title='bbox 542 2715 578 2770; x_wconf 93' lang='lat' dir='ltr'>et</span> <span class='ocrx_word' id='word_1_162' title='bbox 593 2708 759 2770; x_wconf 90' lang='lat' dir='ltr'>habitura</span> <span class='ocrx_word' id='word_1_163' title='bbox 774 2703 848 2769; x_wconf 88' lang='lat' dir='ltr'>Sua</span> <span class='ocrx_word' id='word_1_164' title='bbox 863 2706 1034 2769; x_wconf 88' lang='lat' dir='ltr'>Maiestas</span> <span class='ocrx_word' id='word_1_165' title='bbox 1056 2708 1240 2788; x_wconf 89' lang='lat' dir='ltr'>copiosum</span> <span class='ocrx_word' id='word_1_166' title='bbox 1264 2707 1416 2769; x_wconf 86' lang='lat' dir='ltr'>fructum</span> <span class='ocrx_word' id='word_1_167' title='bbox 1440 2715 1530 2786; x_wconf 84' lang='lat' dir='ltr'>tran·</span> 
     </span>
     <span class='ocr_line' id='line_1_22' title="bbox 255 2811 1533 2896; baseline -0.001 -21"><span class='ocrx_word' id='word_1_168' title='bbox 255 2814 365 2894; x_wconf 90' lang='lat' dir='ltr'>quilla</span> <span class='ocrx_word' id='word_1_169' title='bbox 388 2814 424 2877; x_wconf 91' lang='lat' dir='ltr'>in</span> <span class='ocrx_word' id='word_1_170' title='bbox 449 2814 583 2896; x_wconf 90' lang='lat' dir='ltr'>Regno</span> <span class='ocrx_word' id='word_1_171' title='bbox 607 2814 754 2877; x_wconf 88' lang='lat' dir='ltr'>Boemie</span> <span class='ocrx_word' id='word_1_172' title='bbox 779 2816 1039 2896; x_wconf 89' lang='lat' dir='ltr'>gubernacula,</span> <span class='ocrx_word' id='word_1_173' title='bbox 1075 2824 1110 2876; x_wconf 90' lang='lat' dir='ltr'>et</span> <span class='ocrx_word' id='word_1_174' title='bbox 1143 2816 1237 2895; x_wconf 91' lang='lat' dir='ltr'>quod</span> <span class='ocrx_word' id='word_1_175' title='bbox 1263 2813 1390 2876; x_wconf 90' lang='lat' dir='ltr'>dicitur</span> <span class='ocrx_word' id='word_1_176' title='bbox 1414 2811 1533 2875; x_wconf 88' lang='lat' dir='ltr'>Satur-</span> 
     </span>
     <span class='ocr_line' id='line_1_23' title="bbox 253 2918 1531 3003; baseline 0 -21"><span class='ocrx_word' id='word_1_177' title='bbox 253 2921 313 2983; x_wconf 88' lang='lat' dir='ltr'>nia</span> <span class='ocrx_word' id='word_1_178' title='bbox 335 2920 502 2984; x_wconf 89' lang='lat' dir='ltr'>redibunt</span> <span class='ocrx_word' id='word_1_179' title='bbox 525 2930 697 3003; x_wconf 86' lang='lat' dir='ltr'>tempora.</span> <span class='ocrx_word' id='word_1_180' title='bbox 744 2921 789 2984; x_wconf 89' lang='lat' dir='ltr'>Et</span> <span class='ocrx_word' id='word_1_181' title='bbox 820 2921 849 2983; x_wconf 91' lang='lat' dir='ltr'>si</span> <span class='ocrx_word' id='word_1_182' title='bbox 873 2921 932 2983; x_wconf 92' lang='lat' dir='ltr'>ille</span> <span class='ocrx_word' id='word_1_183' title='bbox 957 2921 1209 2983; x_wconf 89' lang='lat' dir='ltr'>celeberrimus</span> <span class='ocrx_word' id='word_1_184' title='bbox 1241 2918 1431 2983; x_wconf 89' lang='lat' dir='ltr'>Sacrarum</span> <span class='ocrx_word' id='word_1_185' title='bbox 1461 2920 1531 2982; x_wconf 91' lang='lat' dir='ltr'>Re·</span> 
     </span>
     <span class='ocr_line' id='line_1_24' title="bbox 252 3026 1534 3109; baseline -0.001 -20"><span class='ocrx_word' id='word_1_186' title='bbox 252 3027 390 3109; x_wconf 88' lang='lat' dir='ltr'>giarum</span> <span class='ocrx_word' id='word_1_187' title='bbox 414 3026 641 3090; x_wconf 90' lang='lat' dir='ltr'>Maiestatum</span> <span class='ocrx_word' id='word_1_188' title='bbox 670 3028 813 3091; x_wconf 92' lang='lat' dir='ltr'>Domini</span> <span class='ocrx_word' id='word_1_189' title='bbox 838 3028 1029 3108; x_wconf 87' lang='lat' dir='ltr'>Ludovici,</span> <span class='ocrx_word' id='word_1_190' title='bbox 1072 3038 1108 3090; x_wconf 91' lang='lat' dir='ltr'>et</span> <span class='ocrx_word' id='word_1_191' title='bbox 1138 3028 1281 3091; x_wconf 91' lang='lat' dir='ltr'>Domini</span> <span class='ocrx_word' id='word_1_192' title='bbox 1315 3027 1534 3108; x_wconf 89' lang='lat' dir='ltr'>Sigismundi</span> 
     </span>
     <span class='ocr_line' id='line_1_25' title="bbox 256 3133 1533 3216; baseline 0 -20"><span class='ocrx_word' id='word_1_193' title='bbox 256 3133 430 3215; x_wconf 91' lang='lat' dir='ltr'>Ungarie,</span> <span class='ocrx_word' id='word_1_194' title='bbox 459 3135 605 3198; x_wconf 91' lang='lat' dir='ltr'>Boemie</span> <span class='ocrx_word' id='word_1_195' title='bbox 631 3144 667 3197; x_wconf 90' lang='lat' dir='ltr'>et</span> <span class='ocrx_word' id='word_1_196' title='bbox 692 3136 842 3198; x_wconf 92' lang='lat' dir='ltr'>Polonie</span> <span class='ocrx_word' id='word_1_197' title='bbox 879 3145 945 3198; x_wconf 90' lang='lat' dir='ltr'>etc.</span> <span class='ocrx_word' id='word_1_198' title='bbox 974 3136 1118 3216; x_wconf 88' lang='lat' dir='ltr'>Regum</span> <span class='ocrx_word' id='word_1_199' title='bbox 1142 3135 1371 3197; x_wconf 90' lang='lat' dir='ltr'>Dominorum</span> <span class='ocrx_word' id='word_1_200' title='bbox 1399 3145 1533 3197; x_wconf 90' lang='lat' dir='ltr'>nostro·</span> 
     </span>
     <span class='ocr_line' id='line_1_26' title="bbox 251 3241 1534 3323; baseline -0.002 -19"><span class='ocrx_word' id='word_1_201' title='bbox 251 3261 328 3304; x_wconf 90' lang='lat' dir='ltr'>rum</span> <span class='ocrx_word' id='word_1_202' title='bbox 352 3241 705 3305; x_wconf 87' lang='lat' dir='ltr'>clementissimorum</span> <span class='ocrx_word' id='word_1_203' title='bbox 729 3242 874 3305; x_wconf 90' lang='lat' dir='ltr'>Posonii</span> <span class='ocrx_word' id='word_1_204' title='bbox 891 3244 950 3305; x_wconf 90' lang='lat' dir='ltr'>vel</span> <span class='ocrx_word' id='word_1_205' title='bbox 970 3241 1149 3304; x_wconf 89' lang='lat' dir='ltr'>Olomutio</span> <span class='ocrx_word' id='word_1_206' title='bbox 1174 3244 1225 3323; x_wconf 89' lang='lat' dir='ltr'>(ut</span> <span class='ocrx_word' id='word_1_207' title='bbox 1248 3242 1402 3323; x_wconf 83' lang='lat' dir='ltr'>auditur)</span> <span class='ocrx_word' id='word_1_208' title='bbox 1426 3241 1534 3304; x_wconf 84' lang='lat' dir='ltr'>fuerit</span> 
     </span>
     <span class='ocr_line' id='line_1_27' title="bbox 251 3348 1532 3431; baseline -0.002 -20"><span class='ocrx_word' id='word_1_209' title='bbox 251 3357 464 3431; x_wconf 89' lang='lat' dir='ltr'>conventus,</span> <span class='ocrx_word' id='word_1_210' title='bbox 507 3349 557 3411; x_wconf 95' lang='lat' dir='ltr'>ibi</span> <span class='ocrx_word' id='word_1_211' title='bbox 594 3369 714 3412; x_wconf 90' lang='lat' dir='ltr'>coram</span> <span class='ocrx_word' id='word_1_212' title='bbox 750 3350 820 3412; x_wconf 88' lang='lat' dir='ltr'>suis</span> <span class='ocrx_word' id='word_1_213' title='bbox 868 3349 1114 3411; x_wconf 87' lang='lat' dir='ltr'>sacratissimis</span> <span class='ocrx_word' id='word_1_214' title='bbox 1146 3349 1395 3412; x_wconf 90' lang='lat' dir='ltr'>Maiestatibus</span> <span class='ocrx_word' id='word_1_215' title='bbox 1425 3348 1532 3411; x_wconf 84' lang='lat' dir='ltr'>facile</span> 
     </span>
     <span class='ocr_line' id='line_1_28' title="bbox 252 3454 1532 3538; baseline -0.002 -20"><span class='ocrx_word' id='word_1_216' title='bbox 252 3458 479 3519; x_wconf 91' lang='lat' dir='ltr'>ostendemus</span> <span class='ocrx_word' id='word_1_217' title='bbox 503 3466 540 3518; x_wconf 90' lang='lat' dir='ltr'>et</span> <span class='ocrx_word' id='word_1_218' title='bbox 567 3455 760 3519; x_wconf 79' lang='lat' dir='ltr'>efficiemus</span> <span class='ocrx_word' id='word_1_219' title='bbox 784 3457 893 3538; x_wconf 89' lang='lat' dir='ltr'>longe</span> <span class='ocrx_word' id='word_1_220' title='bbox 917 3457 1019 3519; x_wconf 88' lang='lat' dir='ltr'>aliter</span> <span class='ocrx_word' id='word_1_221' title='bbox 1051 3477 1125 3519; x_wconf 91' lang='lat' dir='ltr'>rem</span> <span class='ocrx_word' id='word_1_222' title='bbox 1155 3459 1291 3520; x_wconf 88' lang='lat' dir='ltr'>habere</span> <span class='ocrx_word' id='word_1_223' title='bbox 1322 3476 1425 3538; x_wconf 91' lang='lat' dir='ltr'>quam</span> <span class='ocrx_word' id='word_1_224' title='bbox 1449 3454 1532 3517; x_wconf 88' lang='lat' dir='ltr'>fidei</span> 
     </span>
     <span class='ocr_line' id='line_1_29' title="bbox 251 3563 1532 3644; baseline -0.002 -19"><span class='ocrx_word' id='word_1_225' title='bbox 251 3564 373 3625; x_wconf 86' lang='lat' dir='ltr'>hostes</span> <span class='ocrx_word' id='word_1_226' title='bbox 397 3563 442 3627; x_wconf 92' lang='lat' dir='ltr'>de</span> <span class='ocrx_word' id='word_1_227' title='bbox 465 3563 569 3627; x_wconf 90' lang='lat' dir='ltr'>nobis</span> <span class='ocrx_word' id='word_1_228' title='bbox 592 3563 627 3626; x_wconf 90' lang='lat' dir='ltr'>in</span> <span class='ocrx_word' id='word_1_229' title='bbox 652 3563 808 3644; x_wconf 87' lang='lat' dir='ltr'>Regiam</span> <span class='ocrx_word' id='word_1_230' title='bbox 832 3563 1056 3626; x_wconf 86' lang='lat' dir='ltr'>Maiestatem</span> <span class='ocrx_word' id='word_1_231' title='bbox 1082 3565 1293 3642; x_wconf 86' lang='lat' dir='ltr'>detulerunt,</span> <span class='ocrx_word' id='word_1_232' title='bbox 1318 3563 1446 3644; x_wconf 90' lang='lat' dir='ltr'>quibus</span> <span class='ocrx_word' id='word_1_233' title='bbox 1466 3581 1532 3624; x_wconf 88' lang='lat' dir='ltr'>nos</span> 
     </span>
     <span class='ocr_line' id='line_1_30' title="bbox 251 3669 1530 3752; baseline -0.001 -20"><span class='ocrx_word' id='word_1_234' title='bbox 251 3671 500 3751; x_wconf 88' lang='lat' dir='ltr'>perogativam</span> <span class='ocrx_word' id='word_1_235' title='bbox 533 3670 569 3732; x_wconf 91' lang='lat' dir='ltr'>in</span> <span class='ocrx_word' id='word_1_236' title='bbox 601 3670 782 3751; x_wconf 88' lang='lat' dir='ltr'>querendo</span> <span class='ocrx_word' id='word_1_237' title='bbox 816 3669 950 3752; x_wconf 92' lang='lat' dir='ltr'>publici</span> <span class='ocrx_word' id='word_1_238' title='bbox 981 3669 1066 3732; x_wconf 92' lang='lat' dir='ltr'>boni</span> <span class='ocrx_word' id='word_1_239' title='bbox 1094 3670 1217 3750; x_wconf 90' lang='lat' dir='ltr'>Regni</span> <span class='ocrx_word' id='word_1_240' title='bbox 1247 3669 1395 3733; x_wconf 88' lang='lat' dir='ltr'>Boemie</span> <span class='ocrx_word' id='word_1_241' title='bbox 1419 3678 1455 3732; x_wconf 93' lang='lat' dir='ltr'>et</span> <span class='ocrx_word' id='word_1_242' title='bbox 1478 3688 1530 3731; x_wconf 89' lang='lat' dir='ltr'>re-</span> 
     </span>
     <span class='ocr_line' id='line_1_31' title="bbox 251 3775 1531 3858; baseline -0.002 -19"><span class='ocrx_word' id='word_1_243' title='bbox 251 3776 310 3858; x_wconf 86' lang='lat' dir='ltr'>gie</span> <span class='ocrx_word' id='word_1_244' title='bbox 333 3776 532 3840; x_wconf 89' lang='lat' dir='ltr'>Maiestatis</span> <span class='ocrx_word' id='word_1_245' title='bbox 556 3776 741 3839; x_wconf 90' lang='lat' dir='ltr'>commodo</span> <span class='ocrx_word' id='word_1_246' title='bbox 772 3797 842 3838; x_wconf 92' lang='lat' dir='ltr'>non</span> <span class='ocrx_word' id='word_1_247' title='bbox 876 3777 1039 3838; x_wconf 90' lang='lat' dir='ltr'>dabimus</span> <span class='ocrx_word' id='word_1_248' title='bbox 1070 3796 1136 3838; x_wconf 92' lang='lat' dir='ltr'>nec</span> <span class='ocrx_word' id='word_1_249' title='bbox 1159 3777 1217 3838; x_wconf 92' lang='lat' dir='ltr'>vel</span> <span class='ocrx_word' id='word_1_250' title='bbox 1241 3777 1415 3838; x_wconf 91' lang='lat' dir='ltr'>tantillum</span> <span class='ocrx_word' id='word_1_251' title='bbox 1434 3775 1531 3858; x_wconf 91' lang='lat' dir='ltr'>quip-</span> 
     </span>
     <span class='ocr_line' id='line_1_32' title="bbox 250 3881 1531 3966; baseline -0.001 -20"><span class='ocrx_word' id='word_1_252' title='bbox 250 3883 346 3966; x_wconf 91' lang='lat' dir='ltr'>piam</span> <span class='ocrx_word' id='word_1_253' title='bbox 369 3884 415 3946; x_wconf 92' lang='lat' dir='ltr'>de</span> <span class='ocrx_word' id='word_1_254' title='bbox 439 3903 482 3946; x_wconf 92' lang='lat' dir='ltr'>ea</span> <span class='ocrx_word' id='word_1_255' title='bbox 505 3884 749 3946; x_wconf 88' lang='lat' dir='ltr'>concedemus.</span> <span class='ocrx_word' id='word_1_256' title='bbox 789 3883 860 3945; x_wconf 92' lang='lat' dir='ltr'>Ubi</span> <span class='ocrx_word' id='word_1_257' title='bbox 885 3895 1003 3946; x_wconf 89' lang='lat' dir='ltr'>autem</span> <span class='ocrx_word' id='word_1_258' title='bbox 1028 3884 1074 3945; x_wconf 87' lang='lat' dir='ltr'>ad</span> <span class='ocrx_word' id='word_1_259' title='bbox 1089 3881 1350 3946; x_wconf 85' lang='lat' dir='ltr'>Sublimitatern</span> <span class='ocrx_word' id='word_1_260' title='bbox 1364 3884 1531 3946; x_wconf 90' lang='lat' dir='ltr'>Vestram</span> 
     </span>
     <span class='ocr_line' id='line_1_33' title="bbox 250 3988 1530 4072; baseline -0.001 -18"><span class='ocrx_word' id='word_1_261' title='bbox 250 4010 315 4072; x_wconf 89' lang='lat' dir='ltr'>per</span> <span class='ocrx_word' id='word_1_262' title='bbox 339 3990 477 4072; x_wconf 91' lang='lat' dir='ltr'>aliquos</span> <span class='ocrx_word' id='word_1_263' title='bbox 507 3991 628 4053; x_wconf 91' lang='lat' dir='ltr'>hostes</span> <span class='ocrx_word' id='word_1_264' title='bbox 651 3988 735 4052; x_wconf 90' lang='lat' dir='ltr'>fidei</span> <span class='ocrx_word' id='word_1_265' title='bbox 760 3989 958 4052; x_wconf 89' lang='lat' dir='ltr'>Christiane</span> <span class='ocrx_word' id='word_1_266' title='bbox 992 3999 1199 4062; x_wconf 90' lang='lat' dir='ltr'>etnostros</span> <span class='ocrx_word' id='word_1_267' title='bbox 1229 3989 1324 4052; x_wconf 85' lang='lat' dir='ltr'>fama</span> <span class='ocrx_word' id='word_1_268' title='bbox 1353 3991 1399 4053; x_wconf 92' lang='lat' dir='ltr'>de</span> <span class='ocrx_word' id='word_1_269' title='bbox 1427 3990 1530 4053; x_wconf 84' lang='lat' dir='ltr'>nobis</span> 
     </span>
     <span class='ocr_line' id='line_1_34' title="bbox 249 4095 1529 4179; baseline -0.001 -20"><span class='ocrx_word' id='word_1_270' title='bbox 249 4096 414 4178; x_wconf 88' lang='lat' dir='ltr'>pervenit</span> <span class='ocrx_word' id='word_1_271' title='bbox 438 4116 542 4178; x_wconf 90' lang='lat' dir='ltr'>quam</span> <span class='ocrx_word' id='word_1_272' title='bbox 566 4096 771 4159; x_wconf 89' lang='lat' dir='ltr'>sublimitati</span> <span class='ocrx_word' id='word_1_273' title='bbox 795 4096 925 4160; x_wconf 89' lang='lat' dir='ltr'>Vestre</span> <span class='ocrx_word' id='word_1_274' title='bbox 949 4097 985 4158; x_wconf 91' lang='lat' dir='ltr'>in</span> <span class='ocrx_word' id='word_1_275' title='bbox 1010 4096 1174 4179; x_wconf 83' lang='lat' dir='ltr'>negotiO‚</span> <span class='ocrx_word' id='word_1_276' title='bbox 1211 4097 1307 4178; x_wconf 91' lang='lat' dir='ltr'>quod</span> <span class='ocrx_word' id='word_1_277' title='bbox 1343 4098 1389 4159; x_wconf 93' lang='lat' dir='ltr'>ad</span> <span class='ocrx_word' id='word_1_278' title='bbox 1423 4095 1529 4159; x_wconf 87' lang='lat' dir='ltr'>fidem</span> 
     </span>
     <span class='ocr_line' id='line_1_35' title="bbox 251 4191 1529 4284; baseline -0.002 -17"><span class='ocrx_word' id='word_1_279' title='bbox 251 4203 397 4284; x_wconf 88' lang='lat' dir='ltr'>attinet,</span> <span class='ocrx_word' id='word_1_280' title='bbox 432 4206 544 4266; x_wconf 88' lang='lat' dir='ltr'>verba</span> <span class='ocrx_word' id='word_1_281' title='bbox 580 4203 757 4281; x_wconf 77' lang='lat' dir='ltr'>dicemuS,</span> <span class='ocrx_word' id='word_1_282' title='bbox 794 4203 1015 4284; x_wconf 90' lang='lat' dir='ltr'>postulamus</span> <span class='ocrx_word' id='word_1_283' title='bbox 1047 4191 1278 4267; x_wconf 85' lang='lat' dir='ltr'>vehementer</span> <span class='ocrx_word' id='word_1_284' title='bbox 1310 4212 1346 4265; x_wconf 94' lang='lat' dir='ltr'>et</span> <span class='ocrx_word' id='word_1_285' title='bbox 1376 4203 1529 4266; x_wconf 86' lang='lat' dir='ltr'>subnixe</span> 
     </span>
     <span class='ocr_line' id='line_1_36' title="bbox 250 4309 1530 4394; baseline 0 -22"><span class='ocrx_word' id='word_1_286' title='bbox 250 4330 438 4394; x_wconf 89' lang='lat' dir='ltr'>precamur</span> <span class='ocrx_word' id='word_1_287' title='bbox 473 4330 543 4373; x_wconf 90' lang='lat' dir='ltr'>non</span> <span class='ocrx_word' id='word_1_288' title='bbox 584 4310 753 4373; x_wconf 90' lang='lat' dir='ltr'>adhibeat</span> <span class='ocrx_word' id='word_1_289' title='bbox 788 4310 988 4372; x_wconf 92' lang='lat' dir='ltr'>huiusmodi</span> <span class='ocrx_word' id='word_1_290' title='bbox 1026 4311 1287 4375; x_wconf 89' lang='lat' dir='ltr'>narrationibus</span> <span class='ocrx_word' id='word_1_291' title='bbox 1322 4309 1530 4375; x_wconf 84' lang='lat' dir='ltr'>Sublimitas</span> 
     </span>
     <span class='ocr_line' id='line_1_37' title="bbox 250 4416 1528 4501; baseline 0.001 -22"><span class='ocrx_word' id='word_1_292' title='bbox 250 4417 382 4480; x_wconf 91' lang='lat' dir='ltr'>Vestra</span> <span class='ocrx_word' id='word_1_293' title='bbox 405 4417 511 4480; x_wconf 90' lang='lat' dir='ltr'>fidem</span> <span class='ocrx_word' id='word_1_294' title='bbox 547 4437 616 4498; x_wconf 90' lang='lat' dir='ltr'>que</span> <span class='ocrx_word' id='word_1_295' title='bbox 649 4416 735 4480; x_wconf 91' lang='lat' dir='ltr'>nihil</span> <span class='ocrx_word' id='word_1_296' title='bbox 759 4417 855 4479; x_wconf 89' lang='lat' dir='ltr'>aliud</span> <span class='ocrx_word' id='word_1_297' title='bbox 880 4416 916 4479; x_wconf 93' lang='lat' dir='ltr'>in</span> <span class='ocrx_word' id='word_1_298' title='bbox 949 4438 987 4480; x_wconf 89' lang='lat' dir='ltr'>se</span> <span class='ocrx_word' id='word_1_299' title='bbox 1011 4419 1157 4481; x_wconf 89' lang='lat' dir='ltr'>habent</span> <span class='ocrx_word' id='word_1_300' title='bbox 1190 4439 1297 4501; x_wconf 86' lang='lat' dir='ltr'>quarn</span> <span class='ocrx_word' id='word_1_301' title='bbox 1319 4419 1467 4481; x_wconf 89' lang='lat' dir='ltr'>livorem</span> <span class='ocrx_word' id='word_1_302' title='bbox 1492 4430 1528 4480; x_wconf 85' lang='lat' dir='ltr'>et</span> 
     </span>
     <span class='ocr_line' id='line_1_38' title="bbox 249 4524 1530 4606; baseline 0 -20"><span class='ocrx_word' id='word_1_303' title='bbox 249 4534 346 4587; x_wconf 90' lang='lat' dir='ltr'>certe</span> <span class='ocrx_word' id='word_1_304' title='bbox 370 4525 541 4588; x_wconf 89' lang='lat' dir='ltr'>mellitum</span> <span class='ocrx_word' id='word_1_305' title='bbox 573 4535 654 4587; x_wconf 91' lang='lat' dir='ltr'>sunt</span> <span class='ocrx_word' id='word_1_306' title='bbox 678 4524 791 4596; x_wconf 88' lang='lat' dir='ltr'>virus;</span> <span class='ocrx_word' id='word_1_307' title='bbox 830 4524 986 4587; x_wconf 89' lang='lat' dir='ltr'>nondum</span> <span class='ocrx_word' id='word_1_308' title='bbox 1017 4525 1110 4588; x_wconf 91' lang='lat' dir='ltr'>enim</span> <span class='ocrx_word' id='word_1_309' title='bbox 1135 4527 1270 4588; x_wconf 91' lang='lat' dir='ltr'>dehoc</span> <span class='ocrx_word' id='word_1_310' title='bbox 1294 4525 1440 4606; x_wconf 87' lang='lat' dir='ltr'>negotio</span> <span class='ocrx_word' id='word_1_311' title='bbox 1464 4544 1530 4606; x_wconf 88' lang='lat' dir='ltr'>per</span> 
     </span>
     <span class='ocr_line' id='line_1_39' title="bbox 250 4630 1528 4713; baseline 0.001 -20"><span class='ocrx_word' id='word_1_312' title='bbox 250 4632 406 4713; x_wconf 88' lang='lat' dir='ltr'>Regiam</span> <span class='ocrx_word' id='word_1_313' title='bbox 441 4631 666 4694; x_wconf 90' lang='lat' dir='ltr'>Maiestatem</span> <span class='ocrx_word' id='word_1_314' title='bbox 701 4631 833 4693; x_wconf 90' lang='lat' dir='ltr'>indicta</span> <span class='ocrx_word' id='word_1_315' title='bbox 857 4630 923 4693; x_wconf 84' lang='lat' dir='ltr'>fuit</span> <span class='ocrx_word' id='word_1_316' title='bbox 953 4631 988 4693; x_wconf 92' lang='lat' dir='ltr'>in</span> <span class='ocrx_word' id='word_1_317' title='bbox 1020 4632 1153 4713; x_wconf 89' lang='lat' dir='ltr'>Regno</span> <span class='ocrx_word' id='word_1_318' title='bbox 1185 4632 1331 4695; x_wconf 91' lang='lat' dir='ltr'>Boemie</span> <span class='ocrx_word' id='word_1_319' title='bbox 1355 4632 1469 4713; x_wconf 88' lang='lat' dir='ltr'>dieta,</span> <span class='ocrx_word' id='word_1_320' title='bbox 1494 4632 1528 4694; x_wconf 94' lang='lat' dir='ltr'>in</span> 
     </span>
     <span class='ocr_line' id='line_1_40' title="bbox 249 4737 1528 4821; baseline 0 -21"><span class='ocrx_word' id='word_1_321' title='bbox 249 4758 319 4819; x_wconf 91' lang='lat' dir='ltr'>qua</span> <span class='ocrx_word' id='word_1_322' title='bbox 353 4738 561 4800; x_wconf 88' lang='lat' dir='ltr'>relationem</span> <span class='ocrx_word' id='word_1_323' title='bbox 610 4747 730 4801; x_wconf 91' lang='lat' dir='ltr'>nostre</span> <span class='ocrx_word' id='word_1_324' title='bbox 774 4737 964 4819; x_wconf 86' lang='lat' dir='ltr'>legationis</span> <span class='ocrx_word' id='word_1_325' title='bbox 1005 4738 1213 4804; x_wconf 85' lang='lat' dir='ltr'>faceremus.</span> <span class='ocrx_word' id='word_1_326' title='bbox 1269 4738 1412 4802; x_wconf 82' lang='lat' dir='ltr'>Efficiat</span> <span class='ocrx_word' id='word_1_327' title='bbox 1441 4759 1528 4821; x_wconf 91' lang='lat' dir='ltr'>ergo</span> 
     </span>
     <span class='ocr_line' id='line_1_41' title="bbox 249 4833 1529 4928; baseline 0.001 -17"><span class='ocrx_word' id='word_1_328' title='bbox 249 4845 422 4911; x_wconf 84' lang='lat' dir='ltr'>celsitudo</span> <span class='ocrx_word' id='word_1_329' title='bbox 446 4855 567 4908; x_wconf 90' lang='lat' dir='ltr'>vestra</span> <span class='ocrx_word' id='word_1_330' title='bbox 589 4866 757 4927; x_wconf 89' lang='lat' dir='ltr'>rogamus</span> <span class='ocrx_word' id='word_1_331' title='bbox 780 4847 874 4928; x_wconf 91' lang='lat' dir='ltr'>apud</span> <span class='ocrx_word' id='word_1_332' title='bbox 901 4846 1055 4927; x_wconf 89' lang='lat' dir='ltr'>Regiam</span> <span class='ocrx_word' id='word_1_333' title='bbox 1072 4846 1295 4910; x_wconf 89' lang='lat' dir='ltr'>Maiestatem</span> <span class='ocrx_word' id='word_1_334' title='bbox 1315 4833 1380 4910; x_wconf 80' lang='lat' dir='ltr'>nec</span> <span class='ocrx_word' id='word_1_335' title='bbox 1399 4846 1529 4912; x_wconf 88' lang='lat' dir='ltr'>diutius</span> 
     </span>
    </p>
   </div>
   <div class='ocr_carea' id='block_1_3' title="bbox 0 0 1784 5734">
    <p class='ocr_par' dir='ltr' id='par_1_3' title="bbox 0 0 1784 5734">
     <span class='ocr_line' id='line_1_42' title="bbox 0 0 1784 5734; baseline 0 2"><span class='ocrx_word' id='word_1_336' title='bbox 0 0 1784 5734; x_wconf 95' lang='lat' dir='ltr'> </span> 
     </span>
    </p>
   </div>
  </div>
 </body>
</html>
