3559 5734
681 551 739 605 ΗΞ
779 552 831 604 ‘373
869 557 928 601 tw

255 695 382 776 Quello
406 697 599 758 medesimo
629 697 663 757 dl
688 698 755 758 che
781 697 816 757 lu
841 695 932 758 fatte
962 705 1088 777 questa
1112 699 1208 760 bella
1232 698 1444 761 executione

170 804 250 867 delli
274 802 355 866 libri
387 803 423 865 di
448 803 581 865 Luther
606 801 665 884 qui
688 802 723 864 in
749 803 914 865 Anversa
938 802 1047 865 Cesar
1080 804 1114 865 le
1138 822 1218 867 sera
1242 804 1302 886 poi
1326 806 1445 868 hebbe

169 913 200 974 la
223 931 342 973 nuova
365 912 485 971 buona
509 909 545 970 di
561 908 733 988 Navarra,
757 911 793 972 la
816 910 921 990 quale
942 929 1052 975 ancor
1076 912 1142 972 che
1159 910 1207 973 lui
1225 920 1366 974 tenesse
1380 932 1446 994 per

169 1038 269 1096 vera,
305 1037 376 1079 non
401 1015 436 1077 di
461 1036 563 1078 meno
595 1036 665 1077 non
690 1017 725 1077 la
749 1018 854 1079 volea
876 1016 1066 1098 pubblicar
1094 1018 1140 1080 da
1163 1038 1202 1080 se
1225 1017 1273 1081 fin
1298 1019 1364 1081 che
1387 1039 1445 1082 ve·

169 1126 269 1187 desse
295 1124 353 1204 piu
379 1132 554 1196 certezza3
590 1143 676 1185 vero
701 1122 719 1185 ἐ
744 1124 810 1185 che
835 1123 989 1186 Palenza
1014 1145 1058 1186 ne
1082 1125 1210 1187 scrisse
1236 1146 1335 1188 come
1359 1134 1445 1207 pote

169 1232 330 1294 intendet
354 1231 397 1293 V.
422 1228 459 1293 S.
483 1231 569 1293 ΚΜ.

254 1338 379 1421 Hoggi
402 1339 448 1401 ad
472 1359 542 1401 une
566 1340 654 1401 hora
677 1337 737 1420 poi
762 1339 905 1420 meggio
931 1338 976 1420 di,
1000 1343 1143 1422 quando
1165 1340 1274 1404 Cesar
1297 1360 1359 1403 era
1381 1361 1448 1423 per

169 1446 309 1527 partirsi
334 1466 437 1509 verso
462 1444 578 1521 Genti,
606 1445 723 1507 arrivo
747 1466 850 1508 mess.
876 1446 1084 1510 Hieronimo
1110 1445 1285 1509 Severino
1309 1468 1446 1529 senese,

170 1555 200 1616 el
234 1554 318 1635 qual
342 1573 380 1615 se
405 1553 423 1615 ὲ
448 1561 626 1615 attrovato
661 1554 719 1615 nel
747 1552 837 1615 fatto
872 1553 907 1615 di
941 1575 1037 1617 arme
1061 1564 1185 1616 contra
1208 1554 1378 1618 Francesi
1411 1555 1446 1618 in

170 1681 247 1723 essa
262 1659 424 1722 Navarra
448 1669 484 1723 et
502 1660 634 1741 perche
659 1661 690 1721 el
706 1660 766 1721 Re
782 1659 908 1740 scrire,
933 1660 1025 1724 cossi
1040 1682 1110 1725 non
1126 1661 1284 1724 scrivero
1305 1661 1339 1724 io
1357 1663 1447 1725 altre

170 1766 459 1848 particularitade
484 1766 520 1827 di
544 1774 670 1847 questo
695 1766 799 1829 etiam
825 1769 956 1849 perche
981 1768 999 1830 ὲ
1020 1768 1124 1831 fuora
1148 1768 1183 1829 di
1199 1767 1267 1830 mia
1283 1767 1446 1850 impresa.

171 1875 287 1938 Credo
321 1894 474 1936 saranno
498 1883 628 1937 venute
662 1894 778 1937 nuove
802 1896 823 1935 a
848 1872 921 1937 Sua
945 1874 1084 1938 Santitl
1118 1884 1153 1938 et
1176 1897 1197 1938 a
1222 1874 1265 1938 V.
1291 1872 1327 1937 S.
1351 1875 1448 1938 Rma

170 1983 227 2044 del
243 1980 455 2061 Maguntino
480 1981 624 2061 (perche
642 2000 750 2042 ancor
767 2001 837 2061 qua
852 1982 900 2043 ha
916 1981 1051 2062 scritto)
1076 1981 1112 2044 di
1127 1984 1244 2064 quelle
1259 1980 1447 2044 insolentie

169 2090 233 2151 che
258 2088 379 2151 fecero
403 2086 462 2149 alli
489 2087 521 2147 dl
546 2086 680 2168 passati
705 2086 730 2149 li
754 2087 907 2150 scholari
931 2089 976 2150 de
1001 2086 1202 2170 Erphordia
1230 2110 1296 2171 per
1319 2110 1357 2152 se
1381 2088 1448 2152 soli

169 2196 282 2277 primo
289 2243 299 2277 ‚
335 2194 396 2276 poi
419 2194 554 2256 adiunti
582 2193 699 2256 alcuni
723 2195 782 2256 del
805 2196 939 2276 popolo
968 2206 1092 2258 contro
1117 2195 1233 2258 alcuni
1258 2196 1316 2258 del
1341 2197 1447 2259 clero.

169 2302 237 2365 Dio
262 2300 414 2383 perdoni
437 2303 472 2363 al
496 2302 595 2363 detto
620 2298 659 2361 Sr
684 2300 709 2363 il
733 2303 837 2381 quale
862 2302 1039 2365 ancorche
1063 2302 1105 2365 sii
1139 2304 1185 2365 da
1208 2324 1246 2365 se
1268 2305 1388 2365 buono
1413 2311 1449 2365 et

170 2410 282 2491 gentil
306 2407 485 2490 principe,
520 2409 710 2470 tuttavolta
733 2428 799 2490 per
822 2429 886 2471 sua
909 2429 978 2490 pur
1000 2418 1131 2492 troppa
1153 2408 1405 2491 pusillanimiter
1429 2410 1447 2473 ὲ

170 2527 262 2580 stato
288 2535 395 2579 causa
431 2516 490 2577 dal
513 2514 688 2596 principio
712 2516 746 2576 al
770 2512 841 2577 fine
866 2515 902 2577 di
926 2515 1006 2578 tutti
1031 2515 1145 2597 questi
1170 2516 1262 2578 mali.
1310 2516 1365 2578 De
1389 2515 1449 2597 qui

171 2625 240 2687 noi·
260 2623 342 2686 altri
373 2622 509 2684 faremo
535 2621 735 2703 dilligentia
766 2642 845 2685 cum
859 2623 968 2686 Cesar
999 2624 1065 2686 che
1097 2622 1180 2685 doni
1211 2623 1448 2697 ordinatione;

170 2730 229 2812 poi
253 2732 312 2793 nel
337 2730 406 2792 mio
431 2728 633 2810 aggiugner
665 2727 763 2791 costi
794 2729 871 2791 diro
904 2731 937 2792 el
960 2730 1030 2793 mio
1054 2750 1168 2812 pocco
1199 2750 1306 2812 parer
1329 2731 1448 2812 quello

172 2839 235 2900 che
259 2858 299 2900 se
323 2838 482 2899 harebbe
516 2836 560 2897 ad
585 2835 640 2898 far
663 2855 728 2917 per
753 2836 877 2899 obviat
901 2858 923 2899 a
946 2836 1049 2899 simili
1073 2836 1346 2900 inconvenienti.
1393 2836 1448 2900 De

173 2944 319 3008 mattino
344 2942 478 3026 partiri>
503 2945 548 3006 de
573 2942 631 3024 qui
664 2963 729 3024 per
753 2942 857 3006 Gand
892 2952 928 3005 et
951 2943 1058 3005 farasi
1091 2952 1183 3006 tutto
1216 2944 1239 3006 il
1263 2944 1395 3025 meglio
1419 2943 1448 3005 si

172 3052 289 3134 putri,
326 3062 362 3113 et
384 3050 513 3133 pareri.
544 3059 746 3132 opportuno
770 3049 903 3112 auxilio
928 3049 996 3112 Dei
1020 3050 1080 3132 qui
1105 3050 1234 3112 Rmam
1259 3059 1294 3112 et
1317 3050 1447 3112 illmam

172 3160 215 3222 D.
230 3159 274 3221 V.
301 3158 361 3220 diu
385 3167 503 3220 servet
527 3157 737 3222 incolumen.
776 3156 881 3220 Cuius
904 3157 1096 3220 humillime
1112 3176 1235 3220 manus
1251 3156 1447 3220 deosculor.

173 3266 227 3328 Ex
250 3265 461 3347 Antverpia‚
490 3264 547 3327 die
572 3264 664 3327 XVI
687 3263 770 3344 Julii
792 3262 976 3329 MDXXI.

709 3442 916 3456 vvwmvwvvvm

774 3619 848 3683 109.

451 3736 694 3816 Aloandor
730 3734 1170 3817 Vineoennollumn

600 3873 741 3943 (imitat.
759 3872 886 3932 German
903 3871 934 3932 li
952 3874 1020 3946 165.)

683 3980 737 4052 (19.
757 3984 823 4049 Julii
847 3981 935 4051 1521.)

260 4114 300 4176 Io
324 4109 454 4175 arrivai
477 4109 512 4172 in
536 4117 662 4191 questa
684 4117 780 4171 terra
804 4108 838 4170 di
863 4110 1052 4172 Bruxelles
1074 4109 1187 4191 hoggi
1206 4129 1298 4171 nove
1322 4108 1450 4190 giomi,

174 4223 265 4285 dove
296 4241 367 4284 non
393 4219 422 4282 si
452 4220 498 4281 ha
521 4226 668 4299 possuto
699 4215 775 4279 iare
800 4236 910 4278 ancor
943 4216 1130 4279 execution
1163 4217 1290 4278 alcuna
1319 4215 1364 4278 de
1387 4235 1447 4297 pu·

173 4330 283 4392 blicar
314 4328 339 4391 li
362 4325 519 4389 mandati
542 4323 716 4405 imperiali
741 4331 864 4386 contra
889 4323 1039 4403 Luther‚
1075 4323 1205 4405 perche
1229 4323 1358 4385 voleno
1384 4324 1449 4385 che

175 4457 212 4499 se
241 4435 381 4498 saccino
411 4433 447 4496 in
471 4431 650 4512 fiamengo
681 4439 717 4492 et
746 4429 911 4492 francese
943 4440 978 4493 et
1002 4450 1068 4493 con
1094 4438 1192 4492 certa
1222 4430 1313 4491 altra
1335 4428 1450 4492 forma

175 4544 211 4605 di
234 4544 314 4608 stile
332 4540 507 4605 ancorche
524 4537 560 4600 di
577 4557 647 4600 una
660 4535 853 4599 medesima
867 4535 1076 4617 substantia,
1100 4537 1309 4598 altramente
1324 4545 1450 4616 questo

174 4670 281 4732 paese
298 4651 365 4713 che
383 4669 420 4711 se
436 4646 509 4709 tien
527 4652 694 4725 exempto
709 4644 805 4705 delo
822 4642 976 4723 Imperio
992 4664 1062 4705 non
1086 4641 1312 4716 obidirebbe;
1337 4642 1449 4723 perho

175 4760 336 4840 besogna
358 4764 486 4819 metter
518 4756 550 4816 le
575 4752 732 4814 clausule
763 4752 920 4813 secundo
949 4752 1025 4814 loro
1050 4751 1173 4813 forma.
1220 4749 1262 4811 El
1286 4748 1449 4812 francese

166 4861 209 4927 ¹io
232 4868 266 4928 lo
291 4867 338 4927 ho
362 4863 519 4925 tradotto
544 4870 580 4921 et
603 4857 663 4939 gii
686 4856 786 4920 finito
811 4857 923 4941 hoggi
946 4859 992 4921 de
1011 4857 1066 4920 far
1091 4857 1272 4920 descriver
1292 4858 1326 4919 al
1340 4864 1449 4936 netto,

202 4990 281 5041 natm,
294 4990 438 5029 Documenta
446 4987 584 5028 Luthersns.
1259 4962 1291 5016 18
