3559 5734
701 581 851 637 cortu
890 581 948 635 [ir-0

184 727 295 787 breve
320 746 398 787 cum
426 725 557 787 faculth
583 726 649 788 che
673 724 707 787 io
731 725 755 787 li
779 726 875 807 possi
901 728 1088 804 absolver,
1113 748 1183 789 non
1209 730 1375 789 obstante
1400 726 1467 789 che

184 830 225 894 N.
250 829 287 894 S.
313 853 352 895 se
368 832 392 894 li
408 834 523 895 havea
538 832 712 895 reservati
729 853 749 894 a
766 853 815 898 se.
849 833 897 897 Se
914 834 990 895 loro
1015 833 1153 897 iussero
1178 837 1236 916 qul
1260 834 1420 916 presenti
1443 834 1468 896 li

185 938 303 1002 harrei
327 938 456 1001 indotti
481 960 502 1001 a
526 938 581 1001 iar
605 940 850 1021 procuratorio
875 941 921 1003 ad
944 942 1137 1022 petendam
1161 941 1422 1004 absolutionem
1446 961 1468 1002 a

185 1045 248 1107 8⁰¹⁰
273 1047 374 1119 Dno;
410 1067 467 1109 ma
497 1045 630 1127 perche
662 1067 750 1109 sono
782 1046 928 1109 distanti
958 1046 1018 1128 piir
1048 1049 1093 1110 de
1117 1048 1193 1110 XV
1217 1048 1398 1129 giornate,
1434 1049 1468 1110 el

184 1153 261 1217 loro
286 1164 497 1236 procurator
520 1155 585 1216 che
611 1154 788 1217 domanda
820 1154 840 1216 l'
855 1154 1058 1217 absolution
1087 1175 1152 1236 per
1176 1158 1253 1218 loro
1278 1156 1296 1218 ὲ
1321 1176 1391 1219 uno
1415 1174 1467 1218 se-

185 1262 337 1324 cretario
362 1261 407 1323 de
423 1261 549 1335 Cesar;
575 1283 613 1325 se
637 1261 667 1324 si
691 1271 835 1343 potesse
858 1282 925 1344 per
941 1271 1067 1342 questa
1084 1260 1141 1324 via
1161 1262 1205 1324 de
1222 1282 1330 1343 sopra
1346 1262 1469 1327 scritta

184 1367 378 1430 absolverli
410 1388 431 1431 0
463 1388 565 1431 como
590 1368 695 1431 melio
727 1369 833 1450 sapra
857 1377 1001 1431 trovare
1032 1370 1065 1453 el
1089 1368 1185 1433 Rmo
1210 1367 1348 1451 Signor
1366 1366 1468 1431 Santi

186 1473 337 1555 Quattro
368 1476 522 1538 sarebbe
554 1478 651 1538 bono
682 1496 748 1557 per
773 1476 939 1559 exemplo
965 1477 1010 1538 de
1034 1476 1133 1557 altri,
1169 1484 1205 1538 et
1228 1476 1360 1559 perche}
1385 1474 1466 1538 Bili-

185 1583 293 1644 baldo
328 1582 346 1644 ὲ
380 1581 517 1664 grande
551 1583 656 1646 homo
689 1582 788 1645 richo
823 1583 867 1645 de
900 1584 1039 1665 grande
1070 1581 1249 1646 authorita
1278 1583 1316 1671 ¹in
1350 1583 1466 1664 quella

186 1699 332 1772 potente
357 1690 452 1753 ter'ra
477 1699 512 1752 et
535 1691 581 1751 ha
606 1710 710 1753 nome
735 1689 770 1752 di
795 1710 885 1773 gran
911 1689 1078 1753 litterato

275 1814 333 1876 Un
357 1814 449 1877 frate
469 1813 581 1877 minor
602 1813 872 1895 observatino¹).
911 1814 977 1877 Chi
994 1815 1123 1877 mando
1140 1835 1210 1878 uua
1229 1814 1467 1898 supplication

186 1943 250 1985 con
276 1922 372 1984 mille
396 1921 563 1985 instantie
588 1942 643 1985 me
667 1941 789 2003 preme
814 1922 867 1984 ch’
889 1921 923 1984 io
948 1922 982 1984 lo
1007 1922 1231 1994 recomandi;
1257 1925 1289 1985 el
1305 1923 1388 2004 qual
1403 1942 1469 2005 per

187 2050 284 2092 esser
307 2030 414 2093 homo
439 2031 539 2093 dotto
564 2030 609 2091 de
633 2027 822 2105 authorita,
848 2037 883 2090 et
908 2048 1007 2091 come
1024 2049 1078 2091 me
1096 2028 1219 2091 dubito
1236 2049 1283 2091 un
1298 2031 1467 2111 pochetto

187 2136 231 2199 de
256 2139 290 2199 la
315 2138 436 2200 schola
461 2138 506 2200 de
530 2136 647 2219 questi
671 2146 738 2199 etc.
764 2135 811 2217 (ni
835 2133 956 2219 fallor)
986 2154 1057 2198 non
1081 2136 1129 2199 ho
1153 2145 1301 2218 possuto
1325 2136 1380 2199 far
1403 2138 1468 2200 che

189 2264 257 2306 non
282 2243 398 2307 scrive
421 2243 603 2307 conforme
627 2263 648 2306 a
672 2245 800 2306 lettere
824 2244 868 2304 de
885 2242 984 2304 molti
1008 2241 1152 2323 segnori
1168 2242 1289 2305 scritte
1314 2264 1334 2305 a
1349 2242 1469 2306 Roma

187 2349 221 2413 in
246 2350 350 2413 favor
375 2350 433 2413 del
458 2351 557 2414 detto
581 2350 682 2413 frate.
730 2349 770 2411 Io
804 2369 874 2412 non
899 2349 1076 2412 demando
1101 2370 1139 2412 se
1164 2370 1236 2413 non
1260 2351 1378 2431 quello
1404 2351 1469 2413 che

187 2456 397 2519 iustamente
428 2466 464 2520 et
494 2457 764 2519 honestamente
797 2476 835 2518 se
866 2464 951 2538 pote
986 2457 1163 2519 conceder
1194 2465 1230 2519 et
1253 2476 1324 2519 non
1349 2456 1469 2530 aliter;

188 2566 299 2627 solum
325 2563 487 2645 supplico
520 2565 585 2626 che
616 2583 654 2625 se
679 2583 717 2625 se
750 2562 774 2625 li
799 2562 966 2645 niegasse
990 2562 1080 2626 sacci
1110 2563 1171 2647 piu
1195 2566 1416 2628 dolcemente
1441 2562 1470 2627 si

188 2678 289 2751 pote,
314 2671 444 2751 perche
469 2672 564 2732 bono
589 2671 619 2750 ὲ,
644 2678 743 2733 tanto
768 2671 834 2733 che
859 2690 898 2732 se
925 2671 1096 2752 extingue
1121 2692 1231 2735 ancor
1260 2672 1320 2754 qui
1344 2680 1470 2754 questo

189 2797 338 2857 veneno,
362 2776 549 2840 intertenir
572 2776 608 2839 id
632 2796 745 2858 genus
768 2777 966 2852 hominum;
998 2777 1085 2840 nihil
1108 2786 1226 2842 tamen
1250 2787 1393 2861 praeter
1416 2779 1471 2842 ius

189 2892 224 2945 et
247 2882 303 2946 fas
327 2892 423 2965 peto.

276 3008 319 3071 El
343 3028 382 3071 re
406 3009 451 3072 de
476 3007 729 3071 Dannemarck
753 3008 771 3070 ὲ
797 3009 877 3090 qui,
916 3009 949 3070 el
973 3009 1056 3089 qual
1081 3009 1211 3091 perche
1235 3008 1313 3072 fece
1336 3031 1472 3073 mazzar

190 3115 212 3178 li
236 3114 396 3199 episcopi
428 3124 463 3178 et
487 3115 516 3177 si
547 3115 626 3178 dice
658 3116 724 3177 che
747 3115 853 3177 volea
882 3116 997 3178 havet
1020 3115 1154 3179 Luther
1186 3127 1221 3180 et
1253 3117 1277 3179 li
1301 3116 1354 3179 soi
1379 3138 1470 3180 com·

189 3223 309 3304 pegni,
335 3231 371 3286 et
393 3242 521 3285 revera
545 3222 578 3284 el
600 3241 663 3284 suo
688 3220 928 3284 ambasciator
953 3243 974 3284 a
991 3221 1158 3286 Wormes
1181 3225 1285 3305 porto
1303 3245 1385 3288 seco
1401 3246 1472 3288 una

191 3350 298 3411 capsa
329 3331 374 3391 de
398 3328 479 3391 libri
503 3328 697 3408 lutherani,
733 3329 769 3391 di
794 3329 889 3411 quali
914 3350 1019 3412 spero
1054 3329 1135 3392 farli
1158 3331 1268 3394 sentit
1292 3333 1336 3395 de
1360 3334 1471 3396 breve

190 3436 214 3498 il
237 3436 334 3499 fumo
365 3437 400 3498 al
423 3457 511 3499 naso
545 3438 589 3498 de
613 3438 709 3499 bona
733 3445 848 3517 sorte,
885 3445 921 3499 et
944 3435 1005 3519 gia
1030 3437 1194 3500 habiamo
1228 3440 1367 3519 parlato
1392 3460 1471 3502 cum

192 3543 300 3607 Cesar
324 3544 581 3624 che,secundo
606 3543 638 3607 ci
662 3564 845 3627 promesse
869 3565 890 3606 a
914 3543 1098 3622 Wormes,
1122 3547 1157 3607 lo
1181 3545 1330 3608 redurra
1354 3568 1375 3609 a
1399 3550 1471 3611 bon

192 3672 297 3714 esser.
337 3648 386 3713 Se
410 3650 439 3713 si
464 3651 614 3713 trattera
635 3649 723 3713 costi
747 3651 792 3714 de
817 3652 852 3713 la
868 3672 933 3714 sua
954 3649 1190 3731 absolutione,
1215 3653 1377 3734 supplico
1395 3656 1471 3736 che,

193 3766 332 3821 servata
356 3758 510 3838 quadam
534 3757 657 3820 summi
681 3757 766 3820 iuris
790 3757 1009 3838 remissione,
1034 3778 1072 3820 se
1096 3756 1216 3820 chiudi
1239 3778 1286 3821 un
1310 3780 1423 3842 pocco
1447 3761 1472 3823 li

194 3865 288 3942 ochi,
324 3863 457 3946 perche
489 3865 580 3927 oltra
604 3865 670 3926 che
695 3864 712 3926 ὲ
737 3864 796 3927 Re
821 3874 856 3927 et
880 3873 1036 3946 cognato
1061 3864 1097 3926 di
1121 3864 1231 3928 Cesar
1262 3876 1298 3929 et
1322 3876 1426 3948 grato
1451 3889 1472 3931 a

195 3969 265 4034 Sua
276 3971 414 4034 Maesta
431 3980 466 4035 et
483 3973 501 4035 ὲ
517 3972 622 4034 homo
635 3970 804 4051 terribile,
824 3970 930 4033 etiam
946 3971 993 4033 ha
1005 3991 1115 4052 paese
1130 3971 1331 4054 pericoloso
1348 3974 1394 4037 ad
1413 3974 1471 4036 de·

195 4075 379 4140 ficiendum
403 4080 449 4140 ab
474 4077 679 4140 obedientia
702 4076 884 4141 Ecclesiae
909 4087 944 4140 et
968 4099 990 4141 a
1011 4076 1100 4160 fide,
1132 4079 1198 4142 che
1223 4099 1293 4142 non
1317 4081 1471 4143 sarebbe

196 4185 229 4246 la
250 4185 364 4268 prima
387 4185 494 4249 volta.

282 4309 333 4372 Lo
358 4309 529 4392 episcopo
554 4308 590 4370 di
614 4308 725 4389 Liege
749 4307 786 4370 fa
810 4328 893 4370 cose
917 4308 1055 4388 grande
1082 4329 1147 4390 per
1172 4309 1281 4372 Cesar
1305 4311 1349 4373 de
1373 4311 1473 4392 genti

199 4418 296 4479 etde
321 4417 456 4497 danari,
483 4418 595 4499 perho
620 4414 657 4480 S.
681 4416 730 4479 M.
754 4417 789 4478 lo
814 4416 1052 4478 raccomanda
1075 4416 1120 4478 de
1145 4425 1240 4479 sorte
1269 4415 1297 4478 si
1322 4437 1425 4480 cerea
1448 4417 1474 4480 il

230 4662 251 4717 ¹)
269 4660 361 4707 Frater
378 4657 500 4721 Angelus
524 4659 558 4706 de
582 4656 729 4705 Mechliuia
753 4662 782 4705 ut
800 4663 911 4721 apparet
935 4672 967 4705 ex
986 4659 1069 4705 Breve
1089 4656 1188 4705 Leonis
1205 4659 1243 4705 X.
1268 4659 1322 4711 dat.
1347 4659 1381 4707 ad
1406 4666 1474 4719 eum,

267 4740 308 4787 die
327 4740 420 4787 ultima
439 4738 506 4803 Julii
529 4748 603 4799 1521.
642 4736 695 4785 Hic
714 4736 742 4784 in
761 4737 856 4786 codice
875 4737 971 4786 desunt
990 4736 1079 4801 aliqua
1098 4752 1165 4800 quae
1184 4736 1322 4786 Alcander
1340 4738 1475 4801 corrigens

268 4820 470 4883 manuscriptum
488 4818 609 4867 voluerat
627 4816 785 4879 adiungere,
810 4824 840 4866 ut
857 4817 962 4866 videtur
980 4833 1011 4866 er
1029 4817 1106 4879 signo
1124 4824 1185 4881 post
1203 4817 1269 4867 haec
1288 4819 1369 4867 verba
1394 4820 1474 4879 lacto,

268 4901 312 4950 sed
331 4899 466 4950 oblivione
486 4914 539 4949 non
558 4905 618 4948 suut
637 4897 735 4947 addita.

1262 4984 1310 5041 18*
