3559 5734
809 916 861 983 94.

449 1043 704 1123 Aleunder
735 1043 1206 1124 vicecancellario.

627 1191 770 1261 murat.
788 1189 915 1251 German.
933 1191 964 1250 L
976 1191 1044 1262 120.)

710 1309 764 1377 (23.
785 1314 851 1362 Maii
873 1309 960 1379 1521.)

286 1453 408 1515 Ancor
432 1455 498 1515 che
522 1453 556 1516 io
580 1452 692 1516 dubiti
718 1457 784 1516 che
808 1455 829 1517 l'
843 1456 936 1517 altra
959 1456 1097 1533 lettera,
1122 1455 1195 1517 alla
1211 1457 1294 1536 qual
1310 1455 1477 1519 habiamo

197 1568 295 1621 sotto·
315 1560 439 1622 scritto
464 1561 497 1623 el
514 1558 647 1641 Signor
663 1561 834 1625 Carazolo
859 1573 895 1624 et
919 1562 963 1642 io,
987 1561 1116 1645 patera
1140 1582 1207 1643 pur
1223 1573 1353 1644 troppo
1369 1564 1478 1645 longa

197 1675 232 1729 et
267 1667 406 1729 tediosa
439 1688 460 1729 a
482 1666 616 1730 Vostra
652 1665 820 1750 Signoria
843 1667 1178 1750 Reverendissirna,
1215 1689 1285 1732 non
1324 1670 1477 1751 dimen0,

196 1773 329 1853 perche
353 1774 446 1836 cossi
469 1774 636 1837 rechiede
660 1775 787 1838 lhonor
811 1785 847 1839 et
870 1774 947 1838 luti}
964 1776 1017 1838 ·de
1052 1777 1087 1838 la
1120 1773 1233 1839 Santa
1265 1777 1370 1857 sede,
1407 1797 1477 1840 non

197 1881 333 1943 restare
372 1880 506 1944 scriver
543 1900 652 1944 ancor
676 1893 821 1962 questaj
857 1902 923 1963 per
958 1884 993 1945 la
1024 1885 1106 1963 qual
1131 1882 1369 1946 l'advertisco
1395 1894 1430 1945 et
1453 1884 1478 1947 li

197 1988 359 2072 supplico
384 2009 422 2051 se
447 1987 556 2070 degni
580 1987 636 2050 far
658 1991 724 2051 che
762 1989 821 2071 piir
855 1999 978 2071 presto
1014 1990 1042 2052 si
1079 1999 1180 2072 pote,
1221 1991 1249 2053 si
1287 1990 1410 2053 habbii
1444 1993 1479 2053 la

199 2098 313 2173 bulla,
353 2116 398 2159 ne
432 2098 467 2158 la
503 2097 585 2176 qual
619 2095 638 2157 e
672 2096 877 2159 dechiarato
904 2097 1037 2159 Luther
1061 2098 1118 2160 del
1143 2107 1236 2160 tutto
1261 2098 1418 2160 heretico
1443 2110 1479 2160 et

198 2213 405 2266 contumace
429 2212 511 2284 post
535 2204 694 2284 elapsum
718 2204 922 2284 terminum,
956 2225 1062 2267 senza
1092 2203 1147 2267 far
1175 2205 1331 2267 mention
1364 2224 1409 2267 ne
1434 2205 1479 2266 de

199 2310 348 2390 Hutten,
380 2331 425 2372 ne
457 2312 502 2372 de
526 2310 624 2389 altri,
654 2312 720 2372 che
744 2313 789 2373 de
814 2310 966 2384 Luther;
1002 2322 1129 2393 questa
1161 2313 1227 2374 che
1250 2311 1289 2374 fu
1313 2314 1480 2373 mandata

200 2416 320 2479 ultima
343 2419 496 2479 sarebbe
521 2417 723 2497 bonissima‚
748 2439 786 2479 se
810 2439 881 2481 non
907 2418 1046 2481 iussero
1063 2417 1234 2481 nominati
1250 2417 1342 2498 altri,
1367 2418 1480 2501 perho

201 2545 237 2586 se
261 2526 321 2606 pol
346 2524 464 2587 subito
489 2524 661 2587 reformat
685 2534 721 2587 et
744 2526 946 2606 mandaria,
977 2524 1108 2607 perche
1133 2526 1154 2588 l’
1172 2524 1303 2588 official
1329 2526 1373 2587 de
1397 2525 1478 2587 Tre·

200 2632 273 2694 veri
297 2632 340 2694 m'
358 2634 405 2694 ha
429 2632 527 2694 detto
545 2633 610 2693 che
627 2633 755 2694 alcuno
771 2631 806 2693 di
823 2632 938 2714 questi
957 2631 1125 2715 Principi‚
1150 2633 1195 2695 ad
1212 2631 1479 2715 suggestionem

200 2738 319 2820 utique
352 2739 500 2801 alicuius
533 2739 702 2801 causidici
728 2740 940 2818 Lutherani,
974 2738 1033 2820 gia
1071 2739 1279 2802 commineia
1313 2740 1389 2801 dire
1414 2741 1479 2801 che

200 2844 307 2907 Cesar
338 2865 408 2907 non
437 2846 484 2908 ha
511 2867 533 2907 a
560 2845 616 2908 far
639 2848 765 2909 alcuno
790 2849 958 2909 mandato
983 2855 1108 2909 contra
1133 2845 1288 2928 Luther‚
1312 2844 1384 2909 fino
1414 2848 1480 2909 che

200 2973 269 3015 non
305 2953 419 3015 consti
458 2954 524 3014 che
549 2951 680 3016 Nostro
709 2951 864 3036 Signore
902 2953 1012 3017 lhabii
1052 2953 1262 3017 decbiarato
1302 2974 1402 3016 come
1435 2955 1480 3015 de

199 3081 315 3141 sopra.
362 3060 407 3122 Et
430 3079 539 3122 ancor
563 3062 629 3122 che
652 3060 817 3123 habiamo
842 3071 963 3124 nostre
986 3057 1143 3142 regioni,
1168 3063 1235 3124 che
1260 3081 1365 3124 senza
1390 3062 1480 3123 altra

201 3167 444 3229 dechiaration
468 3166 542 3230 Sua
565 3167 702 3230 Maesta
727 3169 844 3230 debbe
869 3168 1056 3249 proceder‚
1084 3188 1154 3230 non
1181 3168 1323 3231 dimeno
1349 3168 1481 3250 perche

201 3274 365 3337 habiamo
389 3274 435 3336 ad
459 3274 616 3337 sarcum
641 3275 735 3338 mille
759 3275 907 3337 terribili
934 3274 1040 3358 Capi,
1065 3278 1161 3337 bono
1185 3274 1205 3336 e
1229 3275 1341 3337 hever
1365 3275 1480 3337 subito

201 3384 299 3445 detta
323 3382 429 3461 bulla,
454 3383 488 3444 la
512 3384 593 3462 quai
619 3392 740 3463 presto
765 3402 803 3444 se
826 3384 888 3464 pol
913 3381 1096 3459 reformor,
1122 3381 1253 3462 perche
1279 3381 1323 3443 de
1347 3381 1482 3461 produr

201 3498 346 3570 questa,
380 3489 472 3551 dove
505 3488 525 3550 ὲ
559 3488 740 3551 nominato
771 3489 925 3568 Hutten‚
959 3509 1028 3550 non
1048 3488 1075 3550 ’ὸ
1100 3487 1143 3550 ne
1168 3488 1354 3550 commodo
1379 3485 1422 3547 ne
1447 3488 1482 3548 al

202 3595 386 3678 proposito
418 3616 484 3677 per
515 3594 651 3676 niente,
683 3604 783 3657 tanto
814 3597 880 3657 che
913 3594 1103 3657 habbiamo
1134 3615 1155 3656 a
1179 3592 1235 3655 far
1258 3592 1292 3655 in
1317 3593 1351 3655 la
1375 3591 1482 3674 dieta,

202 3702 335 3785 perche
359 3701 655 3765 concitaressemo
680 3702 775 3764 mille
799 3701 937 3780 fuochi,
971 3722 1041 3763 non
1073 3701 1152 3763 dico
1176 3720 1242 3782 per
1266 3702 1299 3763 el
1322 3700 1482 3780 pericolo

203 3821 324 3873 nostro
349 3810 543 3892 particolar
566 3818 676 3889 tanto,
701 3820 834 3890 quanto
859 3829 924 3890 per
948 3807 1040 3871 assai
1065 3806 1204 3888 parenti
1229 3815 1264 3868 et
1288 3806 1391 3869 amici
1415 3806 1483 3868 No·

203 3918 264 3980 bili
289 3916 414 3999 poveri
438 3918 485 3979 ha
505 3917 650 3996 Hutten‚
677 3918 707 3978 el
733 3916 875 3997 qualia
900 3935 967 3996 pur
990 3925 1124 3996 troppo
1150 3914 1195 3976 de
1219 3916 1289 3976 mal
1313 3934 1334 3976 a
1357 3923 1483 3994 questo

205 4027 319 4102 modo,
345 4035 380 4087 et
404 4025 435 4087 ci
455 4026 692 4087 retardacunr
722 4042 784 4084 sue
811 4022 973 4103 pratiche
988 4022 1073 4103 ogni
1089 4030 1211 4084 nostro
1235 4029 1320 4082 atto,
1368 4019 1483 4083 Senza

205 4134 282 4195 chel
307 4154 345 4196 se
370 4132 458 4195 irriti
482 4132 542 4213 pin
568 4152 633 4212 per
657 4132 689 4192 el
714 4139 897 4211 presente,
929 4129 1093 4192 confesso
1118 4130 1184 4190 che
1210 4127 1343 4190 Hutten
1369 4126 1389 4188 ὲ
1414 4147 1484 4189 una

205 4240 334 4320 bestia,
369 4249 404 4301 et
438 4240 473 4301 di
502 4259 594 4320 poco
628 4249 733 4319 poter
756 4257 821 4319 per
846 4257 901 4316 se,
936 4254 992 4299 ma
1023 4235 1058 4299 in
1082 4234 1197 4316 questi
1221 4244 1310 4297 tant1
1335 4235 1483 4315 tumulti,

206 4348 270 4410 che
293 4356 385 4409 tutto
410 4347 442 4408 ei
467 4347 597 4408 mondo
621 4345 653 4406 ci
677 4344 696 4406 e
721 4354 854 4423 contra,
879 4353 915 4406 et
940 4344 962 4405 li
987 4343 1046 4426 piir
1072 4344 1210 4423 grandi,
1235 4343 1321 4423 ogni
1344 4342 1483 4424 piccolo

205 4455 309 4517 homo
334 4473 424 4516 noce
448 4451 550 4515 assai.
1096 4501 1099 4504 .

295 4561 466 4623 Preterea
488 4560 619 4641 perche
645 4559 663 4621 ὲ
688 4578 872 4621 commune
896 4556 991 4619 fama
1014 4558 1081 4620 che
1098 4543 1232 4619 Luthei
1256 4556 1285 4618 si
1309 4555 1408 4619 habii
1432 4576 1482 4619 re-

207 4669 291 4731 tirar
314 4668 350 4730 in
374 4667 533 4748 Boemia‚
557 4669 630 4730 bon
654 4668 806 4728 sarebbe
831 4666 896 4727 che
919 4685 986 4746 per
1009 4664 1067 4726 via
1091 4663 1136 4726 de
1162 4663 1348 4745 Hungaria
1372 4684 1410 4725 se
1433 4662 1481 4725 fa-

207 4796 305 4838 cesse
329 4785 451 4857 presta
474 4773 675 4857 provision,
711 4775 777 4835 che
810 4774 869 4835 nel
904 4791 1030 4852 passer
1061 4772 1095 4833 el
1118 4769 1215 4832 fusse
1240 4790 1361 4853 preso,
1401 4778 1485 4832 ante

206 4884 272 4946 che
307 4883 329 4945 1²
345 4883 496 4945 intrasse
528 4882 563 4945 in
600 4880 763 4962 Boernia,
800 4879 933 4963 perche
966 4875 1074 4960 dopoi
1108 4876 1186 4939 seri
1215 4875 1423 4939 difficillimo
1448 4886 1484 4938 et
