3559 5734
821 528 1050 584 0·ῦῖὂῶ

293 671 459 734 rechiesti
476 673 533 734 dal
552 672 745 753 Pontefice,
766 683 801 735 et
825 675 981 757 allegato
1003 677 1080 738 loro
1103 675 1221 756 quello
1237 671 1459 736 sanctissimo
1477 672 1576 733 detto

294 778 329 840 di
354 776 466 842 Santo
497 781 717 862 Hieronymo
742 790 865 844 contra
889 781 1136 845 Luciferianos
1160 780 1220 863 qui
1244 781 1294 843 sic
1319 779 1456 842 scribit:
1494 778 1575 859 „Ec-

293 886 423 950 clesiae
448 890 543 950 salus
566 888 603 950 in
625 887 757 950 Summi
775 886 982 952 Sacerdotis
1006 889 1180 971 dignitate
1202 887 1346 969 pendet,
1371 885 1427 948 cui
1451 885 1479 948 si
1505 905 1575 946 non

296 1014 400 1056 exors
424 995 598 1075 quaedam
624 1005 659 1057 et
683 996 729 1057 ab
761 996 924 1057 omnibus
954 996 1112 1058 eminens
1136 997 1238 1058 detur
1262 1004 1432 1076 potestas,
1464 1003 1516 1055 tot
1539 992 1573 1053 in

293 1101 461 1163 Ecclesiis
486 1100 686 1164 efficientur
710 1102 901 1165 schismata
925 1113 1011 1184 quot
1035 1104 1272 1165 sacerdotes“

382 1208 540 1271 Tandem
565 1209 641 1273 heri
666 1228 746 1271 sera
774 1209 820 1271 ad
849 1210 936 1272 hore
961 1210 1089 1291 cinque
1115 1210 1149 1272 di
1182 1219 1280 1273 notte
1315 1210 1348 1270 el
1373 1206 1574 1270 Leodiense

293 1337 348 1377 me
373 1314 576 1379 introdusse
601 1317 635 1379 al
659 1316 719 1379 Re
755 1327 791 1379 et
814 1316 1024 1380 abboccomi
1058 1338 1125 1379 con
1151 1317 1322 1380 Chievres
1352 1317 1464 1378 solum
1496 1334 1575 1375 cum

293 1425 380 1501 solo,
405 1425 497 1486 dove
522 1422 557 1485 io
581 1421 702 1485 trattai
726 1423 762 1486 in
777 1444 864 1485 vero
890 1444 957 1486 con
975 1426 1112 1505 grande
1138 1445 1202 1486 sua
1226 1423 1423 1486 attentione
1447 1432 1484 1484 et
1508 1431 1575 1482 sat-

292 1530 487 1593 tisfattione
512 1539 604 1593 tutta
628 1541 755 1612 questa
779 1551 879 1609 cosa,
915 1552 969 1593 me
994 1552 1140 1612 respose
1174 1533 1239 1593 che
1264 1551 1333 1593 non
1367 1530 1397 1592 si
1424 1529 1575 1591 farebbe

293 1658 377 1699 cosa
405 1658 443 1700 se
477 1657 547 1700 non
578 1657 644 1718 per
667 1637 805 1700 l'honor
829 1638 874 1700 de
898 1637 941 1700 N.
967 1638 1006 1696 ὃ(
1045 1640 1183 1701 edella
1207 1637 1345 1716 Chiesa,
1371 1646 1406 1697 et
1430 1644 1574 1697 mostra-

293 1743 363 1806 rasi
388 1745 453 1806 che
479 1744 610 1807 Caesar
635 1754 688 1806 est
712 1744 880 1826 princeps
904 1766 990 1807 vere
1015 1744 1220 1808 catholicus.
1268 1743 1420 1806 Dissemi
1445 1762 1577 1805 ancora

294 1854 359 1914 che
391 1860 517 1933 questa
549 1872 653 1914 mane
689 1852 735 1914 mi
760 1862 960 1915 attrovasse
993 1855 1027 1914 al
1052 1852 1199 1915 consilio
1229 1851 1480 1914 d'Allemania
1509 1852 1575 1911 sub

292 1967 406 2021 ortum
431 1958 530 2031 solis;
557 1978 622 2021 nec
647 1958 762 2041 potuit
787 1959 959 2021 interesse
986 1959 1148 2021 dominus
1172 1959 1330 2021 Nuncius
1355 1957 1486 2040 perch&
1513 1978 1576 2019 era

293 2067 461 2146 alquanto
485 2065 683 2147 indisposto
696 2085 796 2128 come
809 2066 855 2128 mi
880 2065 917 2128 fu
942 2066 1099 2128 referito.
1137 2066 1372 2129 Praesidebat
1388 2074 1471 2126 tunc
1486 2062 1575 2126 Gur·
1656 2088 1659 2097 ·

293 2172 417 2252 censis
444 2172 605 2235 interfuit
620 2171 829 2235 Leodiensis
852 2183 891 2234 ut
915 2172 1082 2255 princeps
1106 2172 1253 2254 imperii,
1282 2172 1513 2253 Tergestinus
1538 2181 1575 2231 ut

292 2279 506 2342 consiliarius
532 2278 695 2342 Caesaris
728 2290 764 2341 et
794 2279 894 2341 multi
927 2279 987 2341 alii
1012 2279 1091 2342 laici
1122 2280 1310 2363 principes.
1365 2279 1410 2340 Et
1439 2276 1574 2358 perche

292 2406 356 2466 per
379 2388 472 2449 mala
496 2386 668 2467 disgratia
691 2387 737 2448 mi
761 2388 808 2448 ha
825 2387 1016 2468 bisognato
1042 2387 1077 2449 in
1102 2389 1151 2449 tal
1175 2390 1280 2449 modo
1305 2387 1471 2465 revolger
1492 2383 1573 2446 tutti

292 2495 313 2554 li
340 2493 452 2556 scritti
468 2492 540 2556 cosi
560 2494 684 2556 vecchi
702 2514 801 2556 come
817 2493 925 2556 nuovi
942 2494 978 2555 di
995 2504 1121 2575 questo
1136 2493 1313 2573 basilisco,
1333 2494 1399 2554 che
1417 2490 1516 2572 quasi
1534 2512 1573 2552 so

293 2622 335 2662 ea
350 2600 553 2664 memoriter
569 2601 696 2681 omnia,
713 2599 782 2663 feci
797 2620 844 2662 un
860 2601 1020 2663 discorso
1038 2601 1123 2663 delli
1138 2600 1198 2682 piu
1221 2600 1355 2663 enormi
1372 2598 1484 2662 errori
1508 2599 1574 2659 che

291 2729 346 2769 me
371 2727 564 2788 paresseno
583 2727 681 2769 esser
694 2706 843 2770 dannosi
867 2707 902 2769 in
927 2709 961 2770 la
984 2707 1067 2770 fede
1088 2707 1263 2771 catholica
1288 2717 1323 2769 et
1340 2704 1571 2788 dispiacevoli

291 2813 351 2876 alli
375 2815 543 2893 audienti,
568 2815 629 2896 poi
659 2813 683 2876 li
707 2814 838 2896 allegai
870 2817 903 2877 le
928 2835 1011 2878 cose
1036 2817 1093 2877 del
1120 2836 1238 2878 nuovo
1263 2817 1492 2877 Testamento
1517 2811 1573 2874 cui

291 2923 367 3002 ipse
393 2921 544 2984 maxime
569 2943 606 2983 se
631 2921 733 2983 inniti
758 2920 956 3002 profitetur,
990 2921 1076 2984 delli
1099 2923 1238 2985 concilii
1270 2934 1307 2985 et
1337 2920 1473 3001 antiqui
1497 2921 1572 2982 dot·

290 3028 369 3106 tori,
401 3030 473 3091 cosi
497 3029 618 3110 graeci
643 3048 743 3090 come
767 3027 867 3090 latini
892 3029 957 3091 che
982 3028 1091 3091 fanno
1116 3040 1240 3093 contra
1265 3030 1322 3108 lui,
1355 3026 1488 3110 perche
1514 3025 1570 3089 de'

292 3135 373 3197 novi
398 3135 558 3215 theologi
587 3145 623 3197 et
646 3134 827 3198 decretisti
863 3136 897 3197 el
926 3155 1013 3197 cane
1047 3157 1117 3198 non
1147 3138 1229 3200 vole
1260 3156 1406 3218 prorsus
1430 3133 1571 3212 sentire,

291 3243 359 3305 imo
391 3241 531 3306 deridet
561 3262 683 3305 omnes
713 3252 748 3305 et
772 3243 908 3324 respuit
931 3254 969 3305 ut
997 3254 1193 3326 suspectos.
1248 3244 1294 3306 Et
1324 3242 1467 3324 quando
1499 3240 1572 3301 vidi

291 3350 315 3410 li
340 3348 496 3430 Principi
521 3352 629 3411 molto
653 3351 724 3412 ben
748 3349 905 3412 instrutti
929 3360 964 3413 et
988 3372 1010 3413 a
1034 3353 1069 3413 la
1092 3371 1200 3414 causa
1224 3349 1355 3429 affetti‚
1380 3347 1571 3412 domandai

291 3460 325 3518 la
350 3456 580 3539 expeditione
605 3437 665 3519 del
689 3457 855 3519 mandato
880 3467 916 3519 et
939 3459 1019 3520 altri
1045 3457 1192 3520 remedii
1216 3456 1418 3539 opportuni.
1451 3455 1571 3517 Furno

293 3563 429 3627 interim
455 3563 619 3626 chiamati
644 3565 690 3625 ad
715 3562 904 3626 Caesarem
936 3584 1001 3645 per
1034 3567 1125 3628 altra
1154 3585 1262 3627 causa
1293 3573 1328 3626 et
1356 3563 1458 3626 simul
1481 3560 1570 3625 refe·

291 3670 385 3732 rirno
411 3672 530 3751 quello
554 3672 706 3733 havemo
731 3680 888 3735 trattato.
942 3671 1118 3734 Concluso
1149 3671 1187 3733 fu
1212 3673 1279 3734 che
1303 3691 1341 3732 se
1366 3677 1571 3751 expettaSse

292 3778 323 3837 el
340 3777 553 3859 Mogontino
579 3796 679 3840 come
703 3778 1017 3841 archicancellario
1044 3780 1088 3840 de
1113 3776 1306 3841 Germania
1330 3779 1362 3840 el
1387 3780 1469 3858 qual
1498 3776 1570 3839 tien

292 3886 323 3944 el
348 3882 477 3964 sigillo·

381 3989 490 4052 intrai
514 3989 654 4052 interim
678 3992 713 4053 al
737 3990 912 4071 consiglio
937 4001 1076 4054 secreto
1106 3992 1163 4054 del
1188 3993 1257 4055 Re.
1288 3991 1405 4054 Parlai
1439 4011 1504 4053 con
1539 3994 1571 4053 el

290 4096 600 4178 grancancellieri,
625 4099 657 4160 el
682 4102 764 4179 qual
797 4118 929 4160 ancora
954 4108 1056 4161 stava
1080 4103 1115 4160 in
1140 4110 1265 4179 questa
1290 4098 1480 4181 phantasia
1504 4101 1571 4161 che

291 4207 386 4265 hono
411 4205 562 4266 sarebbe
587 4206 653 4267 che
678 4205 812 4266 Luther
835 4206 977 4268 venisse
1002 4208 1071 4267 alla
1098 4206 1208 4284 dieta,
1240 4206 1264 4267 il
1294 4206 1359 4267 che
1384 4206 1407 4266 li
1432 4206 1570 4286 resposi

291 4311 387 4390 quod
411 4330 480 4391 ego
504 4321 540 4373 et
563 4323 734 4392 optarem,
758 4315 864 4374 modo
888 4324 1086 4394 revocaret,
1109 4316 1205 4395 quod
1228 4333 1381 4394 unquam
1407 4313 1442 4375 in
1459 4324 1569 4376 aeter·

292 4437 373 4479 num
398 4416 506 4479 faciet
531 4428 699 4499 quantum
724 4419 847 4498 video,
882 4421 972 4482 adeo
997 4431 1052 4483 est
1076 4419 1190 4501 gloria
1215 4420 1364 4501 cupidus
1389 4434 1424 4482 et
1452 4441 1570 4502 super-

292 4525 350 4586 bia
375 4526 498 4603 elatus,
523 4536 558 4588 et
582 4526 647 4588 che
671 4548 710 4589 se
734 4547 803 4589 non
830 4528 858 4589 si
884 4548 1090 4609 revocasse,
1119 4538 1154 4590 et
1178 4548 1249 4591 non
1274 4528 1485 4609 possendosi
1509 4549 1570 4609 pu-

294 4632 367 4694 nire
393 4651 458 4713 per
482 4634 515 4694 el
540 4634 639 4695 salvo
665 4635 835 4696 condotto
860 4637 1012 4697 sarebbe
1048 4638 1082 4697 la
1115 4635 1323 4698 confusione
1357 4637 1414 4697 del
1440 4638 1571 4697 mundo

293 4754 327 4801 et
356 4739 436 4801 tutti
467 4739 747 4804 iudicarebbono
781 4762 901 4805 essere
942 4753 1035 4805 stata
1066 4742 1274 4805 confirmata
1304 4744 1338 4805 la
1368 4721 1476 4824 impia
1507 4764 1571 4806 sua

293 4847 466 4919 dottrina;
491 4868 556 4929 per
581 4859 706 4928 questo
731 4848 750 4909 e
775 4851 840 4911 che
866 4849 889 4909 li
915 4849 1108 4912 Lutherani
1123 4850 1275 4913 maxime
1301 4849 1511 4913 desiderano
1538 4853 1571 4914 la
