<?xml version="1.0" encoding="UTF-8"?>
<!DOCTYPE html PUBLIC "-//W3C//DTD XHTML 1.0 Transitional//EN"
    "http://www.w3.org/TR/xhtml1/DTD/xhtml1-transitional.dtd">
<html xmlns="http://www.w3.org/1999/xhtml" xml:lang="en" lang="en">
 <head>
  <title>
</title>
<meta http-equiv="Content-Type" content="text/html;charset=utf-8" />
  <meta name='ocr-system' content='tesseract 3.04.00' />
  <meta name='ocr-capabilities' content='ocr_page ocr_carea ocr_par ocr_line ocrx_word'/>
</head>
<body>
  <div class='ocr_page' id='page_1' title='image "./monumentareform01vatigoog_0426.png"; bbox 0 0 3559 5734; ppageno 0'>
   <div class='ocr_carea' id='block_1_1' title="bbox 750 532 997 593">
    <p class='ocr_par' dir='ltr' id='par_1_1' title="bbox 750 532 997 593">
     <span class='ocr_line' id='line_1_1' title="bbox 750 532 997 593; baseline -0.004 0"><span class='ocrx_word' id='word_1_1' title='bbox 750 532 997 593; x_wconf 44' lang='grc' dir='ltr'><strong>544339811-ο</strong></span> 
     </span>
    </p>
   </div>
   <div class='ocr_carea' id='block_1_2' title="bbox 234 682 1520 1943">
    <p class='ocr_par' dir='ltr' id='par_1_2' title="bbox 234 682 1520 876">
     <span class='ocr_line' id='line_1_2' title="bbox 237 682 1520 769; baseline -0.002 -19"><span class='ocrx_word' id='word_1_2' title='bbox 237 688 404 750; x_wconf 86' lang='lat' dir='ltr'><strong>debbano</strong></span> <span class='ocrx_word' id='word_1_3' title='bbox 424 683 628 757; x_wconf 83' lang='lat' dir='ltr'><strong>finalmente</strong></span> <span class='ocrx_word' id='word_1_4' title='bbox 644 704 710 765; x_wconf 90' lang='lat' dir='ltr'><strong>per</strong></span> <span class='ocrx_word' id='word_1_5' title='bbox 726 684 760 746; x_wconf 94' lang='lat' dir='ltr'><strong>lo</strong></span> <span class='ocrx_word' id='word_1_6' title='bbox 778 703 840 747; x_wconf 89' lang='lat' dir='ltr'><strong>soe</strong></span> <span class='ocrx_word' id='word_1_7' title='bbox 857 682 951 746; x_wconf 88' lang='lat' dir='ltr'><strong>mani</strong></span> <span class='ocrx_word' id='word_1_8' title='bbox 960 685 1109 745; x_wconf 74' lang='lat' dir='ltr'><strong>tornare</strong></span> <span class='ocrx_word' id='word_1_9' title='bbox 1126 686 1160 747; x_wconf 91' lang='lat' dir='ltr'><strong>al</strong></span> <span class='ocrx_word' id='word_1_10' title='bbox 1175 703 1238 747; x_wconf 93' lang='lat' dir='ltr'><strong>suo</strong></span> <span class='ocrx_word' id='word_1_11' title='bbox 1254 683 1520 769; x_wconf 74' lang='lat' dir='ltr'><strong>primoessere,</strong></span> 
     </span>
     <span class='ocr_line' id='line_1_3' title="bbox 234 789 1492 876; baseline -0.001 -19"><span class='ocrx_word' id='word_1_12' title='bbox 234 795 365 876; x_wconf 72' lang='lat' dir='ltr'><strong>perche</strong></span> <span class='ocrx_word' id='word_1_13' title='bbox 391 794 408 856; x_wconf 79' lang='grc' dir='ltr'>ὲ</span> <span class='ocrx_word' id='word_1_14' title='bbox 432 793 565 855; x_wconf 88' lang='lat' dir='ltr'><strong>havuto</strong></span> <span class='ocrx_word' id='word_1_15' title='bbox 591 811 656 872; x_wconf 90' lang='lat' dir='ltr'><strong>per</strong></span> <span class='ocrx_word' id='word_1_16' title='bbox 678 792 783 854; x_wconf 90' lang='lat' dir='ltr'><strong>homo</strong></span> <span class='ocrx_word' id='word_1_17' title='bbox 808 789 902 852; x_wconf 92' lang='lat' dir='ltr'><strong>iusto</strong></span> <span class='ocrx_word' id='word_1_18' title='bbox 927 798 963 852; x_wconf 87' lang='lat' dir='ltr'><strong>et</strong></span> <span class='ocrx_word' id='word_1_19' title='bbox 987 789 1022 851; x_wconf 91' lang='lat' dir='ltr'><strong>di</strong></span> <span class='ocrx_word' id='word_1_20' title='bbox 1046 791 1263 855; x_wconf 90' lang='lat' dir='ltr'><strong>buonissimo</strong></span> <span class='ocrx_word' id='word_1_21' title='bbox 1285 791 1492 857; x_wconf 85' lang='lat' dir='ltr'><strong>iudicio...</strong></span> 
     </span>
    </p>

    <p class='ocr_par' dir='ltr' id='par_1_3' title="bbox 235 897 1518 1514">
     <span class='ocr_line' id='line_1_4' title="bbox 413 897 1518 981; baseline 0 -18"><span class='ocrx_word' id='word_1_22' title='bbox 413 900 469 962; x_wconf 89' lang='lat' dir='ltr'><strong>De</strong></span> <span class='ocrx_word' id='word_1_23' title='bbox 500 901 534 964; x_wconf 91' lang='lat' dir='ltr'><strong>le</strong></span> <span class='ocrx_word' id='word_1_24' title='bbox 570 918 652 961; x_wconf 90' lang='lat' dir='ltr'><strong>cose</strong></span> <span class='ocrx_word' id='word_1_25' title='bbox 684 898 870 960; x_wconf 85' lang='lat' dir='ltr'><strong>lutherane</strong></span> <span class='ocrx_word' id='word_1_26' title='bbox 904 917 973 960; x_wconf 91' lang='lat' dir='ltr'><strong>non</strong></span> <span class='ocrx_word' id='word_1_27' title='bbox 1002 898 1050 960; x_wconf 92' lang='lat' dir='ltr'><strong>ho</strong></span> <span class='ocrx_word' id='word_1_28' title='bbox 1081 897 1275 980; x_wconf 84' lang='lat' dir='ltr'><strong>perticular</strong></span> <span class='ocrx_word' id='word_1_29' title='bbox 1297 900 1424 962; x_wconf 90' lang='lat' dir='ltr'><strong>alcuno</strong></span> <span class='ocrx_word' id='word_1_30' title='bbox 1448 919 1518 981; x_wconf 89' lang='lat' dir='ltr'><strong>per</strong></span> 
     </span>
     <span class='ocr_line' id='line_1_5' title="bbox 236 1003 1517 1087; baseline 0 -18"><span class='ocrx_word' id='word_1_31' title='bbox 236 1008 326 1069; x_wconf 88' lang='lat' dir='ltr'><strong>dirle</strong></span> <span class='ocrx_word' id='word_1_32' title='bbox 350 1007 385 1068; x_wconf 86' lang='lat' dir='ltr'><strong>al</strong></span> <span class='ocrx_word' id='word_1_33' title='bbox 408 1014 590 1087; x_wconf 86' lang='lat' dir='ltr'><strong>presente,</strong></span> <span class='ocrx_word' id='word_1_34' title='bbox 615 1026 653 1066; x_wconf 91' lang='lat' dir='ltr'><strong>se</strong></span> <span class='ocrx_word' id='word_1_35' title='bbox 678 1025 749 1067; x_wconf 92' lang='lat' dir='ltr'><strong>non</strong></span> <span class='ocrx_word' id='word_1_36' title='bbox 774 1006 839 1067; x_wconf 88' lang='lat' dir='ltr'><strong>che</strong></span> <span class='ocrx_word' id='word_1_37' title='bbox 863 1003 1011 1068; x_wconf 90' lang='lat' dir='ltr'><strong>intendo</strong></span> <span class='ocrx_word' id='word_1_38' title='bbox 1035 1006 1101 1068; x_wconf 93' lang='lat' dir='ltr'><strong>che</strong></span> <span class='ocrx_word' id='word_1_39' title='bbox 1125 1005 1159 1068; x_wconf 91' lang='lat' dir='ltr'><strong>in</strong></span> <span class='ocrx_word' id='word_1_40' title='bbox 1186 1006 1350 1087; x_wconf 83' lang='lat' dir='ltr'><strong>Augusta</strong></span> <span class='ocrx_word' id='word_1_41' title='bbox 1373 1009 1407 1069; x_wconf 91' lang='lat' dir='ltr'><strong>le</strong></span> <span class='ocrx_word' id='word_1_42' title='bbox 1432 1026 1517 1070; x_wconf 88' lang='lat' dir='ltr'><strong>cose</strong></span> 
     </span>
     <span class='ocr_line' id='line_1_6' title="bbox 235 1109 1516 1195; baseline 0 -19"><span class='ocrx_word' id='word_1_43' title='bbox 235 1134 388 1195; x_wconf 84' lang='lat' dir='ltr'><strong>passano</strong></span> <span class='ocrx_word' id='word_1_44' title='bbox 411 1112 472 1194; x_wconf 78' lang='lat' dir='ltr'><strong>piri</strong></span> <span class='ocrx_word' id='word_1_45' title='bbox 496 1111 614 1193; x_wconf 89' lang='lat' dir='ltr'><strong>quiete</strong></span> <span class='ocrx_word' id='word_1_46' title='bbox 639 1121 675 1173; x_wconf 89' lang='lat' dir='ltr'><strong>et</strong></span> <span class='ocrx_word' id='word_1_47' title='bbox 697 1110 757 1193; x_wconf 73' lang='lat' dir='ltr'><strong>piri</strong></span> <span class='ocrx_word' id='word_1_48' title='bbox 782 1132 805 1173; x_wconf 80' lang='lat' dir='ltr'><strong>a</strong></span> <span class='ocrx_word' id='word_1_49' title='bbox 827 1109 1004 1175; x_wconf 83' lang='lat' dir='ltr'><strong>beneficio</strong></span> <span class='ocrx_word' id='word_1_50' title='bbox 1029 1112 1075 1175; x_wconf 87' lang='lat' dir='ltr'><strong>de</strong></span> <span class='ocrx_word' id='word_1_51' title='bbox 1098 1115 1135 1175; x_wconf 90' lang='lat' dir='ltr'><strong>la</strong></span> <span class='ocrx_word' id='word_1_52' title='bbox 1156 1112 1255 1193; x_wconf 78' lang='lat' dir='ltr'><strong>fede,</strong></span> <span class='ocrx_word' id='word_1_53' title='bbox 1290 1116 1424 1177; x_wconf 84' lang='lat' dir='ltr'><strong>anchor</strong></span> <span class='ocrx_word' id='word_1_54' title='bbox 1448 1115 1516 1176; x_wconf 90' lang='lat' dir='ltr'><strong>che</strong></span> 
     </span>
     <span class='ocr_line' id='line_1_7' title="bbox 236 1217 1517 1303; baseline -0.002 -18"><span class='ocrx_word' id='word_1_55' title='bbox 236 1221 324 1285; x_wconf 87' lang='lat' dir='ltr'><strong>certi</strong></span> <span class='ocrx_word' id='word_1_56' title='bbox 348 1219 430 1282; x_wconf 87' lang='lat' dir='ltr'><strong>mali</strong></span> <span class='ocrx_word' id='word_1_57' title='bbox 454 1217 671 1300; x_wconf 88' lang='lat' dir='ltr'><strong>predicatori</strong></span> <span class='ocrx_word' id='word_1_58' title='bbox 699 1237 770 1280; x_wconf 92' lang='lat' dir='ltr'><strong>non</strong></span> <span class='ocrx_word' id='word_1_59' title='bbox 803 1217 979 1299; x_wconf 77' lang='lat' dir='ltr'><strong>cessino,</strong></span> <span class='ocrx_word' id='word_1_60' title='bbox 999 1239 1056 1281; x_wconf 88' lang='lat' dir='ltr'><strong>ma</strong></span> <span class='ocrx_word' id='word_1_61' title='bbox 1087 1220 1119 1281; x_wconf 93' lang='lat' dir='ltr'><strong>el</strong></span> <span class='ocrx_word' id='word_1_62' title='bbox 1151 1222 1287 1302; x_wconf 89' lang='lat' dir='ltr'><strong>populo</strong></span> <span class='ocrx_word' id='word_1_63' title='bbox 1321 1240 1393 1288; x_wconf 87' lang='lat' dir='ltr'><strong>uon</strong></span> <span class='ocrx_word' id='word_1_64' title='bbox 1426 1241 1517 1303; x_wconf 79' lang='lat' dir='ltr'><strong>pare</strong></span> 
     </span>
     <span class='ocr_line' id='line_1_8' title="bbox 235 1317 1516 1407; baseline -0.001 -16"><span class='ocrx_word' id='word_1_65' title='bbox 235 1326 308 1391; x_wconf 90' lang='lat' dir='ltr'><strong>cosi</strong></span> <span class='ocrx_word' id='word_1_66' title='bbox 332 1326 462 1390; x_wconf 85' lang='lat' dir='ltr'><strong>infesto</strong></span> <span class='ocrx_word' id='word_1_67' title='bbox 488 1325 548 1388; x_wconf 87' lang='lat' dir='ltr'><strong>alli</strong></span> <span class='ocrx_word' id='word_1_68' title='bbox 571 1324 665 1406; x_wconf 91' lang='lat' dir='ltr'><strong>preti</strong></span> <span class='ocrx_word' id='word_1_69' title='bbox 692 1344 793 1387; x_wconf 87' lang='lat' dir='ltr'><strong>come</strong></span> <span class='ocrx_word' id='word_1_70' title='bbox 825 1345 901 1403; x_wconf 92' lang='lat' dir='ltr'><strong>era,</strong></span> <span class='ocrx_word' id='word_1_71' title='bbox 933 1346 990 1387; x_wconf 89' lang='lat' dir='ltr'><strong>ma</strong></span> <span class='ocrx_word' id='word_1_72' title='bbox 1024 1335 1115 1387; x_wconf 91' lang='lat' dir='ltr'><strong>tutto</strong></span> <span class='ocrx_word' id='word_1_73' title='bbox 1146 1346 1233 1407; x_wconf 80' lang='lat' dir='ltr'><strong>pare</strong></span> <span class='ocrx_word' id='word_1_74' title='bbox 1264 1327 1331 1389; x_wconf 91' lang='lat' dir='ltr'><strong>che</strong></span> <span class='ocrx_word' id='word_1_75' title='bbox 1365 1317 1516 1390; x_wconf 74' lang='lat' dir='ltr'><strong>horassi</strong></span> 
     </span>
     <span class='ocr_line' id='line_1_9' title="bbox 235 1430 746 1514; baseline -0.006 -16"><span class='ocrx_word' id='word_1_76' title='bbox 235 1434 322 1498; x_wconf 88' lang='lat' dir='ltr'><strong>volti</strong></span> <span class='ocrx_word' id='word_1_77' title='bbox 347 1444 470 1497; x_wconf 89' lang='lat' dir='ltr'><strong>contra</strong></span> <span class='ocrx_word' id='word_1_78' title='bbox 495 1453 514 1494; x_wconf 91' lang='lat' dir='ltr'><strong>e</strong></span> <span class='ocrx_word' id='word_1_79' title='bbox 538 1430 746 1514; x_wconf 86' lang='lat' dir='ltr'><strong>magistrati.</strong></span> 
     </span>
    </p>

    <p class='ocr_par' dir='ltr' id='par_1_4' title="bbox 234 1537 1514 1838">
     <span class='ocr_line' id='line_1_10' title="bbox 322 1537 1514 1620; baseline 0.003 -18"><span class='ocrx_word' id='word_1_80' title='bbox 322 1541 377 1603; x_wconf 90' lang='lat' dir='ltr'><strong>De</strong></span> <span class='ocrx_word' id='word_1_81' title='bbox 404 1542 438 1601; x_wconf 90' lang='lat' dir='ltr'><strong>la</strong></span> <span class='ocrx_word' id='word_1_82' title='bbox 463 1540 558 1601; x_wconf 89' lang='lat' dir='ltr'><strong>dieta</strong></span> <span class='ocrx_word' id='word_1_83' title='bbox 582 1540 627 1602; x_wconf 89' lang='lat' dir='ltr'><strong>de</strong></span> <span class='ocrx_word' id='word_1_84' title='bbox 651 1540 686 1601; x_wconf 92' lang='lat' dir='ltr'><strong>la</strong></span> <span class='ocrx_word' id='word_1_85' title='bbox 710 1537 801 1620; x_wconf 85' lang='lat' dir='ltr'><strong>Liga</strong></span> <span class='ocrx_word' id='word_1_86' title='bbox 831 1539 975 1601; x_wconf 86' lang='lat' dir='ltr'><strong>suevica</strong></span> <span class='ocrx_word' id='word_1_87' title='bbox 1007 1548 1043 1601; x_wconf 90' lang='lat' dir='ltr'><strong>et</strong></span> <span class='ocrx_word' id='word_1_88' title='bbox 1072 1558 1182 1620; x_wconf 90' lang='lat' dir='ltr'><strong>opere</strong></span> <span class='ocrx_word' id='word_1_89' title='bbox 1208 1540 1266 1602; x_wconf 89' lang='lat' dir='ltr'><strong>del</strong></span> <span class='ocrx_word' id='word_1_90' title='bbox 1282 1544 1401 1605; x_wconf 92' lang='lat' dir='ltr'><strong>dottor</strong></span> <span class='ocrx_word' id='word_1_91' title='bbox 1418 1541 1514 1605; x_wconf 86' lang='lat' dir='ltr'><strong>Sach</strong></span> 
     </span>
     <span class='ocr_line' id='line_1_11' title="bbox 234 1644 1514 1731; baseline -0.001 -19"><span class='ocrx_word' id='word_1_92' title='bbox 234 1651 328 1731; x_wconf 94' lang='lat' dir='ltr'><strong>dopo</strong></span> <span class='ocrx_word' id='word_1_93' title='bbox 354 1648 388 1709; x_wconf 90' lang='lat' dir='ltr'><strong>la</strong></span> <span class='ocrx_word' id='word_1_94' title='bbox 413 1646 648 1728; x_wconf 83' lang='lat' dir='ltr'><strong>expedicione</strong></span> <span class='ocrx_word' id='word_1_95' title='bbox 673 1654 708 1707; x_wconf 90' lang='lat' dir='ltr'><strong>et</strong></span> <span class='ocrx_word' id='word_1_96' title='bbox 731 1647 858 1707; x_wconf 88' lang='lat' dir='ltr'><strong>lettere</strong></span> <span class='ocrx_word' id='word_1_97' title='bbox 883 1646 950 1707; x_wconf 92' lang='grc'>0110</span> <span class='ocrx_word' id='word_1_98' title='bbox 974 1644 1008 1707; x_wconf 88' lang='grc'><strong>10</strong></span> <span class='ocrx_word' id='word_1_99' title='bbox 1033 1645 1061 1707; x_wconf 86' lang='grc'><strong>11</strong></span> <span class='ocrx_word' id='word_1_100' title='bbox 1081 1645 1199 1708; x_wconf 88' lang='lat' dir='ltr'><strong>scrissi</strong></span> <span class='ocrx_word' id='word_1_101' title='bbox 1224 1646 1260 1708; x_wconf 90' lang='lat' dir='ltr'><strong>di</strong></span> <span class='ocrx_word' id='word_1_102' title='bbox 1284 1649 1350 1710; x_wconf 92' lang='lat' dir='ltr'><strong>che</strong></span> <span class='ocrx_word' id='word_1_103' title='bbox 1370 1648 1514 1711; x_wconf 88' lang='lat' dir='ltr'><strong>mandai</strong></span> 
     </span>
     <span class='ocr_line' id='line_1_12' title="bbox 234 1751 1240 1838; baseline -0.004 -18"><span class='ocrx_word' id='word_1_104' title='bbox 234 1756 338 1838; x_wconf 89' lang='lat' dir='ltr'><strong>copia</strong></span> <span class='ocrx_word' id='word_1_105' title='bbox 363 1776 385 1817; x_wconf 92' lang='lat' dir='ltr'><strong>a</strong></span> <span class='ocrx_word' id='word_1_106' title='bbox 408 1754 452 1815; x_wconf 85' lang='lat' dir='ltr'><strong>V.</strong></span> <span class='ocrx_word' id='word_1_107' title='bbox 478 1753 514 1833; x_wconf 80' lang='lat' dir='ltr'><strong>S,</strong></span> <span class='ocrx_word' id='word_1_108' title='bbox 539 1773 609 1815; x_wconf 91' lang='lat' dir='ltr'><strong>non</strong></span> <span class='ocrx_word' id='word_1_109' title='bbox 634 1753 681 1815; x_wconf 91' lang='lat' dir='ltr'><strong>ho</strong></span> <span class='ocrx_word' id='word_1_110' title='bbox 704 1751 819 1814; x_wconf 91' lang='lat' dir='ltr'><strong>inteso</strong></span> <span class='ocrx_word' id='word_1_111' title='bbox 843 1751 935 1813; x_wconf 90' lang='lat' dir='ltr'><strong>altro</strong></span> <span class='ocrx_word' id='word_1_112' title='bbox 959 1772 988 1830; x_wconf 65' lang='lat' dir='ltr'><strong>aj</strong></span> <span class='ocrx_word' id='word_1_113' title='bbox 1004 1752 1116 1833; x_wconf 89' lang='lat' dir='ltr'><strong>quest&#39;</strong></span> <span class='ocrx_word' id='word_1_114' title='bbox 1142 1755 1240 1816; x_wconf 90' lang='lat' dir='ltr'><strong>hora.</strong></span> 
     </span>
    </p>

    <p class='ocr_par' dir='ltr' id='par_1_5' title="bbox 323 1858 1514 1943">
     <span class='ocr_line' id='line_1_13' title="bbox 323 1858 1514 1943; baseline 0 -19"><span class='ocrx_word' id='word_1_115' title='bbox 323 1862 472 1924; x_wconf 82' lang='lat' dir='ltr'><strong>intendo</strong></span> <span class='ocrx_word' id='word_1_116' title='bbox 498 1860 564 1922; x_wconf 88' lang='lat' dir='ltr'><strong>che</strong></span> <span class='ocrx_word' id='word_1_117' title='bbox 589 1864 646 1941; x_wconf 93' lang='lat' dir='ltr'><strong>qul</strong></span> <span class='ocrx_word' id='word_1_118' title='bbox 671 1858 706 1921; x_wconf 95' lang='lat' dir='ltr'><strong>in</strong></span> <span class='ocrx_word' id='word_1_119' title='bbox 730 1858 849 1920; x_wconf 89' lang='lat' dir='ltr'><strong>Roma</strong></span> <span class='ocrx_word' id='word_1_120' title='bbox 865 1878 953 1921; x_wconf 87' lang='lat' dir='ltr'><strong>sono</strong></span> <span class='ocrx_word' id='word_1_121' title='bbox 973 1859 1071 1922; x_wconf 89' lang='lat' dir='ltr'><strong>molti</strong></span> <span class='ocrx_word' id='word_1_122' title='bbox 1089 1861 1155 1922; x_wconf 89' lang='lat' dir='ltr'><strong>che</strong></span> <span class='ocrx_word' id='word_1_123' title='bbox 1171 1863 1320 1942; x_wconf 88' lang='lat' dir='ltr'><strong>parlano</strong></span> <span class='ocrx_word' id='word_1_124' title='bbox 1336 1861 1372 1924; x_wconf 92' lang='lat' dir='ltr'><strong>di</strong></span> <span class='ocrx_word' id='word_1_125' title='bbox 1387 1872 1514 1943; x_wconf 88' lang='lat' dir='ltr'><strong>queste</strong></span> 
     </span>
    </p>
   </div>
   <div class='ocr_carea' id='block_1_3' title="bbox 233 1959 1631 2050">
    <p class='ocr_par' dir='ltr' id='par_1_6' title="bbox 233 1959 1631 2050">
     <span class='ocr_line' id='line_1_14' title="bbox 233 1959 1631 2050; baseline -0.001 -17"><span class='ocrx_word' id='word_1_126' title='bbox 233 1990 316 2033; x_wconf 87' lang='lat' dir='ltr'><strong>cose</strong></span> <span class='ocrx_word' id='word_1_127' title='bbox 330 1969 525 2046; x_wconf 86' lang='lat' dir='ltr'><strong>lutherane,</strong></span> <span class='ocrx_word' id='word_1_128' title='bbox 542 1976 577 2029; x_wconf 91' lang='lat' dir='ltr'><strong>et</strong></span> <span class='ocrx_word' id='word_1_129' title='bbox 591 1975 647 2028; x_wconf 91' lang='lat' dir='ltr'><strong>tra</strong></span> <span class='ocrx_word' id='word_1_130' title='bbox 662 1966 685 2028; x_wconf 91' lang='lat' dir='ltr'><strong>li</strong></span> <span class='ocrx_word' id='word_1_131' title='bbox 701 1964 781 2027; x_wconf 87' lang='lat' dir='ltr'><strong>altri</strong></span> <span class='ocrx_word' id='word_1_132' title='bbox 798 1985 866 2027; x_wconf 91' lang='lat' dir='ltr'><strong>uno</strong></span> <span class='ocrx_word' id='word_1_133' title='bbox 882 1966 929 2027; x_wconf 89' lang='lat' dir='ltr'><strong>ha</strong></span> <span class='ocrx_word' id='word_1_134' title='bbox 944 1966 1042 2028; x_wconf 87' lang='lat' dir='ltr'><strong>detto</strong></span> <span class='ocrx_word' id='word_1_135' title='bbox 1059 1965 1233 2030; x_wconf 83' lang='lat' dir='ltr'><strong>infaciem</strong></span> <span class='ocrx_word' id='word_1_136' title='bbox 1249 1970 1320 2030; x_wconf 89' lang='lat' dir='ltr'><strong>allo</strong></span> <span class='ocrx_word' id='word_1_137' title='bbox 1333 1967 1514 2050; x_wconf 87' lang='lat' dir='ltr'>Episcopo</span> <span class='ocrx_word' id='word_1_138' title='bbox 1627 1959 1631 1964; x_wconf 46' lang='lat'>⁵</span> 
     </span>
    </p>
   </div>
   <div class='ocr_carea' id='block_1_4' title="bbox 233 2071 1516 4826">
    <p class='ocr_par' dir='ltr' id='par_1_7' title="bbox 233 2071 1515 3868">
     <span class='ocr_line' id='line_1_15' title="bbox 233 2071 1513 2157; baseline -0.002 -16"><span class='ocrx_word' id='word_1_139' title='bbox 233 2078 302 2141; x_wconf 88' lang='lat' dir='ltr'><strong>mio</strong></span> <span class='ocrx_word' id='word_1_140' title='bbox 327 2076 400 2139; x_wconf 81' lang='lat' dir='ltr'><strong>eid:</strong></span> <span class='ocrx_word' id='word_1_141' title='bbox 439 2077 524 2157; x_wconf 87' lang='lat' dir='ltr'><strong>„che</strong></span> <span class='ocrx_word' id='word_1_142' title='bbox 555 2073 592 2136; x_wconf 82' lang='lat' dir='ltr'><strong>fa</strong></span> <span class='ocrx_word' id='word_1_143' title='bbox 624 2074 705 2154; x_wconf 87' lang='lat' dir='ltr'><strong>quel</strong></span> <span class='ocrx_word' id='word_1_144' title='bbox 737 2081 857 2136; x_wconf 88' lang='lat' dir='ltr'><strong>vostro</strong></span> <span class='ocrx_word' id='word_1_145' title='bbox 886 2071 1099 2135; x_wconf 85' lang='lat' dir='ltr'><strong>Cardinale?</strong></span> <span class='ocrx_word' id='word_1_146' title='bbox 1134 2073 1174 2135; x_wconf 90' lang='lat' dir='ltr'><strong>In</strong></span> <span class='ocrx_word' id='word_1_147' title='bbox 1200 2075 1401 2157; x_wconf 83' lang='lat' dir='ltr'><strong>Alemagna</strong></span> <span class='ocrx_word' id='word_1_148' title='bbox 1424 2095 1513 2139; x_wconf 88' lang='lat' dir='ltr'><strong>sono</strong></span> 
     </span>
     <span class='ocr_line' id='line_1_16' title="bbox 234 2178 1513 2263; baseline -0.003 -15"><span class='ocrx_word' id='word_1_149' title='bbox 234 2193 389 2248; x_wconf 85' lang='lat' dir='ltr'><strong>settanta</strong></span> <span class='ocrx_word' id='word_1_150' title='bbox 413 2181 497 2245; x_wconf 78' lang='lat' dir='ltr'><strong>citth</strong></span> <span class='ocrx_word' id='word_1_151' title='bbox 522 2182 587 2244; x_wconf 90' lang='lat' dir='ltr'><strong>che</strong></span> <span class='ocrx_word' id='word_1_152' title='bbox 612 2184 730 2242; x_wconf 86' lang='lat' dir='ltr'><strong>hanno</strong></span> <span class='ocrx_word' id='word_1_153' title='bbox 755 2179 941 2243; x_wconf 89' lang='lat' dir='ltr'><strong>coniurato</strong></span> <span class='ocrx_word' id='word_1_154' title='bbox 958 2200 1023 2261; x_wconf 90' lang='lat' dir='ltr'><strong>per</strong></span> <span class='ocrx_word' id='word_1_155' title='bbox 1038 2178 1215 2243; x_wconf 86' lang='lat' dir='ltr'><strong>Luthero“</strong></span> <span class='ocrx_word' id='word_1_156' title='bbox 1242 2192 1278 2245; x_wconf 89' lang='lat' dir='ltr'><strong>et</strong></span> <span class='ocrx_word' id='word_1_157' title='bbox 1300 2184 1409 2245; x_wconf 87' lang='lat' dir='ltr'><strong>multa</strong></span> <span class='ocrx_word' id='word_1_158' title='bbox 1432 2183 1513 2263; x_wconf 88' lang='lat' dir='ltr'><strong>alia,</strong></span> 
     </span>
     <span class='ocr_line' id='line_1_17' title="bbox 233 2267 1515 2371; baseline -0.002 -17"><span class='ocrx_word' id='word_1_159' title='bbox 233 2312 332 2355; x_wconf 87' lang='lat' dir='ltr'><strong>come</strong></span> <span class='ocrx_word' id='word_1_160' title='bbox 357 2292 391 2353; x_wconf 90' lang='lat' dir='ltr'><strong>la</strong></span> <span class='ocrx_word' id='word_1_161' title='bbox 415 2288 519 2371; x_wconf 77' lang='lat' dir='ltr'><strong>potra</strong></span> <span class='ocrx_word' id='word_1_162' title='bbox 543 2288 729 2351; x_wconf 86' lang='lat' dir='ltr'><strong>intendere</strong></span> <span class='ocrx_word' id='word_1_163' title='bbox 755 2288 801 2349; x_wconf 89' lang='lat' dir='ltr'><strong>da</strong></span> <span class='ocrx_word' id='word_1_164' title='bbox 825 2287 884 2352; x_wconf 88' lang='lat' dir='ltr'><strong>lui.</strong></span> <span class='ocrx_word' id='word_1_165' title='bbox 933 2285 1049 2367; x_wconf 81' lang='lat' dir='ltr'><strong>Certe,</strong></span> <span class='ocrx_word' id='word_1_166' title='bbox 1073 2287 1187 2350; x_wconf 84' lang='lat' dir='ltr'><strong>Mons.</strong></span> <span class='ocrx_word' id='word_1_167' title='bbox 1214 2288 1293 2367; x_wconf 89' lang='lat' dir='ltr'><strong>mio,</strong></span> <span class='ocrx_word' id='word_1_168' title='bbox 1318 2289 1352 2351; x_wconf 95' lang='lat' dir='ltr'><strong>io</strong></span> <span class='ocrx_word' id='word_1_169' title='bbox 1377 2267 1442 2371; x_wconf 88' lang='lat' dir='ltr'><strong>per</strong></span> <span class='ocrx_word' id='word_1_170' title='bbox 1458 2310 1515 2352; x_wconf 91' lang='lat' dir='ltr'><strong>me</strong></span> 
     </span>
     <span class='ocr_line' id='line_1_18' title="bbox 235 2393 1514 2478; baseline -0.002 -17"><span class='ocrx_word' id='word_1_171' title='bbox 235 2420 304 2462; x_wconf 89' lang='lat' dir='ltr'><strong>non</strong></span> <span class='ocrx_word' id='word_1_172' title='bbox 328 2418 413 2460; x_wconf 90' lang='lat' dir='ltr'><strong>curo</strong></span> <span class='ocrx_word' id='word_1_173' title='bbox 431 2396 514 2478; x_wconf 94' lang='lat' dir='ltr'><strong>quid</strong></span> <span class='ocrx_word' id='word_1_174' title='bbox 532 2394 717 2475; x_wconf 87' lang='lat' dir='ltr'><strong>quisquam</strong></span> <span class='ocrx_word' id='word_1_175' title='bbox 741 2396 918 2475; x_wconf 84' lang='lat' dir='ltr'><strong>loquatur,</strong></span> <span class='ocrx_word' id='word_1_176' title='bbox 943 2413 1000 2456; x_wconf 90' lang='lat' dir='ltr'><strong>ma</strong></span> <span class='ocrx_word' id='word_1_177' title='bbox 1023 2393 1194 2457; x_wconf 90' lang='lat' dir='ltr'><strong>iudicarei</strong></span> <span class='ocrx_word' id='word_1_178' title='bbox 1217 2398 1311 2458; x_wconf 89' lang='lat' dir='ltr'><strong>bene</strong></span> <span class='ocrx_word' id='word_1_179' title='bbox 1335 2416 1453 2458; x_wconf 87' lang='lat' dir='ltr'><strong>essere</strong></span> <span class='ocrx_word' id='word_1_180' title='bbox 1478 2395 1514 2459; x_wconf 93' lang='lat' dir='ltr'><strong>in</strong></span> 
     </span>
     <span class='ocr_line' id='line_1_19' title="bbox 233 2489 1514 2587; baseline -0.003 -18"><span class='ocrx_word' id='word_1_181' title='bbox 233 2505 419 2587; x_wconf 86' lang='lat' dir='ltr'><strong>proposito</strong></span> <span class='ocrx_word' id='word_1_182' title='bbox 444 2505 571 2567; x_wconf 89' lang='lat' dir='ltr'><strong>alcuna</strong></span> <span class='ocrx_word' id='word_1_183' title='bbox 595 2489 693 2564; x_wconf 89' lang='lat' dir='ltr'><strong>volta</strong></span> <span class='ocrx_word' id='word_1_184' title='bbox 717 2523 781 2565; x_wconf 93' lang='lat' dir='ltr'><strong>con</strong></span> <span class='ocrx_word' id='word_1_185' title='bbox 807 2502 958 2582; x_wconf 89' lang='lat' dir='ltr'><strong>qualche</strong></span> <span class='ocrx_word' id='word_1_186' title='bbox 978 2501 1115 2583; x_wconf 83' lang='lat' dir='ltr'><strong>castigo</strong></span> <span class='ocrx_word' id='word_1_187' title='bbox 1132 2503 1291 2566; x_wconf 81' lang='lat' dir='ltr'><strong>antonire</strong></span> <span class='ocrx_word' id='word_1_188' title='bbox 1315 2515 1351 2567; x_wconf 89' lang='lat' dir='ltr'><strong>et</strong></span> <span class='ocrx_word' id='word_1_189' title='bbox 1371 2503 1514 2566; x_wconf 86' lang='lat' dir='ltr'><strong>frenare</strong></span> 
     </span>
     <span class='ocr_line' id='line_1_20' title="bbox 233 2607 1514 2695; baseline -0.002 -20"><span class='ocrx_word' id='word_1_190' title='bbox 233 2627 357 2695; x_wconf 88' lang='lat' dir='ltr'><strong>queste</strong></span> <span class='ocrx_word' id='word_1_191' title='bbox 381 2612 503 2693; x_wconf 86' lang='lat' dir='ltr'><strong>lingue</strong></span> <span class='ocrx_word' id='word_1_192' title='bbox 528 2607 601 2672; x_wconf 91' lang='lat' dir='ltr'><strong>cosi</strong></span> <span class='ocrx_word' id='word_1_193' title='bbox 631 2609 744 2671; x_wconf 89' lang='lat' dir='ltr'><strong>libere</strong></span> <span class='ocrx_word' id='word_1_194' title='bbox 769 2617 805 2671; x_wconf 88' lang='lat' dir='ltr'><strong>et</strong></span> <span class='ocrx_word' id='word_1_195' title='bbox 827 2609 1111 2671; x_wconf 88' lang='lat' dir='ltr'><strong>massimamente</strong></span> <span class='ocrx_word' id='word_1_196' title='bbox 1134 2611 1252 2691; x_wconf 86' lang='lat' dir='ltr'><strong>quelle</strong></span> <span class='ocrx_word' id='word_1_197' title='bbox 1276 2611 1342 2673; x_wconf 89' lang='grc'>0110</span> <span class='ocrx_word' id='word_1_198' title='bbox 1365 2611 1514 2692; x_wconf 85' lang='lat' dir='ltr'><strong>pariano</strong></span> 
     </span>
     <span class='ocr_line' id='line_1_21' title="bbox 234 2716 1514 2801; baseline -0.002 -19"><span class='ocrx_word' id='word_1_199' title='bbox 234 2722 269 2783; x_wconf 91' lang='lat' dir='ltr'><strong>in</strong></span> <span class='ocrx_word' id='word_1_200' title='bbox 299 2729 425 2801; x_wconf 88' lang='lat' dir='ltr'><strong>questa</strong></span> <span class='ocrx_word' id='word_1_201' title='bbox 457 2718 605 2780; x_wconf 89' lang='lat' dir='ltr'><strong>materia</strong></span> <span class='ocrx_word' id='word_1_202' title='bbox 638 2720 710 2779; x_wconf 93' lang='lat' dir='ltr'><strong>cosl</strong></span> <span class='ocrx_word' id='word_1_203' title='bbox 744 2716 978 2778; x_wconf 86' lang='lat' dir='ltr'><strong>arditamente</strong></span> <span class='ocrx_word' id='word_1_204' title='bbox 1010 2724 1045 2778; x_wconf 87' lang='lat' dir='ltr'><strong>et</strong></span> <span class='ocrx_word' id='word_1_205' title='bbox 1076 2726 1243 2780; x_wconf 89' lang='lat' dir='ltr'><strong>mentono</strong></span> <span class='ocrx_word' id='word_1_206' title='bbox 1280 2718 1514 2800; x_wconf 84' lang='lat' dir='ltr'><strong>apertissima·</strong></span> 
     </span>
     <span class='ocr_line' id='line_1_22' title="bbox 234 2822 1514 2905; baseline -0.003 -15"><span class='ocrx_word' id='word_1_207' title='bbox 234 2835 361 2890; x_wconf 87' lang='lat' dir='ltr'><strong>mente.</strong></span> <span class='ocrx_word' id='word_1_208' title='bbox 410 2826 459 2887; x_wconf 90' lang='lat' dir='ltr'><strong>Le</strong></span> <span class='ocrx_word' id='word_1_209' title='bbox 485 2823 678 2886; x_wconf 85' lang='lat' dir='ltr'><strong>Lutherani</strong></span> <span class='ocrx_word' id='word_1_210' title='bbox 702 2822 731 2885; x_wconf 93' lang='lat' dir='ltr'><strong>si</strong></span> <span class='ocrx_word' id='word_1_211' title='bbox 756 2831 912 2885; x_wconf 86' lang='lat' dir='ltr'><strong>vantano</strong></span> <span class='ocrx_word' id='word_1_212' title='bbox 932 2824 1068 2885; x_wconf 35' lang='lat' dir='ltr'><strong>*havere</strong></span> <span class='ocrx_word' id='word_1_213' title='bbox 1093 2823 1152 2905; x_wconf 94' lang='lat' dir='ltr'><strong>qui</strong></span> <span class='ocrx_word' id='word_1_214' title='bbox 1183 2823 1218 2886; x_wconf 91' lang='lat' dir='ltr'><strong>in</strong></span> <span class='ocrx_word' id='word_1_215' title='bbox 1255 2836 1354 2888; x_wconf 90' lang='lat' dir='ltr'><strong>corte</strong></span> <span class='ocrx_word' id='word_1_216' title='bbox 1383 2824 1514 2889; x_wconf 86' lang='lat' dir='ltr'><strong>fautori</strong></span> 
     </span>
     <span class='ocr_line' id='line_1_23' title="bbox 233 2929 1512 3015; baseline -0.004 -17"><span class='ocrx_word' id='word_1_217' title='bbox 233 2945 269 2998; x_wconf 87' lang='lat' dir='ltr'><strong>et</strong></span> <span class='ocrx_word' id='word_1_218' title='bbox 292 2931 513 3015; x_wconf 84' lang='lat' dir='ltr'><strong>exploraturi</strong></span> <span class='ocrx_word' id='word_1_219' title='bbox 536 2929 664 3011; x_wconf 83' lang='lat' dir='ltr'><strong>grandi</strong></span> <span class='ocrx_word' id='word_1_220' title='bbox 689 2939 724 2993; x_wconf 87' lang='lat' dir='ltr'><strong>et</strong></span> <span class='ocrx_word' id='word_1_221' title='bbox 747 2941 872 3012; x_wconf 88' lang='lat' dir='ltr'><strong>questa</strong></span> <span class='ocrx_word' id='word_1_222' title='bbox 897 2951 981 2993; x_wconf 90' lang='lat' dir='ltr'><strong>cosa</strong></span> <span class='ocrx_word' id='word_1_223' title='bbox 1004 2932 1049 2993; x_wconf 91' lang='lat' dir='ltr'><strong>de</strong></span> <span class='ocrx_word' id='word_1_224' title='bbox 1072 2931 1154 3013; x_wconf 86' lang='lat' dir='ltr'><strong>lege</strong></span> <span class='ocrx_word' id='word_1_225' title='bbox 1179 2933 1321 3013; x_wconf 86' lang='lat' dir='ltr'><strong>agraria</strong></span> <span class='ocrx_word' id='word_1_226' title='bbox 1344 2933 1391 2995; x_wconf 89' lang='lat' dir='ltr'><strong>mi</strong></span> <span class='ocrx_word' id='word_1_227' title='bbox 1425 2952 1512 3014; x_wconf 89' lang='lat' dir='ltr'><strong>pare</strong></span> 
     </span>
     <span class='ocr_line' id='line_1_24' title="bbox 233 3036 1515 3119; baseline -0.005 -14"><span class='ocrx_word' id='word_1_228' title='bbox 233 3061 351 3105; x_wconf 88' lang='lat' dir='ltr'><strong>mossa</strong></span> <span class='ocrx_word' id='word_1_229' title='bbox 375 3040 483 3102; x_wconf 86' lang='lat' dir='ltr'><strong>molto</strong></span> <span class='ocrx_word' id='word_1_230' title='bbox 508 3037 829 3119; x_wconf 88' lang='lat' dir='ltr'><strong>importunamente</strong></span> <span class='ocrx_word' id='word_1_231' title='bbox 854 3046 888 3098; x_wconf 91' lang='lat' dir='ltr'><strong>et</strong></span> <span class='ocrx_word' id='word_1_232' title='bbox 913 3036 963 3117; x_wconf 89' lang='lat' dir='ltr'><strong>gli</strong></span> <span class='ocrx_word' id='word_1_233' title='bbox 986 3039 1033 3099; x_wconf 89' lang='lat' dir='ltr'><strong>ha</strong></span> <span class='ocrx_word' id='word_1_234' title='bbox 1067 3057 1181 3100; x_wconf 89' lang='lat' dir='ltr'><strong>messo</strong></span> <span class='ocrx_word' id='word_1_235' title='bbox 1210 3042 1246 3100; x_wconf 90' lang='lat' dir='ltr'><strong>in</strong></span> <span class='ocrx_word' id='word_1_236' title='bbox 1276 3040 1415 3101; x_wconf 92' lang='lat' dir='ltr'><strong>boccha</strong></span> <span class='ocrx_word' id='word_1_237' title='bbox 1446 3038 1515 3100; x_wconf 93' lang='lat' dir='ltr'><strong>che</strong></span> 
     </span>
     <span class='ocr_line' id='line_1_25' title="bbox 233 3143 1512 3228; baseline -0.005 -16"><span class='ocrx_word' id='word_1_238' title='bbox 233 3150 339 3211; x_wconf 88' lang='lat' dir='ltr'><strong>etiam</strong></span> <span class='ocrx_word' id='word_1_239' title='bbox 364 3144 519 3228; x_wconf 81' lang='lat' dir='ltr'><strong>Quirites</strong></span> <span class='ocrx_word' id='word_1_240' title='bbox 542 3143 611 3206; x_wconf 90' lang='lat' dir='ltr'><strong>iam</strong></span> <span class='ocrx_word' id='word_1_241' title='bbox 636 3144 758 3207; x_wconf 91' lang='lat' dir='ltr'><strong>oculos</strong></span> <span class='ocrx_word' id='word_1_242' title='bbox 782 3143 947 3224; x_wconf 89' lang='lat' dir='ltr'><strong>aperiunt</strong></span> <span class='ocrx_word' id='word_1_243' title='bbox 971 3152 1007 3205; x_wconf 90' lang='lat' dir='ltr'><strong>et</strong></span> <span class='ocrx_word' id='word_1_244' title='bbox 1030 3145 1204 3225; x_wconf 83' lang='lat' dir='ltr'><strong>quaedam</strong></span> <span class='ocrx_word' id='word_1_245' title='bbox 1236 3144 1315 3207; x_wconf 86' lang='lat' dir='ltr'><strong>alia.</strong></span> <span class='ocrx_word' id='word_1_246' title='bbox 1371 3144 1409 3206; x_wconf 92' lang='lat' dir='ltr'><strong>Io</strong></span> <span class='ocrx_word' id='word_1_247' title='bbox 1442 3164 1512 3206; x_wconf 91' lang='lat' dir='ltr'><strong>non</strong></span> 
     </span>
     <span class='ocr_line' id='line_1_26' title="bbox 233 3252 1514 3319; baseline -0.004 -1"><span class='ocrx_word' id='word_1_248' title='bbox 233 3276 289 3319; x_wconf 88' lang='lat' dir='ltr'><strong>me</strong></span> <span class='ocrx_word' id='word_1_249' title='bbox 313 3254 459 3316; x_wconf 90' lang='lat' dir='ltr'><strong>intendo</strong></span> <span class='ocrx_word' id='word_1_250' title='bbox 485 3255 576 3314; x_wconf 89' lang='lat' dir='ltr'><strong>altro</strong></span> <span class='ocrx_word' id='word_1_251' title='bbox 601 3273 639 3314; x_wconf 91' lang='lat' dir='ltr'><strong>se</strong></span> <span class='ocrx_word' id='word_1_252' title='bbox 664 3272 733 3314; x_wconf 90' lang='lat' dir='ltr'><strong>non</strong></span> <span class='ocrx_word' id='word_1_253' title='bbox 759 3252 824 3314; x_wconf 91' lang='lat' dir='ltr'><strong>che</strong></span> <span class='ocrx_word' id='word_1_254' title='bbox 848 3253 895 3314; x_wconf 92' lang='lat' dir='ltr'><strong>ho</strong></span> <span class='ocrx_word' id='word_1_255' title='bbox 921 3252 1008 3313; x_wconf 88' lang='lat' dir='ltr'><strong>letto</strong></span> <span class='ocrx_word' id='word_1_256' title='bbox 1033 3271 1103 3315; x_wconf 89' lang='lat' dir='ltr'><strong>una</strong></span> <span class='ocrx_word' id='word_1_257' title='bbox 1127 3252 1289 3316; x_wconf 87' lang='lat' dir='ltr'><strong>oratione</strong></span> <span class='ocrx_word' id='word_1_258' title='bbox 1313 3262 1438 3314; x_wconf 90' lang='lat' dir='ltr'><strong>contra</strong></span> <span class='ocrx_word' id='word_1_259' title='bbox 1468 3254 1514 3313; x_wconf 90' lang='lat' dir='ltr'><strong>le-</strong></span> 
     </span>
     <span class='ocr_line' id='line_1_27' title="bbox 233 3359 1515 3444; baseline -0.004 -20"><span class='ocrx_word' id='word_1_260' title='bbox 233 3383 315 3444; x_wconf 84' lang='lat' dir='ltr'><strong>gem</strong></span> <span class='ocrx_word' id='word_1_261' title='bbox 340 3360 516 3443; x_wconf 80' lang='lat' dir='ltr'><strong>agrariam</strong></span> <span class='ocrx_word' id='word_1_262' title='bbox 541 3362 650 3422; x_wconf 88' lang='lat' dir='ltr'><strong>molto</strong></span> <span class='ocrx_word' id='word_1_263' title='bbox 675 3361 841 3441; x_wconf 83' lang='lat' dir='ltr'><strong>elegante</strong></span> <span class='ocrx_word' id='word_1_264' title='bbox 875 3367 911 3420; x_wconf 91' lang='lat' dir='ltr'><strong>et</strong></span> <span class='ocrx_word' id='word_1_265' title='bbox 937 3360 1067 3423; x_wconf 86' lang='lat' dir='ltr'><strong>bunna.</strong></span> <span class='ocrx_word' id='word_1_266' title='bbox 1211 3360 1263 3422; x_wconf 88' lang='lat' dir='ltr'><strong>La</strong></span> <span class='ocrx_word' id='word_1_267' title='bbox 1292 3359 1436 3441; x_wconf 88' lang='lat' dir='ltr'><strong>disputa</strong></span> <span class='ocrx_word' id='word_1_268' title='bbox 1467 3359 1515 3420; x_wconf 86' lang='lat' dir='ltr'><strong>de</strong></span> 
     </span>
     <span class='ocr_line' id='line_1_28' title="bbox 233 3466 1512 3549; baseline -0.003 -18"><span class='ocrx_word' id='word_1_269' title='bbox 233 3472 269 3531; x_wconf 92' lang='lat' dir='ltr'><strong>lo</strong></span> <span class='ocrx_word' id='word_1_270' title='bbox 293 3468 405 3530; x_wconf 89' lang='lat' dir='ltr'><strong>Echio</strong></span> <span class='ocrx_word' id='word_1_271' title='bbox 429 3469 476 3529; x_wconf 94' lang='lat' dir='ltr'><strong>ho</strong></span> <span class='ocrx_word' id='word_1_272' title='bbox 502 3486 642 3549; x_wconf 88' lang='lat' dir='ltr'><strong>sempre</strong></span> <span class='ocrx_word' id='word_1_273' title='bbox 666 3467 867 3548; x_wconf 86' lang='lat' dir='ltr'><strong>improbata</strong></span> <span class='ocrx_word' id='word_1_274' title='bbox 903 3475 938 3529; x_wconf 90' lang='lat' dir='ltr'><strong>et</strong></span> <span class='ocrx_word' id='word_1_275' title='bbox 967 3466 1126 3529; x_wconf 88' lang='lat' dir='ltr'><strong>scrittolo</strong></span> <span class='ocrx_word' id='word_1_276' title='bbox 1155 3488 1176 3529; x_wconf 90' lang='lat' dir='ltr'><strong>a</strong></span> <span class='ocrx_word' id='word_1_277' title='bbox 1206 3466 1255 3529; x_wconf 92' lang='lat' dir='ltr'><strong>lui</strong></span> <span class='ocrx_word' id='word_1_278' title='bbox 1283 3467 1415 3549; x_wconf 68' lang='lat' dir='ltr'><strong>perche</strong></span> <span class='ocrx_word' id='word_1_279' title='bbox 1445 3486 1512 3527; x_wconf 87' lang='lat' dir='ltr'><strong>con</strong></span> 
     </span>
     <span class='ocr_line' id='line_1_29' title="bbox 235 3567 1514 3656; baseline -0.002 -19"><span class='ocrx_word' id='word_1_280' title='bbox 235 3574 351 3656; x_wconf 87' lang='lat' dir='ltr'><strong>questi</strong></span> <span class='ocrx_word' id='word_1_281' title='bbox 375 3574 543 3636; x_wconf 89' lang='lat' dir='ltr'><strong>obstinati</strong></span> <span class='ocrx_word' id='word_1_282' title='bbox 568 3593 637 3635; x_wconf 92' lang='lat' dir='ltr'><strong>non</strong></span> <span class='ocrx_word' id='word_1_283' title='bbox 663 3574 693 3636; x_wconf 93' lang='lat' dir='ltr'><strong>si</strong></span> <span class='ocrx_word' id='word_1_284' title='bbox 721 3593 769 3655; x_wconf 94' lang='lat' dir='ltr'><strong>po</strong></span> <span class='ocrx_word' id='word_1_285' title='bbox 793 3574 1026 3654; x_wconf 85' lang='lat' dir='ltr'><strong>guadagnare</strong></span> <span class='ocrx_word' id='word_1_286' title='bbox 1055 3575 1183 3636; x_wconf 89' lang='lat' dir='ltr'><strong>alcuna</strong></span> <span class='ocrx_word' id='word_1_287' title='bbox 1213 3595 1297 3637; x_wconf 86' lang='lat' dir='ltr'><strong>cosa</strong></span> <span class='ocrx_word' id='word_1_288' title='bbox 1329 3583 1365 3635; x_wconf 92' lang='lat' dir='ltr'><strong>et</strong></span> <span class='ocrx_word' id='word_1_289' title='bbox 1374 3567 1398 3652; x_wconf 56' lang='lat'><strong>,‘</strong></span> <span class='ocrx_word' id='word_1_290' title='bbox 1413 3572 1514 3634; x_wconf 87' lang='lat' dir='ltr'><strong>iuxta</strong></span> 
     </span>
     <span class='ocr_line' id='line_1_30' title="bbox 235 3678 1514 3763; baseline 0 -20"><span class='ocrx_word' id='word_1_291' title='bbox 235 3680 432 3743; x_wconf 89' lang='lat' dir='ltr'><strong>doctrinam</strong></span> <span class='ocrx_word' id='word_1_292' title='bbox 456 3679 620 3763; x_wconf 91' lang='lat' dir='ltr'><strong>apostoli,</strong></span> <span class='ocrx_word' id='word_1_293' title='bbox 645 3678 815 3742; x_wconf 89' lang='lat' dir='ltr'><strong>haeretici</strong></span> <span class='ocrx_word' id='word_1_294' title='bbox 839 3689 921 3761; x_wconf 89' lang='lat' dir='ltr'><strong>post</strong></span> <span class='ocrx_word' id='word_1_295' title='bbox 945 3699 1050 3742; x_wconf 89' lang='lat' dir='ltr'><strong>unam</strong></span> <span class='ocrx_word' id='word_1_296' title='bbox 1065 3688 1102 3742; x_wconf 90' lang='lat' dir='ltr'><strong>et</strong></span> <span class='ocrx_word' id='word_1_297' title='bbox 1121 3681 1268 3742; x_wconf 88' lang='lat' dir='ltr'><strong>alteram</strong></span> <span class='ocrx_word' id='word_1_298' title='bbox 1285 3679 1514 3743; x_wconf 87' lang='lat' dir='ltr'><strong>monitionem</strong></span> 
     </span>
     <span class='ocr_line' id='line_1_31' title="bbox 234 3785 1311 3868; baseline 0.001 -18"><span class='ocrx_word' id='word_1_299' title='bbox 234 3786 391 3850; x_wconf 87' lang='lat' dir='ltr'><strong>evitandi</strong></span> <span class='ocrx_word' id='word_1_300' title='bbox 416 3798 507 3866; x_wconf 90' lang='lat' dir='ltr'><strong>sunt,</strong></span> <span class='ocrx_word' id='word_1_301' title='bbox 532 3787 614 3868; x_wconf 88' lang='lat' dir='ltr'><strong>quia</strong></span> <span class='ocrx_word' id='word_1_302' title='bbox 637 3805 701 3848; x_wconf 89' lang='lat' dir='ltr'><strong>suo</strong></span> <span class='ocrx_word' id='word_1_303' title='bbox 725 3785 871 3867; x_wconf 89' lang='lat' dir='ltr'><strong>proprio</strong></span> <span class='ocrx_word' id='word_1_304' title='bbox 897 3785 1027 3849; x_wconf 90' lang='lat' dir='ltr'><strong>iudicio</strong></span> <span class='ocrx_word' id='word_1_305' title='bbox 1051 3786 1196 3849; x_wconf 86' lang='lat' dir='ltr'><strong>iudicati</strong></span> <span class='ocrx_word' id='word_1_306' title='bbox 1220 3798 1311 3850; x_wconf 81' lang='lat' dir='ltr'><strong>sunt</strong></span> 
     </span>
    </p>

    <p class='ocr_par' dir='ltr' id='par_1_8' title="bbox 234 3892 1516 4826">
     <span class='ocr_line' id='line_1_32' title="bbox 327 3892 1515 3974; baseline 0.003 -19"><span class='ocrx_word' id='word_1_307' title='bbox 327 3893 407 3955; x_wconf 91' lang='lat' dir='ltr'><strong>Non</strong></span> <span class='ocrx_word' id='word_1_308' title='bbox 432 3893 612 3974; x_wconf 87' lang='lat' dir='ltr'><strong>possendo</strong></span> <span class='ocrx_word' id='word_1_309' title='bbox 637 3914 658 3955; x_wconf 89' lang='lat' dir='ltr'><strong>a</strong></span> <span class='ocrx_word' id='word_1_310' title='bbox 681 3893 794 3955; x_wconf 88' lang='lat' dir='ltr'><strong>bocca</strong></span> <span class='ocrx_word' id='word_1_311' title='bbox 817 3893 895 3955; x_wconf 83' lang='lat' dir='ltr'><strong>fare</strong></span> <span class='ocrx_word' id='word_1_312' title='bbox 919 3893 940 3955; x_wconf 90' lang='lat' dir='ltr'><strong>l&#39;</strong></span> <span class='ocrx_word' id='word_1_313' title='bbox 958 3892 1076 3956; x_wconf 81' lang='lat' dir='ltr'><strong>officio</strong></span> <span class='ocrx_word' id='word_1_314' title='bbox 1101 3896 1167 3957; x_wconf 91' lang='lat' dir='ltr'><strong>che</strong></span> <span class='ocrx_word' id='word_1_315' title='bbox 1190 3893 1237 3957; x_wconf 88' lang='lat' dir='ltr'><strong>rni</strong></span> <span class='ocrx_word' id='word_1_316' title='bbox 1268 3895 1384 3958; x_wconf 89' lang='lat' dir='ltr'><strong>scrive</strong></span> <span class='ocrx_word' id='word_1_317' title='bbox 1407 3894 1451 3958; x_wconf 87' lang='lat' dir='ltr'><strong>V.</strong></span> <span class='ocrx_word' id='word_1_318' title='bbox 1476 3894 1515 3958; x_wconf 83' lang='lat' dir='ltr'><strong>S.</strong></span> 
     </span>
     <span class='ocr_line' id='line_1_33' title="bbox 235 3998 1515 4082; baseline 0.001 -19"><span class='ocrx_word' id='word_1_319' title='bbox 235 4003 279 4063; x_wconf 92' lang='lat' dir='ltr'><strong>de</strong></span> <span class='ocrx_word' id='word_1_320' title='bbox 304 4003 339 4063; x_wconf 86' lang='lat' dir='ltr'><strong>la</strong></span> <span class='ocrx_word' id='word_1_321' title='bbox 363 3999 551 4063; x_wconf 75' lang='lat' dir='ltr'><strong>neutralita</strong></span> <span class='ocrx_word' id='word_1_322' title='bbox 576 3998 611 4061; x_wconf 90' lang='lat' dir='ltr'><strong>di</strong></span> <span class='ocrx_word' id='word_1_323' title='bbox 636 3998 678 4062; x_wconf 89' lang='lat' dir='ltr'><strong>N.</strong></span> <span class='ocrx_word' id='word_1_324' title='bbox 703 4000 739 4062; x_wconf 84' lang='lat' dir='ltr'><strong>S.</strong></span> <span class='ocrx_word' id='word_1_325' title='bbox 765 4020 835 4062; x_wconf 92' lang='lat' dir='ltr'><strong>non</strong></span> <span class='ocrx_word' id='word_1_326' title='bbox 860 4000 907 4063; x_wconf 89' lang='lat' dir='ltr'><strong>mi</strong></span> <span class='ocrx_word' id='word_1_327' title='bbox 930 4021 1017 4082; x_wconf 90' lang='lat' dir='ltr'><strong>pare</strong></span> <span class='ocrx_word' id='word_1_328' title='bbox 1034 4002 1235 4064; x_wconf 89' lang='lat' dir='ltr'><strong>necessario</strong></span> <span class='ocrx_word' id='word_1_329' title='bbox 1253 4002 1399 4065; x_wconf 77' lang='lat' dir='ltr'><strong>neutile</strong></span> <span class='ocrx_word' id='word_1_330' title='bbox 1422 4000 1515 4064; x_wconf 88' lang='lat' dir='ltr'><strong>farlo</strong></span> 
     </span>
     <span class='ocr_line' id='line_1_34' title="bbox 234 4106 1515 4191; baseline 0 -20"><span class='ocrx_word' id='word_1_331' title='bbox 234 4129 302 4171; x_wconf 92' lang='lat' dir='ltr'><strong>con</strong></span> <span class='ocrx_word' id='word_1_332' title='bbox 325 4108 469 4188; x_wconf 91' lang='lat' dir='ltr'><strong>lettere,</strong></span> <span class='ocrx_word' id='word_1_333' title='bbox 504 4117 540 4169; x_wconf 90' lang='lat' dir='ltr'><strong>et</strong></span> <span class='ocrx_word' id='word_1_334' title='bbox 572 4106 735 4169; x_wconf 88' lang='lat' dir='ltr'><strong>massime</strong></span> <span class='ocrx_word' id='word_1_335' title='bbox 764 4107 829 4169; x_wconf 88' lang='lat' dir='ltr'><strong>che</strong></span> <span class='ocrx_word' id='word_1_336' title='bbox 860 4108 986 4169; x_wconf 87' lang='lat' dir='ltr'><strong>alcune</strong></span> <span class='ocrx_word' id='word_1_337' title='bbox 1013 4109 1107 4171; x_wconf 91' lang='lat' dir='ltr'><strong>volte</strong></span> <span class='ocrx_word' id='word_1_338' title='bbox 1138 4108 1257 4171; x_wconf 92' lang='lat' dir='ltr'><strong>chesi</strong></span> <span class='ocrx_word' id='word_1_339' title='bbox 1282 4109 1301 4171; x_wconf 80' lang='lat' dir='ltr'><strong>e</strong></span> <span class='ocrx_word' id='word_1_340' title='bbox 1325 4109 1515 4191; x_wconf 80' lang='lat' dir='ltr'><strong>regionato</strong></span> 
     </span>
     <span class='ocr_line' id='line_1_35' title="bbox 234 4213 1516 4302; baseline 0.002 -26"><span class='ocrx_word' id='word_1_341' title='bbox 234 4213 270 4276; x_wconf 93' lang='lat' dir='ltr'><strong>di</strong></span> <span class='ocrx_word' id='word_1_342' title='bbox 294 4214 343 4276; x_wconf 88' lang='lat' dir='ltr'><strong>tal</strong></span> <span class='ocrx_word' id='word_1_343' title='bbox 368 4233 453 4276; x_wconf 87' lang='lat' dir='ltr'><strong>cosa</strong></span> <span class='ocrx_word' id='word_1_344' title='bbox 475 4214 509 4275; x_wconf 92' lang='lat' dir='ltr'><strong>io</strong></span> <span class='ocrx_word' id='word_1_345' title='bbox 538 4232 604 4276; x_wconf 88' lang='lat' dir='ltr'><strong>son</strong></span> <span class='ocrx_word' id='word_1_346' title='bbox 628 4233 768 4302; x_wconf 89' lang='lat' dir='ltr'><strong>sempre</strong></span> <span class='ocrx_word' id='word_1_347' title='bbox 792 4215 923 4277; x_wconf 89' lang='lat' dir='ltr'><strong>andato</strong></span> <span class='ocrx_word' id='word_1_348' title='bbox 948 4234 970 4277; x_wconf 90' lang='lat' dir='ltr'><strong>a</strong></span> <span class='ocrx_word' id='word_1_349' title='bbox 992 4225 1118 4297; x_wconf 83' lang='lat' dir='ltr'><strong>questo</strong></span> <span class='ocrx_word' id='word_1_350' title='bbox 1133 4216 1282 4294; x_wconf 89' lang='lat' dir='ltr'><strong>camino,</strong></span> <span class='ocrx_word' id='word_1_351' title='bbox 1306 4218 1516 4299; x_wconf 87' lang='lat' dir='ltr'><strong>parendomi</strong></span> 
     </span>
     <span class='ocr_line' id='line_1_36' title="bbox 235 4319 1516 4407; baseline 0.003 -23"><span class='ocrx_word' id='word_1_352' title='bbox 235 4322 300 4384; x_wconf 91' lang='lat' dir='ltr'><strong>che</strong></span> <span class='ocrx_word' id='word_1_353' title='bbox 325 4322 398 4383; x_wconf 87' lang='lat' dir='ltr'><strong>cosi</strong></span> <span class='ocrx_word' id='word_1_354' title='bbox 422 4319 623 4401; x_wconf 83' lang='lat' dir='ltr'><strong>convenghi</strong></span> <span class='ocrx_word' id='word_1_355' title='bbox 646 4340 667 4381; x_wconf 93' lang='lat' dir='ltr'><strong>a</strong></span> <span class='ocrx_word' id='word_1_356' title='bbox 691 4339 739 4382; x_wconf 94' lang='lat' dir='ltr'><strong>un</strong></span> <span class='ocrx_word' id='word_1_357' title='bbox 762 4320 861 4382; x_wconf 89' lang='lat' dir='ltr'><strong>savio</strong></span> <span class='ocrx_word' id='word_1_358' title='bbox 886 4330 922 4383; x_wconf 87' lang='lat' dir='ltr'><strong>et</strong></span> <span class='ocrx_word' id='word_1_359' title='bbox 945 4324 1041 4384; x_wconf 89' lang='lat' dir='ltr'><strong>buon</strong></span> <span class='ocrx_word' id='word_1_360' title='bbox 1066 4322 1268 4405; x_wconf 89' lang='lat' dir='ltr'><strong>Pontefice,</strong></span> <span class='ocrx_word' id='word_1_361' title='bbox 1304 4327 1408 4406; x_wconf 89' lang='lat' dir='ltr'><strong>quale</strong></span> <span class='ocrx_word' id='word_1_362' title='bbox 1441 4325 1516 4407; x_wconf 81' lang='lat' dir='ltr'><strong>egli</strong></span> 
     </span>
     <span class='ocr_line' id='line_1_37' title="bbox 235 4405 1515 4510; baseline 0.004 -19"><span class='ocrx_word' id='word_1_363' title='bbox 235 4428 254 4491; x_wconf 72' lang='grc' dir='ltr'>ὲ</span> <span class='ocrx_word' id='word_1_364' title='bbox 279 4435 315 4489; x_wconf 93' lang='lat' dir='ltr'><strong>et</strong></span> <span class='ocrx_word' id='word_1_365' title='bbox 339 4417 502 4489; x_wconf 82' lang='lat' dir='ltr'><strong>existimo</strong></span> <span class='ocrx_word' id='word_1_366' title='bbox 527 4446 592 4508; x_wconf 91' lang='lat' dir='ltr'><strong>per</strong></span> <span class='ocrx_word' id='word_1_367' title='bbox 616 4435 714 4488; x_wconf 89' lang='lat' dir='ltr'><strong>certo</strong></span> <span class='ocrx_word' id='word_1_368' title='bbox 739 4427 805 4489; x_wconf 91' lang='lat' dir='ltr'><strong>che</strong></span> <span class='ocrx_word' id='word_1_369' title='bbox 829 4448 895 4510; x_wconf 90' lang='lat' dir='ltr'><strong>per</strong></span> <span class='ocrx_word' id='word_1_370' title='bbox 918 4430 950 4491; x_wconf 86' lang='lat' dir='ltr'><strong>la</strong></span> <span class='ocrx_word' id='word_1_371' title='bbox 975 4405 1313 4494; x_wconf 78' lang='lat' dir='ltr'><strong>buona&#39;intentione</strong></span> <span class='ocrx_word' id='word_1_372' title='bbox 1339 4434 1383 4497; x_wconf 91' lang='lat' dir='ltr'><strong>de</strong></span> <span class='ocrx_word' id='word_1_373' title='bbox 1403 4430 1439 4497; x_wconf 91' lang='lat' dir='ltr'><strong>S.</strong></span> <span class='ocrx_word' id='word_1_374' title='bbox 1460 4433 1515 4496; x_wconf 55' lang='lat' dir='ltr'><strong>8st</strong></span> 
     </span>
     <span class='ocr_line' id='line_1_38' title="bbox 234 4514 1515 4622; baseline 0.006 -25"><span class='ocrx_word' id='word_1_375' title='bbox 234 4533 312 4597; x_wconf 93' lang='lat' dir='ltr'><strong>Idio</strong></span> <span class='ocrx_word' id='word_1_376' title='bbox 328 4530 464 4595; x_wconf 75' lang='lat' dir='ltr'><strong>aiutara</strong></span> <span class='ocrx_word' id='word_1_377' title='bbox 479 4540 515 4594; x_wconf 89' lang='lat' dir='ltr'><strong>et</strong></span> <span class='ocrx_word' id='word_1_378' title='bbox 530 4533 721 4613; x_wconf 77' lang='lat' dir='ltr'><strong>agrandira</strong></span> <span class='ocrx_word' id='word_1_379' title='bbox 736 4534 761 4596; x_wconf 92' lang='lat' dir='ltr'><strong>li</strong></span> <span class='ocrx_word' id='word_1_380' title='bbox 776 4533 829 4597; x_wconf 91' lang='lat' dir='ltr'><strong>soi</strong></span> <span class='ocrx_word' id='word_1_381' title='bbox 844 4535 937 4598; x_wconf 89' lang='lat' dir='ltr'><strong>santi</strong></span> <span class='ocrx_word' id='word_1_382' title='bbox 952 4545 988 4599; x_wconf 90' lang='lat' dir='ltr'><strong>et</strong></span> <span class='ocrx_word' id='word_1_383' title='bbox 1002 4537 1143 4600; x_wconf 89' lang='lat' dir='ltr'><strong>honesti</strong></span> <span class='ocrx_word' id='word_1_384' title='bbox 1159 4514 1326 4622; x_wconf 86' lang='lat' dir='ltr'><strong>dissegni,</strong></span> <span class='ocrx_word' id='word_1_385' title='bbox 1343 4551 1379 4602; x_wconf 90' lang='lat' dir='ltr'><strong>et</strong></span> <span class='ocrx_word' id='word_1_386' title='bbox 1391 4545 1464 4605; x_wconf 92' lang='lat' dir='ltr'><strong>cosl</strong></span> <span class='ocrx_word' id='word_1_387' title='bbox 1476 4543 1515 4605; x_wconf 93' lang='lat' dir='ltr'><strong>di</strong></span> 
     </span>
     <span class='ocr_line' id='line_1_39' title="bbox 235 4638 1515 4732; baseline 0.008 -29"><span class='ocrx_word' id='word_1_388' title='bbox 235 4643 308 4703; x_wconf 91' lang='lat' dir='ltr'><strong>bon</strong></span> <span class='ocrx_word' id='word_1_389' title='bbox 333 4659 420 4732; x_wconf 47' lang='lat' dir='ltr'><strong>core·</strong></span> <span class='ocrx_word' id='word_1_390' title='bbox 439 4638 474 4701; x_wconf 92' lang='lat' dir='ltr'><strong>lo</strong></span> <span class='ocrx_word' id='word_1_391' title='bbox 498 4658 710 4721; x_wconf 82' lang='lat' dir='ltr'><strong>pregaremo</strong></span> <span class='ocrx_word' id='word_1_392' title='bbox 735 4641 771 4703; x_wconf 88' lang='lat' dir='ltr'><strong>di</strong></span> <span class='ocrx_word' id='word_1_393' title='bbox 796 4642 974 4724; x_wconf 84' lang='lat' dir='ltr'><strong>continue,</strong></span> <span class='ocrx_word' id='word_1_394' title='bbox 999 4645 1065 4706; x_wconf 92' lang='lat' dir='ltr'><strong>che</strong></span> <span class='ocrx_word' id='word_1_395' title='bbox 1085 4645 1120 4707; x_wconf 94' lang='lat' dir='ltr'><strong>in</strong></span> <span class='ocrx_word' id='word_1_396' title='bbox 1142 4656 1267 4727; x_wconf 89' lang='lat' dir='ltr'><strong>questo</strong></span> <span class='ocrx_word' id='word_1_397' title='bbox 1291 4645 1361 4709; x_wconf 85' lang='lat' dir='ltr'><strong>fine</strong></span> <span class='ocrx_word' id='word_1_398' title='bbox 1380 4648 1431 4731; x_wconf 86' lang='lat' dir='ltr'><strong>gli</strong></span> <span class='ocrx_word' id='word_1_399' title='bbox 1453 4650 1515 4713; x_wconf 84' lang='lat' dir='ltr'><strong>dia</strong></span> 
     </span>
     <span class='ocr_line' id='line_1_40' title="bbox 235 4743 1514 4826; baseline 0.008 -17"><span class='ocrx_word' id='word_1_400' title='bbox 235 4744 341 4809; x_wconf 85' lang='lat' dir='ltr'><strong>felice</strong></span> <span class='ocrx_word' id='word_1_401' title='bbox 360 4745 433 4808; x_wconf 88' lang='lat' dir='ltr'><strong>vita</strong></span> <span class='ocrx_word' id='word_1_402' title='bbox 455 4755 490 4808; x_wconf 87' lang='lat' dir='ltr'><strong>et</strong></span> <span class='ocrx_word' id='word_1_403' title='bbox 510 4743 683 4826; x_wconf 81' lang='lat' dir='ltr'><strong>vigore..</strong></span> <span class='ocrx_word' id='word_1_404' title='bbox 702 4796 709 4812; x_wconf 89' lang='lat'>.</span> <span class='ocrx_word' id='word_1_405' title='bbox 756 4747 921 4812; x_wconf 87' lang='lat' dir='ltr'><strong>Viennae</strong></span> <span class='ocrx_word' id='word_1_406' title='bbox 940 4749 1051 4814; x_wconf 88' lang='lat' dir='ltr'>XVII</span> <span class='ocrx_word' id='word_1_407' title='bbox 1065 4751 1279 4817; x_wconf 88' lang='lat' dir='ltr'><strong>Novembris</strong></span> <span class='ocrx_word' id='word_1_408' title='bbox 1294 4753 1514 4821; x_wconf 91' lang='lat' dir='ltr'><strong>MDXXIV.</strong></span> 
     </span>
    </p>
   </div>
   <div class='ocr_carea' id='block_1_5' title="bbox 768 4924 975 4939">
    <p class='ocr_par' dir='ltr' id='par_1_9' title="bbox 768 4924 975 4939">
     <span class='ocr_line' id='line_1_41' title="bbox 768 4924 975 4939; baseline 0.005 -1"><span class='ocrx_word' id='word_1_409' title='bbox 768 4924 975 4939; x_wconf 48' lang='lat' dir='ltr'><strong>Wmmwvw</strong></span> 
     </span>
    </p>
   </div>
   <div class='ocr_carea' id='block_1_6' title="bbox 0 0 1784 5733">
    <p class='ocr_par' dir='ltr' id='par_1_10' title="bbox 0 0 1784 5733">
     <span class='ocr_line' id='line_1_42' title="bbox 0 0 1784 5733; baseline 0 0"><span class='ocrx_word' id='word_1_410' title='bbox 0 0 1784 5733; x_wconf 95' lang='lat' dir='ltr'><strong> </strong></span> 
     </span>
    </p>
   </div>
  </div>
 </body>
</html>
