3559 5734
794 582 1041 639 sotsac*

276 727 448 792 moniales
472 728 600 810 partim
631 730 741 808 ultr0‚
781 728 911 809 partim
945 726 1059 790 coacti
1094 726 1297 809 relinquunt
1334 723 1564 803 monasteria,

277 838 412 898 nubent
436 846 471 898 et
495 837 681 916 nubentur,
707 844 743 898 et
767 837 930 898 nolentes
954 835 1155 898 consentire
1179 844 1215 896 et
1237 833 1398 897 habitum
1412 831 1564 894 reiicere

278 944 517 1026 expelluntur.

366 1050 454 1113 Item
478 1050 713 1132 Nerobergae
740 1051 929 1133 occupavit
953 1060 1098 1114 senatus
1121 1047 1337 1112 monasteria
1361 1043 1397 1111 S.
1414 1044 1563 1126 Aegidii

277 1157 548 1220 Benedictinum
565 1156 801 1238 Cartusiense‚
813 1153 1413 1237 Carmelitarum,Augustinianum.
1437 1152 1483 1214 Et
1494 1152 1562 1215 Cli·

277 1265 410 1347 gental,
423 1264 593 1327 Pillereut
608 1274 644 1328 et
654 1264 861 1328 Gerundeln
877 1285 918 1327 ac
930 1265 1078 1328 fratrum
1089 1262 1363 1326 Teutonicorum
1375 1259 1410 1326 S.
1422 1259 1562 1338 Clarae,

278 1370 314 1437 S.
341 1371 566 1454 Catharinae‚
581 1372 851 1435 interdixerunt
872 1373 928 1434 his
951 1358 1064 1453 prime
1087 1370 1303 1433 audientiam
1325 1367 1564 1431 confessionis

279 1479 409 1542 deinde
420 1479 700 1561 predicationem
711 1480 758 1543 ad
768 1482 950 1561 populum,
961 1479 1065 1542 tertio
1079 1479 1263 1541 missarum
1274 1476 1564 1556 celebrationem,

278 1595 405 1667 quarto
430 1586 548 1649 omnia
571 1586 692 1649 divina
716 1585 844 1651 officia.
892 1587 966 1649 Iam
982 1586 1115 1648 instant
1131 1595 1169 1647 ut
1185 1584 1344 1647 habitum
1366 1585 1560 1665 deponant

279 1713 318 1756 se
342 1692 451 1756 fuisse
475 1693 511 1756 in
536 1702 629 1756 statu
653 1693 889 1757 damnationis
913 1693 1042 1758 litteris
1065 1692 1270 1775 patentibus
1297 1701 1564 1771 recognoscant

280 1811 315 1864 et
347 1800 566 1864 monasteria·
592 1801 731 1864 senatui
761 1800 1002 1882 dispensanda
1037 1799 1252 1862 eleemosina
1285 1799 1444 1878 tradant,
1481 1818 1563 1860 cum

279 1907 443 1972 omnibus
466 1907 674 1971 redditibus.
720 1907 879 1970 Minores
915 1906 950 1969 in
978 1908 1072 1970 hunc
1104 1905 1195 1969 diem
1227 1906 1452 1982 restiterunt,
1479 1905 1564 1967 Pre-

280 2014 456 2078 dicatores
480 2013 561 2077 mali
585 2025 856 2090 consenserunt,
881 2014 966 2076 boni
990 2023 1107 2076 autem
1131 2013 1352 2076 clandestine
1376 2016 1422 2075 ad
1447 2013 1563 2075 Bava-

278 2121 367 2184 riam
379 2122 558 2204 fugerunt.
594 2121 674 2185 Hoc
691 2130 727 2184 et
743 2121 778 2183 in
795 2120 912 2183 multis
929 2119 1005 2182 aliis
1026 2118 1065 2181 fit
1080 2119 1284 2182 civitatibus
1308 2119 1564 2201 imperialibus.

278 2230 392 2292 Porro
406 2228 580 2311 incipiunt
594 2227 706 2293 ferme
730 2228 765 2290 in
790 2227 953 2290 omnibus
969 2226 1172 2289 civitatibus
1188 2228 1404 2308 compellere
1419 2226 1563 2290 clerum

280 2344 317 2399 et
340 2334 529 2418 religiosos
546 2345 585 2397 ut
599 2335 806 2398 renunciata
821 2334 987 2397 libertate
1003 2333 1245 2396 ecclesiastica
1260 2336 1357 2396 nulla
1380 2336 1565 2415 gaudeant

279 2441 507 2522 immunitate,
524 2443 588 2505 sed
605 2440 723 2505 omnia
739 2461 847 2504 onera
863 2441 980 2504 lerant
995 2439 1113 2504 civilia
1127 2452 1288 2523 tempore
1304 2442 1404 2522 pacis
1421 2451 1457 2504 et
1475 2442 1564 2504 belli

277 2547 369 2611 sicut
382 2548 441 2611 alli
453 2548 543 2614 laici.
568 2537 766 2612 Ita'factum
791 2560 844 2611 est
862 2547 1095 2630 Argentinae,
1120 2547 1360 2626 Constantiae‚
1385 2548 1563 2628 Basileae5

278 2653 417 2738 Spirae,
432 2655 652 2738 Mogontiae‚
667 2655 912 2737 Nerobergae,
931 2654 1196 2735 Wittemburgi,
1212 2654 1428 2738 Wimpinae,
1451 2655 1563 2718 Haill·

278 2761 417 2842 brunni,
426 2763 662 2844 Ratisponae‚
673 2771 708 2824 et
716 2771 754 2823 ut
765 2761 883 2824 ferunt
896 2760 1144 2842 Onoltzpachii
1153 2762 1358 2844 etpluribus
1371 2762 1450 2824 aliis
1462 2763 1562 2826 locis,

278 2849 533 2934 Sacerdotibus
544 2870 596 2933 eis
608 2869 881 2934 adversantibus
894 2869 1047 2931 libenter
1059 2869 1198 2932 veniam
1211 2870 1297 2931 dant
1310 2869 1465 2932 abeundi
1481 2891 1561 2932 cum

278 2964 469 3040 medietate
482 2978 659 3041 fructuum
668 2977 910 3059 praebendae,
920 2975 1091 3064 reliquam
1099 2977 1326 3040 medietatem
1337 2986 1559 3040 servantnon

277 3105 343 3167 pro
351 3084 471 3148 Missis
481 3085 700 3167 supplendis,
710 3104 796 3166 quas
808 3084 924 3146 nullas
938 3082 1015 3145 fieri
1025 3083 1242 3165 permittunt,
1255 3085 1318 3146 sed
1327 3084 1562 3148 incommune

276 3202 454 3274 reponunt
477 3212 542 3275 pro
567 3190 782 3255 eleemosina
805 3199 844 3253 ut
868 3190 1000 3268 dicunt,
1026 3200 1062 3253 et
1084 3190 1134 3252 ita
1158 3191 1203 3253 de
1227 3191 1426 3254 redditibus
1450 3194 1556 3254 eccle·

278 3298 428 3362 siasticis
451 3301 586 3362 habent
608 3298 720 3361 ferme
750 3318 854 3360 12000
877 3296 1032 3360 florenos
1056 3319 1122 3381 pro
1147 3298 1381 3378 eleemosinis,
1406 3298 1465 3360 alii
1480 3299 1561 3361 esti-

281 3416 377 3469 mant
407 3407 453 3468 ad
471 3426 594 3485 415000
621 3404 742 3468 floren.
772 3404 958 3487 Principes
986 3424 1072 3467 vero
1101 3405 1208 3486 aliqui
1244 3405 1314 3467 etsi
1337 3425 1403 3487 pro
1426 3405 1564 3469 viribus

277 3512 444 3576 resistant
468 3511 633 3575 seditioni
656 3510 878 3589 rusticorum,
902 3511 1011 3593 aliqui
1027 3521 1145 3574 tamen
1159 3511 1374 3575 monasteria
1394 3512 1560 3595 spoliant,

278 3619 387 3702 aliqui
412 3618 654 3683 ordinationes
685 3617 944 3682 haereticorum
972 3618 1008 3680 in
1041 3617 1170 3680 divinis
1202 3617 1329 3682 officiis
1359 3629 1560 3701 acceptant,

279 3728 472 3791 monachos
497 3748 516 3791 e
540 3726 763 3790 monasteriis
786 3726 934 3807 pellunt,
966 3726 1210 3789 sacerdotibus
1244 3748 1375 3790 uxores
1398 3728 1434 3789 in
1468 3726 1560 3789 facie

279 3835 462 3898 Ecclesiae
494 3834 703 3916 permittunt
736 3834 884 3912 ducere,
930 3832 1038 3914 aliqui
1072 3833 1223 3897 subditis
1246 3835 1483 3916 permiserunt
1515 3855 1561 3897 ne

280 3940 449 4023 deinceps
473 3940 627 4003 minores
651 3940 806 4003 decimas
831 3950 865 4002 et
890 3941 1097 4022 personales
1123 3942 1208 4003 dare
1237 3952 1411 4022 cogantur
1443 3952 1479 4004 et
1510 3951 1560 4004 ta·

280 4069 360 4111 men
386 4049 430 4110 de
454 4046 526 4110 suis
550 4046 718 4110 oneribus
742 4047 827 4110 nihil
851 4046 1049 4120 remittunt;
1074 4048 1171 4110 nulla
1186 4048 1389 4111 reverentia
1411 4047 1561 4111 fitclero

281 4154 460 4238 episcopis
485 4165 519 4217 et
542 4154 712 4236 potestati
736 4154 901 4225 clavium;
926 4154 962 4216 in
987 4154 1091 4216 curiis
1126 4153 1325 4236 principum
1356 4176 1421 4218 nec
1453 4156 1560 4219 norni-

280 4282 366 4326 nare
396 4260 473 4343 quis
511 4261 642 4323 audeat
682 4260 1095 4334 excommunicationem
1130 4263 1248 4324 nullae
1286 4260 1375 4325 fiunt
1409 4262 1562 4345 amplius

281 4368 480 4432 oblationes
523 4368 568 4430 ad
611 4368 739 4441 altare;
778 4367 1026 4449 praecationes
1062 4387 1128 4449 pro
1161 4368 1308 4430 mortuis
1344 4368 1560 4442 rarissimae;

281 4476 428 4540 mortuis
459 4475 724 4558 praebendatis,
748 4476 783 4538 in
815 4475 933 4538 multis
964 4474 1106 4557 oppidis
1133 4473 1344 4537 beneficium
1377 4496 1448 4538 non
1479 4496 1561 4538 con·

281 4581 400 4645 ferunt
441 4582 544 4645 alteri
574 4584 637 4645 sed
672 4582 903 4664 extinguunt,
939 4591 974 4645 et
1009 4583 1102 4663 quod
1140 4590 1194 4644 est
1218 4582 1420 4646 horribilius
1449 4583 1565 4645 maior

280 4709 365 4771 pars
388 4689 567 4752 hominum
603 4689 639 4752 in
676 4689 858 4772 Augusta,
889 4688 1109 4771 Argentina‚
1141 4688 1284 4769 'turego
1313 4698 1349 4751 et
1380 4689 1458 4751 aliis
1489 4709 1563 4752 non

282 4798 432 4860 credunt
454 4817 577 4860 verum
602 4795 738 4878 Corpus
763 4795 892 4860 Christi
916 4816 995 4858 esse
1016 4797 1082 4858 sub
1107 4793 1336 4857 Sacramento
1361 4797 1425 4858 sed
1448 4798 1565 4860 solum

282 4924 411 4985 panem
435 4914 471 4965 et
493 4904 623 4968 vinum.
675 4902 730 4966 Illi
758 4903 827 4966 iam
855 4902 942 4964 nihil
973 4914 1097 4965 curant
1128 4903 1173 4964 de
1204 4901 1398 4965 mutatione
1428 4902 1564 4967 Missae
