3559 5734
696 548 926 604 Φ-ῧἹόΞῊ

168 692 309 756 fratello
334 694 404 756 non
431 693 450 756 e
474 693 593 756 niente
617 704 785 758 contento
811 695 846 757 di
870 696 1000 773 Roma,
1030 692 1183 758 dicendo
1207 691 1362 774 publice,
1386 691 1452 753 che

168 802 243 864 suoi
273 801 407 865 fratelli
437 802 557 864 hanno
588 823 694 884 perso
721 805 753 866 el
777 804 854 866 loro
879 810 999 883 tempo
1024 821 1045 863 a
1069 800 1199 878 Roma,
1224 809 1260 861 et
1284 797 1379 861 mille
1403 796 1450 859 vi·

168 906 297 971 lissime
322 928 477 990 persone
499 910 619 972 hanno
644 911 677 974 le
701 910 836 993 legioni
860 909 896 973 di
919 907 1146 990 prepositure
1164 916 1200 970 et
1215 904 1393 983 beneficii,
1417 913 1452 967 et

167 1026 337 1096 quantum
361 1015 523 1096 intelligo
547 1036 592 1079 ne
615 1015 653 1079 fa
677 1025 775 1079 tanto
801 1016 930 1097 cridor‚
955 1017 1022 1079 che
1046 1016 1155 1076 molto
1180 1012 1212 1074 ci
1226 1013 1273 1074 ha
1290 1010 1451 1074 nociuto:

167 1123 259 1186 Perb
276 1131 371 1186 sotto
387 1120 581 1186 correttion
603 1124 779 1205 perlando
804 1126 874 1186 ben
898 1124 1051 1185 sarebbe
1076 1122 1176 1184 levat
1191 1119 1289 1182 dette
1306 1138 1451 1181 reserve

166 1230 232 1291 che
255 1228 452 1292 intriccano
478 1229 566 1292 certi
588 1228 810 1309 beneficioti,
843 1240 878 1293 et
901 1229 1011 1291 fanno
1036 1227 1091 1290 far
1116 1228 1265 1290 tumulto
1290 1225 1374 1289 delli
1399 1246 1452 1287 or·

166 1335 293 1398 dinarii
310 1357 416 1400 senza
435 1336 519 1399 utile
536 1335 573 1398 di
589 1337 677 1399 detti
695 1336 884 1411 Marchesi,
904 1335 949 1398 Et
964 1335 1106 1418 quando
1123 1354 1213 1398 vaca
1229 1335 1358 1397 alcuna
1374 1352 1452 1413 pre·

165 1444 323 1525 positura
342 1444 592 1525 d'Alemagna,
609 1446 643 1507 le
660 1443 756 1525 quali
772 1445 880 1525 pleno
893 1446 971 1526 jure
989 1452 1152 1526 spectant
1164 1443 1209 1504 ad
1228 1440 1452 1504 collationem

166 1550 351 1614 Pontificis
361 1599 370 1632 ,
393 1548 467 1614 Sua
484 1548 623 1613 Santita
644 1552 820 1632 potrebbe
839 1553 910 1614 ben
932 1550 1121 1614 conferirle
1137 1571 1158 1612 a
1174 1548 1262 1612 detti
1274 1548 1452 1611 Marchesi

164 1661 307 1722 avendo
331 1680 400 1721 una
424 1657 505 1721 lista
529 1678 702 1740 appresso
727 1658 763 1721 di
787 1658 835 1738 se,
860 1667 897 1721 et
917 1658 975 1720 del
993 1656 1125 1738 Signor
1145 1654 1284 1719 datario
1301 1655 1337 1718 di
1354 1657 1452 1718 dette

164 1766 408 1848 prepositure,
440 1766 469 1828 si
494 1785 593 1828 come
617 1765 763 1827 intendo
788 1766 853 1828 che
879 1764 929 1828 fe:
963 1786 1017 1828 re:
1042 1786 1138 1847 papa
1161 1765 1255 1844 Julio
1279 1763 1391 1827 facea.

255 1870 536 1955 Saltaburgense
561 1882 643 1937 ante
668 1872 785 1936 omnia
809 1875 856 1936 ba
879 1893 924 1935 ne
949 1872 1146 1936 dichiarato
1171 1874 1252 1936 chel
1266 1893 1330 1934 suo
1346 1892 1452 1953 parer

164 2001 236 2043 non
262 1980 282 2043 e
306 1983 372 2043 che
396 1980 551 2044 Martino
576 1980 727 2060 venisse,
760 2000 817 2042 ma
841 1982 907 2043 che
932 1979 1012 2043 tutti
1036 1980 1060 2042 li
1085 1978 1243 2060 Principi
1268 1988 1304 2042 et
1327 1978 1451 2060 populi

164 2089 200 2150 lo
217 2087 416 2168 chiaman0,
442 2087 525 2151 nee
547 2086 719 2170 possibile
745 2089 956 2149 altramente
979 2085 1036 2148 far
1059 2105 1143 2148 cosa
1167 2088 1290 2148 buona
1327 2094 1362 2148 et
1386 2088 1451 2148 che

165 2196 235 2257 ben
268 2196 373 2257 volea
403 2214 531 2277 sapere
565 2196 598 2257 61
630 2195 732 2257 voler
759 2202 892 2256 nostro
940 2192 1008 2256 Noi
1032 2194 1350 2274 respondessemo,
1385 2194 1451 2256 che

163 2322 235 2364 non
251 2311 418 2384 poteamo
435 2302 479 2366 ne
503 2303 676 2365 deveamo
700 2308 904 2382 permetter,
930 2308 1098 2381 quantum
1123 2300 1159 2362 in
1185 2299 1287 2363 nobis
1305 2312 1368 2382 est,
1385 2302 1452 2365 ebe

164 2429 204 2471 se
228 2408 430 2492 disputasse
455 2410 684 2487 auscultasse,
710 2427 731 2470 o
754 2407 996 2489 interrogasse
1020 2406 1056 2469 in
1081 2426 1166 2469 cosa
1190 2408 1283 2471 dove
1305 2407 1451 2490 antiqua

164 2516 317 2580 concilia
341 2525 377 2578 et
401 2514 533 2578 Nostro
558 2512 712 2598 Signore
736 2514 899 2578 medemo
924 2515 1078 2576 tulerant
1110 2515 1339 2588 sententiam;
1374 2535 1450 2597 pre-

164 2631 265 2686 terea
295 2622 320 2685 li
352 2623 513 2686 diceamo
544 2622 567 2684 il
592 2624 781 2699 scandam,
815 2623 881 2685 ebe
905 2624 1083 2704 potrebbe
1108 2624 1259 2686 accader
1282 2622 1367 2686 nelli
1390 2644 1449 2705 po-

164 2730 238 2812 puli
261 2751 328 2812 per
352 2733 386 2792 la
409 2738 542 2793 venuta
566 2727 601 2790 di
625 2729 797 2807 Martin0,
830 2739 866 2793 et
889 2732 998 2793 molte
1021 2729 1175 2810 ragioni,
1208 2732 1273 2794 che
1298 2733 1450 2794 sarebbe

165 2839 274 2921 longo
300 2859 321 2899 a
344 2837 510 2920 ripetter;
541 2858 598 2900 ma
629 2838 695 2900 che
728 2839 760 2899 el
785 2836 896 2900 dever
921 2837 956 2899 di
981 2836 1089 2900 Cesar
1114 2839 1283 2917 sarebbe,
1309 2858 1354 2901 ex
1379 2857 1449 2919 quo

165 2945 262 3008 videt
295 2966 317 3006 a
340 2943 515 3008 Pontifice
548 2947 672 3008 harum
700 2964 816 3007 rerum
840 2943 967 3022 Judice
991 2945 1067 3007 solo
1092 2954 1128 3007 et
1151 2964 1238 3007 vero
1263 2946 1449 3007 damnatos

164 3051 275 3115 libros
299 3052 455 3132 Martini,
488 3061 524 3115 et
548 3053 613 3115 che
637 3072 676 3114 re
701 3071 787 3113 vera
810 3050 892 3113 tutti
917 3051 1046 3115 dicono
1072 3071 1169 3114 esser
1194 3050 1348 3133 pessimi,
1383 3054 1448 3114 che

164 3157 188 3220 li
211 3158 352 3222 facesse
375 3159 539 3240 publicar
562 3180 627 3241 per
651 3158 818 3239 damnati,
852 3168 888 3220 et
911 3157 1109 3240 prohibirli,
1135 3167 1169 3221 et
1195 3157 1447 3240 exterminarli,

165 3277 201 3327 et
229 3266 275 3328 de
300 3264 455 3328 Martino
488 3265 627 3329 facesse
660 3264 760 3328 iuxta
791 3265 941 3328 formam
969 3265 1074 3347 juris,
1110 3275 1145 3327 et
1176 3284 1214 3328 se
1239 3274 1391 3329 temesse
1416 3268 1449 3329 el

165 3373 317 3454 popule,
348 3380 508 3435 trovasse
533 3374 566 3435 el
590 3371 715 3436 melior
739 3369 975 3459 meggio[che
1000 3393 1021 3434 a
1044 3373 1092 3435 lui
1118 3392 1282 3455 parasse,
1314 3374 1447 3456 porche

165 3498 235 3542 non
259 3480 455 3561 derogasse
478 3480 499 3542 l’
519 3480 670 3543 autorita
694 3482 752 3544 del
778 3478 860 3561 8¹³⁰,
892 3481 936 3543 ne
961 3483 1026 3544 che
1050 3484 1237 3562 pensando
1262 3480 1318 3543 far
1341 3483 1446 3560 bene,

166 3585 303 3649 facesse
326 3586 386 3668 piu
411 3606 501 3669 gran
526 3586 706 3669 scandalo,
732 3586 761 3650 si
785 3588 851 3650 che
875 3588 986 3651 siamo
1010 3588 1091 3650 tutti
1116 3587 1231 3669 questi
1255 3586 1301 3650 Di
1325 3587 1359 3650 in
1384 3589 1447 3650 tali

166 3692 364 3773 labirinthi,
388 3694 455 3757 che
480 3693 603 3756 invero
628 3714 699 3757 non
723 3694 908 3776 sappiamo
933 3697 1027 3757 dove
1052 3715 1096 3757 ne
1120 3696 1286 3777 volgere,
1314 3695 1446 3777 perche

166 3819 204 3862 se
221 3799 377 3862 Martino
401 3820 493 3863 vene
518 3819 606 3881 gran
631 3800 790 3882 periculo
815 3801 835 3864 e
859 3801 895 3863 di
920 3804 987 3864 mal
1013 3810 1049 3863 et
1072 3801 1217 3883 peggio.
1255 3801 1301 3864 Et
1324 3822 1362 3865 se
1387 3802 1446 3866 noi

165 3904 314 3968 instamo
347 3907 425 3969 chel
458 3927 528 3969 non
561 3907 695 3988 venghi
726 3916 761 3970 et
793 3908 858 3970 che
888 3917 1056 3989 questoro
1081 3929 1147 3990 per
1170 3911 1219 3971 tal
1245 3929 1351 3971 causa
1376 3930 1446 3973 non

165 4009 302 4075 faccino
315 4014 350 4075 lo
367 4013 433 4076 che
449 4014 587 4077 deveno
604 4016 820 4077 buttaranno
835 4035 976 4096 sempre
991 4015 1025 4077 in
1040 4015 1153 4097 ochio,
1180 4018 1245 4078 che
1261 4036 1326 4098 per
1342 4019 1446 4098 colpa

166 4127 285 4182 nostra
308 4139 382 4182 non
405 4119 434 4182 si
457 4122 504 4182 ha
527 4121 617 4183 fatto
640 4119 711 4184 fine
736 4142 757 4184 a
781 4124 829 4183 tal
855 4142 952 4184 cosa:
979 4132 1014 4185 et
1037 4143 1058 4185 a
1073 4122 1192 4185 Roma
1216 4143 1287 4185 non
1305 4144 1343 4186 se
1359 4143 1443 4206 pon·

167 4225 297 4289 derano
330 4227 363 4289 le
394 4246 476 4289 cose
507 4226 543 4289 in
576 4228 611 4291 la
639 4226 736 4291 fedel
768 4229 953 4311 diligentia
985 4230 1019 4292 di
1050 4232 1107 4292 chi
1138 4250 1176 4293 se
1208 4233 1385 4294 mandano
1409 4230 1444 4294 in

167 4332 421 4411 commissione,
447 4353 503 4395 ma
520 4335 632 4397 solum
649 4335 684 4397 in
702 4346 832 4399 eventu
857 4357 984 4401 rerum.
1023 4337 1062 4399 In
1079 4346 1204 4417 queste
1222 4337 1444 4402 altercationi

167 4450 200 4500 et
222 4439 405 4502 anxietadi
428 4440 539 4502 siamo
563 4442 644 4505 tutti
669 4441 783 4523 questi
807 4443 935 4524 giorni,
960 4455 995 4506 et
1010 4443 1238 4507 lamentatoci
1261 4464 1328 4508 con
1344 4445 1443 4508 Chie·

164 4564 244 4608 vres
274 4556 311 4609 et
335 4548 368 4608 61
397 4547 598 4611 cancellieri
632 4559 667 4611 et
690 4549 781 4628 altri,
806 4552 872 4613 che
896 4553 966 4614 ben
991 4552 1015 4614 li
1044 4551 1203 4615 dieeamo
1229 4554 1295 4616 che
1319 4573 1389 4616 non
1415 4553 1444 4615 si

166 4671 383 4736 proponesse
406 4655 456 4716 tal
481 4674 564 4717 cosa
594 4656 654 4719 alli
679 4657 860 4736 Alemani,
893 4669 929 4721 et
951 4661 1028 4721 loro
1054 4658 1182 4721 dicono
1206 4661 1273 4723 che
1296 4659 1321 4723 li
1345 4659 1440 4723 Prin·

167 4758 233 4840 cipi
267 4762 430 4823 haveano
467 4760 525 4843 gia
561 4761 652 4825 fatto
685 4765 944 4846 protestatione
979 4787 1000 4829 a
1030 4764 1139 4828 Cesar
1174 4766 1209 4829 di
1241 4787 1312 4830 non
1343 4770 1444 4831 voler

166 4868 287 4930 ubedir
308 4888 330 4929 a
354 4870 404 4930 tal
435 4868 599 4931 mandato
617 4891 655 4933 se
680 4871 709 4932 si
732 4869 829 4933 fusse
853 4872 1162 4954 fatt'altramente,
1188 4874 1262 4937 Imo
1295 4876 1327 4938 el
1361 4895 1442 4939 con·
