3559 5734
808 470 1072 527 ΗΒΧῙῙΙΕ»0

304 611 555 693 addictissima,
579 614 796 696 praesidium
828 636 900 679 non
935 618 1112 680 modicum
1145 618 1288 683 criticae
1323 621 1390 683 arti
1425 620 1596 689 afferunt:

304 740 384 785 nam
408 721 559 784 saeculis
583 722 789 804 praeteritis
812 723 1037 786 turbationes
1062 736 1099 787 et
1122 728 1317 789 animorum
1345 737 1460 790 motus
1488 731 1597 810 plura

303 829 556 907 obscurarunt,
582 828 732 892 iniustas
756 829 965 908 sententias,
990 842 1025 894 et
1049 832 1165 894 minus
1188 853 1321 914 aequas
1345 835 1595 897 conclusiones

303 933 338 996 in
364 937 491 1018 vulgus
523 936 812 1008 disseminarunt;
849 936 1105 1000 dissidentibus
1139 938 1230 1000 enim
1262 940 1445 1004 honestius
1477 942 1593 1004 visum

303 1054 530 1106 monumenta
546 1043 715 1117 historica
737 1043 906 1123 ignorare
937 1064 1000 1107 seu
1025 1066 1252 1127 corrumpere
1276 1067 1379 1128 quam
1404 1047 1594 1110 veritatem

302 1148 462 1211 confiteri
492 1170 640 1232 eamque
664 1170 843 1233 generoso
871 1151 989 1213 animo
1011 1153 1223 1234 amplexari:
1258 1163 1293 1216 et
1316 1156 1460 1216 saeculo
1487 1154 1593 1217 XVI.

303 1257 385 1319 dum
408 1257 588 1320 hominum
614 1258 829 1340 cupiditates
853 1260 1086 1322 vehementer
1120 1261 1417 1338 accenderentur,
1450 1260 1593 1322 sinceri·

304 1363 367 1425 tati
391 1383 517 1444 parurn
542 1364 705 1446 obsequii
728 1363 888 1427 habitum
914 1364 991 1428 fuit.

391 1470 495 1551 Quod
521 1472 663 1554 quidem
688 1472 822 1554 liquido
848 1482 1001 1555 apparet
1025 1472 1130 1534 etiam
1154 1471 1190 1534 in
1223 1472 1312 1533 actis
1342 1473 1459 1535 dietae
1488 1473 1592 1536 Wor·

302 1578 490 1640 maciensis
514 1578 572 1641 ubi
598 1580 717 1662 agitur
742 1580 786 1640 de
811 1579 960 1641 Lutheri
986 1578 1170 1647 examine3
1195 1578 1255 1639 ille
1280 1578 1371 1640 enim
1396 1579 1489 1642 illius
1507 1602 1592 1644 exa·

302 1684 404 1747 minis
434 1685 644 1747 relationem
680 1685 837 1747 mutilam
877 1685 991 1747 edidit
1029 1706 1098 1765 qua
1130 1684 1300 1766 populum
1334 1686 1592 1768 aliquantulum

302 1792 515 1865 concitavit;
541 1812 622 1854 nam
647 1812 754 1874 quum
777 1791 927 1874 propria
956 1794 1070 1853 verba
1101 1792 1240 1871 integre
1276 1792 1440 1873 referret,
1478 1797 1593 1856 verba

301 1900 533 1962 Treverensis
557 1898 722 1962 officialis
746 1899 890 1962 omnino
916 1898 1106 1970 conticuit;
1132 1898 1181 1960 sic
1207 1897 1299 1960 enim
1323 1900 1517 1962 lectoribus
1540 1902 1592 1963 in-

302 2008 509 2070 sinuabatur
533 2027 647 2069 vacua
672 2008 729 2068 vel
762 2008 861 2068 nulla
897 2005 1040 2068 omnino
1065 2005 1322 2066 Treverensem
1358 2008 1593 2087 respondisse

302 2115 400 2196 quasi
414 2113 575 2176 veritatis
589 2115 851 2196 quodammodo
865 2112 1058 2195 splendore
1083 2113 1338 2173 obcoecaretur
1354 2121 1390 2173 et
1405 2112 1590 2194 inspiratis

301 2222 444 2284 Lutheri
479 2222 598 2284 verbis
622 2230 722 2284 tanta
750 2220 804 2282 vis
834 2219 969 2282 inesset
1001 2228 1039 2280 ut
1074 2220 1319 2280 obmutescere
1355 2219 1590 2282 adversarius

300 2342 499 2411 cogeretur.
548 2328 626 2409 Qua
659 2329 705 2390 de
740 2348 848 2389 causa
883 2327 1067 2387 Aleander
1096 2324 1131 2385 in
1163 2322 1234 2386 suis
1259 2324 1384 2386 litteris
1409 2326 1502 2387 datis
1528 2328 1589 2389 die

299 2436 561 2517 decimaquinta
596 2434 682 2497 Maii
719 2434 917 2496 scribebat:
962 2452 1056 2509 ,sum
1094 2451 1186 2492 nunc
1224 2430 1516 2511 occupatissimus
1552 2434 1588 2496 in

299 2543 511 2625 colligendis
536 2543 624 2604 actis
649 2541 749 2604 istius
764 2539 1036 2602 haeresiarchae
1061 2537 1207 2618 eiusque
1232 2537 1417 2609 examinis;
1443 2551 1590 2620 oportet

299 2652 390 2712 enim
416 2651 513 2731 ipsos
537 2671 613 2712 cum
640 2647 846 2711 authentica
870 2655 955 2707 nota
981 2643 1109 2706 notarii
1134 2643 1344 2723 imprimere,
1371 2644 1453 2724 quia
1475 2667 1587 2728 popu-

299 2759 352 2819 lus
388 2758 606 2838 aliquantum
638 2756 836 2817 eoncitatur
865 2755 912 2812 ob
942 2761 1023 2813 acta
1059 2770 1150 2831 quae
1179 2749 1352 2810 Martinus
1383 2770 1446 2812 suo
1480 2757 1589 2815 modo
1682 2802 1685 2811 r

299 2865 449 2946 scripsit,
471 2862 687 2925 treverensis
711 2859 875 2923 officialis
901 2856 1192 2938 responsionibus
1216 2856 1358 2917 omnino
1383 2858 1587 2940 omissisl)“.

387 2970 462 3031 Nec
488 2972 630 3031 ‹urinino
654 2967 778 3030 inutile
803 2977 857 3027 est
882 2963 978 3025 aliud
1003 2972 1127 3024 contra
1152 2961 1340 3041 episcopos
1362 2966 1587 3029 mendacium

299 3078 490 3153 defflere,
522 3080 568 3138 ab
593 3077 739 3138 Erasmo
765 3074 954 3154 prolatum,
987 3069 1046 3151 qui
1072 3068 1227 3129 Luthero
1252 3067 1443 3147 scripserat
1467 3073 1586 3138 eidem

298 3183 532 3245 favorabilem
556 3183 793 3246 leodiensem
818 3199 908 3254 esse,
935 3196 1039 3258 quum
1066 3195 1241 3254 nunquam
1271 3176 1376 3237 talem
1403 3182 1586 3259 supradic.

300 3302 371 3353 tum
397 3292 602 3373 episcopum
627 3311 665 3350 se
689 3286 913 3370 praebuerit,
950 3284 1019 3345 imo
1045 3282 1077 3343 in
1105 3284 1211 3342 rebus
1235 3280 1417 3358 religionis
1442 3306 1588 3369 semper

298 3409 575 3477 constanterque
622 3393 806 3457 catholicis
847 3390 1050 3453 omnimode
1095 3387 1266 3465 faveriti‘).
1324 3390 1427 3467 Quod
1464 3402 1585 3458 tamen

298 3504 517 3566 mendacium
544 3502 628 3564 nihil
655 3521 801 3583 prorsus
827 3493 1104 3559 extraordinarii
1130 3492 1343 3573 praesefert,
1369 3495 1396 3555 si
1422 3499 1585 3562 conside·

297 3621 394 3673 retur
428 3611 611 3672 Erasmum
643 3617 696 3669 tot
726 3605 874 3682 litteris,
911 3612 964 3664 tot
994 3599 1232 3677 sermonibus,
1265 3603 1586 3680 protestationibus

297 3717 489 3780 innumeris
512 3734 653 3796 semper
674 3735 712 3775 se
730 3710 907 3775 Romanis
926 3706 1157 3770 Pontificibus
1172 3702 1448 3769 addictissimum
1466 3723 1585 3775 osten-

296 3826 449 3902 dentem,
470 3842 597 3884 revera
612 3842 689 3884 cum
705 3821 861 3882 Luthero
876 3813 1104 3897 aliquamdiu,
1123 3832 1201 3874 cum
1215 3811 1375 3873 hostibus
1392 3813 1585 3882 Romanae

296 3929 478 3993 Ecclesiae
503 3928 579 3991 fere
611 3947 769 4007 semper,
796 3925 1021 3987 coniunctum
1053 3927 1191 3981 secreto
1229 3916 1347 3981 fuisse.
1409 3919 1514 3999 Quod
1548 3939 1585 3989 et

297 4057 342 4100 ex
369 4036 496 4100 litteris
522 4033 695 4097 Aleandri
720 4043 755 4095 et
780 4053 825 4094 ex
851 4027 1085 4091 relationibus
1109 4024 1211 4085 Eckii
1229 4043 1297 4085 non
1324 4024 1468 4087 difficile
1493 4033 1584 4094 erui.

296 4155 362 4222 tur,
387 4154 422 4205 et
447 4163 493 4203 ex
518 4161 693 4204 consensu
726 4139 884 4221 ipsorum
914 4132 1169 4196 catholicorum
1194 4128 1407 4192 Germaniae
1432 4133 1583 4215 diligen.

297 4251 393 4332 tique
418 4249 628 4330 scriptorum
660 4246 771 4328 ipsius
802 4243 957 4306 lectione
981 4242 1163 4322 probatur.
1212 4237 1284 4298 Sed
1316 4237 1459 4299 omnino
1488 4246 1583 4320 peri.

296 4360 454 4421 culosum
479 4366 556 4418 erat
579 4354 693 4434 ipsum
719 4362 844 4434 aperte
869 4366 1056 4417 accusare:
1089 4343 1230 4426 plurimi
1263 4342 1383 4418 amici,
1418 4352 1582 4414 nonnulli

296 4465 471 4531 fautores,
501 4460 717 4543 amplissima
741 4459 836 4539 apud
864 4456 993 4517 multos
1017 4449 1209 4513 auctoritas
1249 4447 1298 4509 ita
1322 4460 1359 4510 ut
1389 4454 1494 4529 pauci
1521 4460 1582 4520 ad.

296 4571 437 4632 modum
462 4568 495 4631 ei
519 4569 553 4630 in
579 4567 706 4630 faciem
731 4576 856 4646 aperte
880 4560 1048 4623 resistere
1073 4558 1249 4633 valerent,
1281 4566 1378 4617 tanta
1409 4562 1582 4623 orthodo-

297 4696 421 4738 xorum
439 4674 575 4737 animos
590 4673 626 4736 vi
643 4674 861 4736 exercebant
876 4678 918 4730 ut
934 4664 1082 4749 quisque
1096 4661 1276 4724 ardentior
1294 4661 1352 4721 vix
1372 4666 1439 4724 sub
1464 4687 1582 4731 secra.

299 4796 306 4801 μ
369 4824 389 4900 ¹)
409 4827 546 4877 Aleauder
560 4826 700 4877 Vicecanc.
717 4835 756 4888 15.
771 4823 834 4872 Maii
854 4831 929 4883 1521.
969 4813 989 4880 ²)
1013 4815 1080 4864 ibid.
1100 4813 1158 4861 doc.
1179 4812 1221 4873 89.
1240 4827 1300 4879 pag.
1320 4823 1379 4887 ²²7·
