3559 5734
821 565 1068 622 aaaron&

303 721 485 793 posterum
509 713 623 776 securi
649 734 806 776 essemus
831 723 866 775 et
890 733 960 775 non
987 712 1090 775 nobis
1115 710 1293 774 accideret
1318 712 1412 792 quod
1440 711 1588 792 Aegyp·

303 819 361 881 tiis
385 829 423 881 ut
447 821 542 900 quod
566 821 704 901 grando
729 819 922 902 reliquerit,
947 824 1083 882 locusta
1107 820 1271 890 devoret;
1297 840 1378 881 nam
1402 820 1467 880 etsi
1493 818 1586 899 prin·

304 926 422 1008 cipum
446 925 613 1008 auspiciis
631 926 788 989 haeresis
805 926 951 989 Lutheri
970 926 1159 987 Bavariam
1177 946 1245 987 non
1263 925 1436 1000 infecerit,
1460 924 1590 988 mirum

304 1041 421 1096 tamen
446 1033 624 1115 quomodo
648 1032 682 1095 in
706 1033 760 1095 his
785 1054 876 1115 quae
901 1032 1081 1114 pertinent
1109 1032 1154 1093 ad
1185 1034 1316 1095 clerum
1341 1033 1428 1094 mire
1452 1031 1591 1111 frigent

303 1140 422 1204 nostri.
470 1139 632 1203 Ecclesia
656 1160 746 1222 quae
771 1141 869 1221 prius
892 1141 1003 1202 valuit
1027 1160 1067 1201 cc
1090 1137 1165 1201 flor.
1198 1138 1266 1201 iam
1291 1139 1352 1201 vix
1376 1140 1473 1201 valet
1497 1160 1526 1200 e.
1554 1147 1592 1199 et

304 1268 445 1329 semper
469 1247 662 1310 timendum
687 1269 731 1309 ne
757 1247 943 1329 Principes
978 1246 1087 1309 nostri
1118 1249 1164 1308 ab
1196 1246 1273 1308 aliis
1305 1247 1522 1308 seducantur
1551 1255 1592 1306 ut

304 1354 410 1418 etiam
435 1354 647 1435 extinguant
670 1355 825 1417 minores
850 1354 1016 1416 decimas
1063 1353 1247 1415 Hactenus
1275 1352 1361 1415 nihil
1385 1356 1483 1433 passi
1508 1362 1594 1414 sunt

303 1461 496 1541 immutari,
527 1461 682 1524 clinodia
715 1482 758 1523 ex
792 1461 1015 1523 monasteriis
1040 1472 1074 1522 et
1098 1458 1349 1522 infirmioribus
1373 1460 1516 1542 oppidis
1542 1461 1592 1520 ad

305 1568 436 1631 tutiora
459 1570 539 1631 loca
563 1577 732 1631 curarunt
765 1567 907 1649 deponi.
962 1569 1125 1630 ‘labesco
1154 1576 1273 1629 tamen
1305 1568 1349 1628 de
1381 1565 1593 1629 modicitate

303 1675 386 1738 fidei
409 1675 446 1738 in
471 1675 601 1738 nostris
626 1684 661 1738 et
685 1675 868 1755 impietate
893 1674 1074 1737 haeretica
1097 1674 1133 1736 in
1157 1673 1387 1746 adversarum
1419 1674 1593 1736 secedam

304 1802 373 1865 ego
396 1782 469 1845 iam
497 1784 765 1864 (tempusculum
790 1781 1035 1860 suffuraturus)
1060 1782 1105 1842 ad
1131 1778 1335 1843 inferiorem
1360 1778 1593 1843 Germaniam

303 1898 339 1953 et
363 1889 552 1972 Angliam;
577 1888 708 1952 videbo
733 1909 778 1951 an
803 1888 849 1950 sit
873 1890 964 1950 ullus
995 1890 1095 1950 locus
1118 1887 1366 1969 tranquillitati
1390 1888 1593 1950 studiorum

302 2008 519 2077 competens²
545 2004 581 2058 et
604 1995 633 2058 si
659 1995 742 2078 quid
768 1997 1006 2076 exploravero
1032 1995 1067 2059 S.
1085 1995 1126 2059 T.
1150 1995 1403 2058 humillissimis
1419 1996 1594 2076 precibus

300 2105 453 2185 pulsabo
477 2114 516 2165 ut
539 2123 594 2165 me
620 2103 780 2176 adiuvet;
806 2123 883 2165 cum
909 2114 981 2164 tam
1005 2102 1162 2163 liberalis
1187 2102 1232 2164 sit
1257 2103 1339 2166 Sed.
1366 2103 1434 2184 Ap.
1472 2104 1506 2164 in
1534 2125 1591 2166 ec-

302 2211 418 2273 clesiis
453 2218 489 2272 et
519 2209 754 2291 dignitatibus
789 2208 1017 2272 conferendis
1057 2209 1162 2271 etiam
1199 2209 1391 2290 aliquando
1424 2210 1593 2294 ingrati5‚

303 2337 365 2380 cur
396 2318 625 2398 desperarem
663 2337 739 2379 eam
775 2316 930 2379 futuram
966 2315 1148 2378 liberalem
1183 2315 1218 2378 in
1253 2316 1402 2379 Eckium
1436 2319 1495 2399 qui
1536 2331 1596 2380 tot

301 2422 462 2505 pericula
485 2422 608 2502 subiit,
642 2434 695 2485 tot
726 2424 869 2488 labores
898 2422 1045 2504 pertulit
1076 2442 1142 2503 pro
1171 2421 1241 2485 fide
1273 2425 1491 2496 orthodoxa,
1521 2446 1593 2506 pro

302 2530 437 2592 honore
462 2526 568 2592 Sedis
593 2531 852 2611 Apostolicae?
906 2531 972 2591 De*
994 2529 1071 2592 aliis
1102 2530 1243 2593 remitto
1268 2551 1324 2594 me
1348 2534 1395 2594 ad
1419 2534 1594 2595 schedam

303 2633 448 2698 affixam
473 2656 577 2718 quam
603 2658 738 2699 summa
762 2636 949 2719 diligentia
974 2657 1038 2718 per
1068 2637 1187 2718 capita
1219 2638 1449 2720 consignavi,
1479 2642 1591 2703 unde-

303 2762 453 2824 cumque
488 2763 534 2805 ex
566 2743 788 2806 cancellariis
821 2754 857 2806 et
889 2764 934 2806 ex
969 2744 1129 2806 exercitu
1168 2744 1416 2810 certitudinem
1452 2748 1594 2811 habere

303 2848 413 2931 potui.
467 2849 645 2930 Dignetur
679 2849 716 2913 S.
741 2851 780 2914 T.
814 2850 983 2914 Pontifex
1013 2851 1108 2913 Max.
1139 2852 1208 2915 imo
1238 2853 1281 2915 D.
1316 2854 1462 2917 Datario
1494 2876 1592 2918 com-

303 2956 442 3020 mittere
467 2968 505 3018 ut
528 2956 692 3039 provisus
709 2978 775 3039 per
801 2979 857 3020 me
881 2957 917 3020 in
942 2957 1060 3021 officio
1085 2958 1321 3040 inquisitionis
1345 2982 1415 3023 non
1440 2961 1590 3044 impedi·

304 3073 384 3126 atur
412 3067 457 3127 ab
486 3063 604 3144 aliquo
635 3063 671 3126 in
711 3065 936 3128 assecutione
969 3068 1200 3146 praebendae
1235 3068 1326 3129 sicut
1357 3068 1594 3132 Eberhardus

305 3170 440 3233 Ferber
472 3181 686 3251 procurator
721 3192 819 3234 meus
849 3171 1002 3252 pleniter
1034 3193 1113 3235 eum
1141 3172 1353 3238 informavit.
1406 3176 1594 3259 Deinceps

305 3287 341 3340 et
363 3278 431 3339 hoc
455 3279 497 3342 D.
524 3278 672 3341 Datario
704 3276 740 3343 S.
773 3279 812 3344 T.
844 3280 1064 3343 committere
1089 3281 1256 3362 dignetur
1279 3295 1317 3343 ut
1341 3303 1459 3345 curam
1483 3297 1594 3365 gerat

305 3384 419 3446 Eckio
448 3384 661 3467 providendi
693 3385 753 3466 qui
787 3395 840 3448 tot
870 3386 1025 3449 millibus
1056 3388 1223 3469 providit.
1277 3389 1314 3451 ln
1346 3410 1479 3453 summa
1514 3412 1590 3454 non

307 3503 361 3555 est
384 3491 467 3554 mihi
493 3513 575 3574 spes
602 3494 734 3555 clerum
759 3514 805 3556 ex
830 3493 970 3574 integro
994 3494 1131 3556 restitui
1159 3496 1204 3557 ad
1227 3495 1412 3576 pristinam
1436 3496 1588 3577 dignita-

306 3610 395 3678 tem,
432 3598 499 3661 nisi
534 3599 690 3661 adventu
730 3599 893 3663 Caesaris
926 3600 1009 3663 licet
1048 3600 1172 3663 Nuncii
1204 3602 1404 3683 Apostolici
1434 3605 1594 3685 plurima

306 3705 445 3787 possint
468 3705 588 3768 facere
612 3707 707 3786 apud
731 3706 841 3789 ligam
866 3717 902 3769 et
925 3707 1105 3789 principes
1136 3707 1226 3771 sicut
1258 3709 1430 3790 proximis
1460 3711 1593 3774 litteris

308 3813 343 3874 S.
376 3813 415 3877 T.
447 3811 652 3894 plenissime
690 3812 982 3892 informaveram‚
1016 3814 1100 3894 quid
1130 3815 1227 3879 facto
1259 3839 1348 3900 opus
1382 3830 1475 3882 esset
1503 3820 1593 3883 licet

307 3917 400 3982 forte
433 3918 653 4000 prudentiori
687 3919 833 3982 consilio
865 3940 957 4000 quae
987 3941 1166 3985 suaseram
1202 3924 1416 3990 omittantur.
1466 3926 1510 3990 D.
1545 3928 1591 3992 Ο.

308 4026 355 4088 Μ.
380 4026 546 4107 dignetur
570 4046 782 4089 conservare
811 4024 848 4091 S.
878 4027 919 4090 T.
945 4037 980 4090 et
1004 4017 1080 4090 eam
1106 4029 1296 4111 aspirando
1320 4034 1529 4115 praeveniat
1554 4047 1594 4098 et

308 4133 509 4195 adiuvando
542 4143 778 4215 prosequatur
818 4136 864 4196 ad
901 4135 1018 4197 omnia
1047 4156 1138 4216 quae
1173 4137 1309 4202 faciunt
1340 4142 1384 4203 ad
1415 4143 1590 4205 honorem

309 4239 459 4302 nominis
483 4239 535 4302 sui
560 4250 595 4303 et
618 4242 803 4304 haeresum
828 4251 864 4303 et
887 4243 1185 4323 blasphemiarum
1211 4247 1496 4328 extirpationem.
1528 4250 1592 4312 Me

308 4346 503 4428 supplicem
528 4349 811 4412 commendatum
834 4351 967 4412 habeat
991 4349 1026 4414 S⁴
1052 4351 1090 4413 T.

397 4452 607 4534 Ingolstadii
631 4454 757 4518 XXV.
783 4454 865 4536 Julii
890 4458 997 4518 Anno
1022 4458 1158 4537 gratiae
1183 4460 1383 4527 MDXXV.

1366 4586 1480 4651 Rekita
