3559 5734
325 681 355 744 si
389 691 498 744 tratta
532 681 591 763 qui
623 692 658 744 et
689 702 755 764 per
787 684 961 745 observar
994 685 1059 745 che
1093 683 1152 745 via
1184 682 1219 745 io
1252 683 1331 747 faro
1365 685 1400 746 al
1432 684 1545 766 partir
1577 685 1611 745 di

326 797 453 870 questa
477 788 583 851 dieta.

415 893 513 959 Gran
544 905 703 975 respetto
735 897 854 958 hanno
887 896 922 958 di
946 898 1123 977 proceder
1146 898 1217 960 alla
1241 906 1390 979 captura
1414 897 1449 959 di
1475 918 1522 959 un
1546 917 1611 959 suo

325 1001 445 1064 nobile
469 1001 584 1083 questi
608 1003 803 1081 Todeschi,
837 1013 1026 1086 praeterea
1049 1003 1097 1067 lui
1122 1016 1177 1067 sta
1201 1006 1310 1068 molto
1336 1006 1389 1067 sul
1419 1005 1529 1085 forte,
1565 1006 1611 1067 ad

324 1111 374 1171 tal
408 1109 473 1171 che
507 1129 578 1172 non
609 1120 753 1190 potemo
787 1131 896 1173 ancor
928 1111 983 1174 far
1016 1110 1146 1174 niente.
1195 1111 1325 1175 Caesar
1359 1111 1501 1174 omnino
1526 1112 1547 1174 l’
1565 1113 1610 1174 ha

324 1217 433 1278 molto
458 1219 517 1279 nel
542 1236 642 1287 naso3
667 1216 703 1279 in
728 1231 855 1299 questa
879 1218 976 1280 dieta
999 1218 1141 1281 vedrasi
1167 1218 1201 1281 in
1227 1218 1312 1302 ogni
1336 1240 1422 1282 cosa
1445 1219 1501 1281 far
1525 1219 1607 1281 l'ul·

324 1322 410 1384 timo
434 1324 479 1385 de
503 1323 666 1403 potentia
691 1333 726 1386 et
750 1324 868 1387 darasi
894 1324 1029 1388 adviso.

413 1428 492 1491 Non
518 1450 691 1492 maneano
715 1430 845 1494 ribaldi
870 1440 906 1492 et
930 1432 973 1516 (si
997 1433 1075 1495 Deo
1100 1433 1231 1513 placet)
1254 1432 1385 1495 inimici
1409 1431 1520 1494 nostri
1551 1453 1608 1495 an·

324 1556 385 1598 cor
410 1536 445 1598 in
470 1545 568 1599 corte
594 1537 629 1598 di
654 1537 788 1619 Roma,
821 1537 846 1599 li
870 1539 966 1619 quali
996 1539 1082 1620 ogni
1107 1559 1191 1602 cosa
1215 1560 1284 1621 qua
1309 1539 1488 1618 scriveno,
1516 1549 1551 1600 et
1576 1539 1611 1600 la

323 1643 427 1705 Bulla
450 1643 488 1706 fu
512 1643 627 1726 prima
650 1644 823 1727 impressa
846 1645 881 1707 in
908 1644 1100 1708 Germania
1125 1642 1191 1708 che
1215 1646 1398 1727 publicata
1420 1645 1456 1707 in
1479 1646 1610 1725 Roma,

323 1750 393 1813 imo
424 1751 469 1813 ne
500 1750 588 1814 costi
623 1751 667 1814 ne
699 1751 759 1833 qui
790 1752 819 1814 si
850 1754 935 1834 puol
959 1752 1014 1815 far
1038 1774 1060 1815 0
1084 1752 1138 1815 dir
1162 1774 1182 1814 0
1208 1753 1342 1816 scriver
1374 1773 1458 1815 cosa
1481 1754 1609 1815 alcuna

324 1858 389 1919 che
414 1878 486 1921 non
511 1858 539 1920 si
564 1859 654 1940 sapii
678 1859 739 1940 piu
761 1860 828 1941 per
852 1860 911 1922 via
936 1860 980 1923 de
998 1861 1117 1922 Roma
1141 1863 1207 1923 che
1232 1861 1277 1922 de
1302 1859 1418 1940 questi
1437 1859 1548 1940 paesi,
1574 1874 1609 1921 et

324 1974 457 2046 quanto
481 1965 510 2027 si
533 1967 619 2047 puol
639 1968 927 2047 ‚comprehender
951 1967 1059 2049 quelli
1084 1970 1149 2029 che
1175 1967 1347 2030 advisano
1378 1976 1546 2049 questoro
1573 1966 1608 2027 di

323 2073 394 2134 tale
425 2091 542 2134 nuove
575 2092 663 2135 sono
696 2074 853 2137 huomini
886 2072 1031 2136 officiali
1062 2074 1097 2136 in
1122 2074 1257 2153 Roma,
1292 2084 1353 2137 aut
1381 2075 1505 2136 saltem
1530 2076 1608 2136 loro

323 2178 499 2241 servitori.
547 2180 581 2240 A
606 2181 672 2242 che
697 2180 837 2243 inscitia
862 2181 881 2244 e
905 2182 1038 2243 ridotto
1063 2180 1088 2244 il
1112 2182 1252 2243 mundo,

413 2286 452 2347 Io
476 2306 547 2348 non
573 2308 678 2369 spero
704 2309 742 2350 se
766 2309 836 2351 non
862 2292 956 2352 bene
981 2287 1017 2350 di
1041 2288 1126 2370 ogni
1150 2309 1250 2368 cosa,
1285 2308 1393 2351 aneor
1418 2290 1483 2350 che
1516 2296 1607 2349 tutto

324 2403 449 2473 questo
465 2395 699 2457 settentrione
723 2395 900 2476 tumultui,
924 2417 981 2458 ma
1005 2398 1168 2475 besogna
1191 2395 1246 2456 far
1270 2395 1294 2457 li
1319 2395 1466 2457 remedii
1488 2395 1555 2457 che
1571 2394 1606 2456 io

324 2500 452 2579 scrivq
477 2510 512 2561 et
536 2503 645 2563 molto
671 2503 705 2563 al
721 2503 907 2584 proposito
924 2503 1077 2566 sarebbe
1095 2502 1230 2564 scriver
1246 2504 1279 2564 al
1295 2501 1434 2563 Nuncio
1450 2503 1517 2563 che
1535 2501 1607 2564 ein

324 2606 458 2687 Anglia
473 2608 539 2669 che
556 2609 599 2670 de
615 2609 637 2668 ll
654 2608 793 2671 facesse
808 2609 1024 2691 provisione,
1041 2608 1184 2690 perche,
1201 2609 1307 2671 etiam
1324 2628 1388 2689 per
1405 2607 1608 2670 testimonio

324 2713 417 2774 della
442 2713 603 2795 Epistola
626 2715 662 2776 di
687 2715 834 2778 Erasmo
858 2717 918 2797 gia
942 2715 1115 2796 impressa
1138 2717 1242 2797 quale
1267 2736 1332 2796 per
1357 2716 1478 2777 avanti
1502 2713 1543 2777 N.
1571 2711 1607 2777 S.

324 2820 424 2884 vide.
456 2840 494 2881 se
519 2820 665 2883 intende
689 2823 756 2884 che
781 2822 878 2884 molti
905 2833 940 2884 et
964 2822 1092 2903 grandi
1116 2822 1152 2884 in
1177 2823 1312 2904 Anglia
1335 2821 1562 2884 favorisceno
1587 2843 1608 2883 a

324 2926 457 2988 Luther
481 2936 517 2988 et
541 2927 656 3008 questi
679 2928 884 3010 impressori
909 2929 945 2991 di
962 2929 1154 2992 Germania
1178 2931 1321 3011 quando
1345 2929 1368 2990 li
1392 2928 1486 2991 facio
1506 2949 1607 2991 occu-

324 3052 434 3113 paro
459 3034 666 3097 abbrusciar
700 3037 816 3116 questi
843 3036 905 3098 tali
931 3035 1028 3116 libri,
1063 3035 1191 3099 dicono
1217 3037 1282 3097 che
1306 3037 1377 3097 ben
1402 3034 1426 3097 li
1451 3035 1606 3117 speccia-

322 3159 435 3201 ranno
459 3161 525 3222 per
541 3142 682 3204 Anvers
706 3142 741 3204 in
758 3142 943 3223 Angliam;
970 3163 1027 3205 ma
1051 3163 1089 3206 se
1114 3164 1158 3205 ne
1183 3144 1373 3225 expedimo
1398 3144 1494 3205 della
1510 3143 1607 3205 dieta

323 3246 406 3323 vivi,
432 3268 542 3329 spero·
557 3250 627 3311 ben
652 3249 814 3311 scurtarli
840 3252 873 3311 el
897 3250 1035 3312 camino
1058 3269 1125 3331 per
1148 3252 1269 3311 buona
1293 3249 1359 3312 via.
1400 3250 1607 3313 l‘uttavolta
1648 3288 1650 3295 ι

323 3353 466 3415 omnino
492 3357 611 3417 buono
636 3355 656 3417 ὸ
679 3356 813 3418 scriver
837 3358 871 3418 al
896 3357 954 3418 Re
978 3356 1100 3436 Anglo
1125 3358 1159 3418 al
1184 3357 1364 3419 cardinale
1388 3365 1424 3418 et
1455 3358 1487 3419 al
1512 3357 1605 3419 Nun·

324 3460 378 3522 cio
404 3470 594 3541 antequam
618 3462 813 3525 invalescat
838 3466 993 3525 morbus

858 3667 1064 3679 mmmm

940 3900 981 3963 13

659 4031 724 4110 Leo
754 4031 796 4112 11
826 4031 947 4111 carolo
975 4032 1014 4113 V.
1043 4033 1265 4133 Imperatori.

780 4179 864 4246 (Arta
881 4178 1018 4237 wormat.
1035 4178 1080 4237 loL
1100 4179 1151 4249 67.)

838 4299 889 4359 (18.
910 4301 972 4363 Jan.
995 4300 1083 4366 1521.)

414 4418 520 4482 Carnu
551 4420 586 4481 in
617 4419 757 4482 Christo
794 4419 867 4484 filio
907 4432 1028 4484 nostro
1061 4424 1189 4486 Carolo
1223 4427 1320 4507 Regi
1352 4427 1536 4490 Catholico
1568 4430 1604 4492 in

324 4528 567 4589 Romanorum
593 4527 812 4607 Imperatore
837 4529 952 4591 electo
978 4529 1051 4592 Leo
1077 4531 1178 4613 Papa
1203 4532 1250 4595 X.
1595 4603 1597 4607 ,

413 4633 503 4695 Ch¹¹¹⁰
526 4635 560 4696 in
586 4633 725 4695 Christo
757 4633 805 4696 fili
840 4648 962 4698 noster
994 4639 1143 4701 salutern
1175 4650 1210 4702 et
1241 4642 1471 4722 apostolicam
1498 4647 1602 4706 bene·

323 4740 523 4803 dictionem.
564 4741 665 4802 Alias
682 4740 891 4805 Celsitudini
908 4755 989 4808 tuae
1005 4766 1070 4827 per
1088 4746 1224 4809 litteras
1242 4756 1277 4810 et
1297 4748 1438 4810 nuntios
1462 4762 1604 4813 nostros

323 4846 598 4927 significavimus
629 4849 725 4928 quod
756 4870 834 4913 cum
865 4854 987 4933 plures
1017 4854 1098 4916 falsi
1130 4876 1171 4917 ac
1203 4855 1372 4918 haeretici
1404 4875 1544 4919 errores
1568 4858 1603 4920 in
