3559 5734
714 469 960 557 eomer&

201 644 288 706 simo
312 646 382 707 alla
406 644 615 708 defensione
640 666 748 728 sopra
772 645 853 708 tutti
878 655 914 708 et
937 655 1143 709 veramente
1159 647 1325 707 mandato
1351 645 1397 707 da
1411 639 1480 707 Dio

201 772 221 813 a
236 749 405 814 benefitio
422 751 621 815 unIversale
645 752 699 815 de’
714 752 907 815 christiani.
956 752 1035 815 Non
1061 753 1096 814 vi
1119 764 1341 833 potressemo
1366 753 1480 833 expri-

200 879 296 921 mere
319 860 344 921 ii
370 868 537 922 contento
562 861 627 923 che
653 859 694 923 N.
728 857 764 923 S.
798 861 845 922 ha
877 859 1029 941 pigliato
1065 858 1210 920 insieme
1240 860 1296 921 col
1327 859 1481 940 collegio

201 975 236 1028 et
258 968 292 1028 ie
317 967 433 1049 gratie
458 976 493 1028 et
516 967 745 1029 beneditione
771 969 836 1030 che
861 967 889 1030 si
914 970 1033 1030 hanno
1066 976 1101 1028 et
1131 965 1350 1028 referiscono
1383 988 1404 1029 a
1439 988 1480 1028 su

112 1125 116 1132 .
201 1071 277 1136 Ces.
302 1073 452 1136 Maesta.
499 1074 618 1135 Furno
646 1073 706 1156 poi
730 1075 816 1136 lette
848 1076 882 1136 le
914 1075 1040 1136 lettere
1074 1073 1215 1136 comuni
1245 1076 1303 1137 dei
1331 1074 1479 1137 Protho-

201 1181 338 1242 notario
366 1191 400 1242 et
423 1190 544 1265 vostre
569 1182 614 1242 de
639 1179 736 1242 XIX
771 1192 807 1243 et
838 1180 989 1243 XXVII
1022 1182 1081 1244 del
1113 1191 1258 1264 passato
1291 1202 1357 1244 con
1389 1203 1478 1264 gran

201 1288 507 1350 commendatione
532 1289 577 1350 de
601 1288 623 1350 l’
638 1309 709 1350 uno
735 1297 770 1348 et
794 1287 815 1350 1’
831 1290 923 1350 aitro
949 1296 983 1349 et
1008 1289 1121 1350 anche
1151 1309 1173 1350 a
1205 1289 1263 1350 voi
1294 1289 1329 1351 in
1355 1301 1480 1372 questa

201 1415 284 1456 cosa
308 1395 337 1456 si
362 1395 479 1457 hanno
503 1415 574 1459 non
598 1396 727 1477 volgar
751 1395 970 1477 gratitudine
995 1405 1030 1457 et
1054 1394 1088 1456 vi
1113 1395 1141 1457 si
1159 1395 1300 1476 impone
1325 1396 1360 1457 di
1386 1417 1479 1460 novo

200 1503 392 1583 regratiate
417 1502 646 1565 humilmente
671 1523 711 1565 su
734 1502 873 1565 Maesta
892 1514 926 1565 et
943 1503 1051 1584 quelli
1068 1501 1202 1582 signori
1228 1523 1327 1565 come
1352 1504 1480 1584 parerat

201 1610 270 1671 alla
286 1609 475 1689 prudentia
492 1619 611 1672 vostro
627 1609 799 1689 meritino,
825 1609 848 1671 li
862 1607 910 1671 δή
932 1608 1072 1671 elettori
1089 1608 1241 1672 maxime
1258 1609 1479 1691 Magontino,

201 1715 345 1778 Treveri
383 1727 418 1778 et
442 1717 745 1798 Brandenburgh‚
782 1718 814 1779 el
843 1715 1140 1778 reverendissimo
1174 1726 1209 1778 et
1242 1719 1479 1780 observantis-

201 1822 287 1883 simo
312 1823 348 1883 di
373 1833 498 1903 questa
528 1823 640 1885 Santa
665 1821 759 1885 Sede
784 1822 1011 1904 Sedunense,
1044 1824 1077 1884 ei
1108 1823 1301 1887 Confessor
1334 1832 1369 1887 et
1400 1825 1479 1887 altri

200 1931 355 1992 secondo
380 1932 457 1992 loro
481 1930 583 2011 gradi
609 1939 643 1992 et
667 1930 782 1994 meriti
814 1930 998 1992 offerendo
1029 1951 1051 1991 a
1083 1930 1162 1992 tutti
1196 1932 1261 1993 che
1292 1930 1327 1992 in
1360 1934 1478 2012 quello

200 2036 229 2097 si
253 2036 355 2117 porra
385 2057 538 2099 saranno
569 2057 710 2120 sempre
742 2037 970 2100 riconosciuti
1004 2038 1050 2099 da
1083 2048 1207 2117 questa
1240 2036 1350 2101 Santa
1383 2039 1478 2102 Sede

200 2154 235 2204 et
259 2145 353 2205 dalla
376 2143 562 2224 benignita
586 2153 622 2206 et
646 2144 833 2207 clementia
858 2144 893 2206 di
918 2144 960 2207 N.
986 2141 1049 2206 Sffl.

289 2251 340 2313 La
364 2252 521 2313 secunda
543 2252 640 2314 bolla
674 2263 798 2314 contra
829 2252 985 2314 Martino
1019 2252 1095 2313 solo
1129 2250 1164 2312 vi
1197 2251 1225 2312 si
1256 2253 1386 2314 mando
1418 2254 1477 2335 gia

199 2356 258 2437 piu
283 2357 415 2439 giorni,
441 2368 476 2420 et
507 2361 633 2421 alcune
666 2358 782 2440 gratie
815 2380 916 2421 come
953 2380 998 2420 un
1031 2363 1142 2421 breve
1175 2380 1240 2441 per
1268 2361 1350 2440 quel
1385 2360 1477 2424 frate

200 2465 425 2546 predicatore
458 2465 534 2528 ord.
560 2465 596 2529 S.
621 2465 798 2528 Dominici
828 2467 894 2528 che
918 2466 1065 2547 predico
1094 2468 1129 2528 in
1153 2466 1353 2546 Magontia;
1390 2468 1424 2529 vi
1449 2469 1478 2530 si

199 2573 301 2654 epoi
326 2573 493 2635 mandato
518 2593 588 2635 una
612 2572 647 2635 di
672 2572 810 2635 cambio
844 2573 878 2635 di
905 2572 998 2636 mille
1023 2574 1142 2636 ducati
1171 2595 1237 2656 per
1269 2576 1354 2636 dare
1383 2574 1477 2636 mille

197 2678 312 2742 fiorini
336 2681 392 2742 ail'
410 2679 581 2753 officiale;
607 2701 645 2742 se
669 2701 691 2742 a
715 2681 796 2742 tutti
820 2682 891 2743 duo
915 2680 974 2743 voi
998 2700 1186 2761 paressero
1214 2690 1362 2763 tropp0,
1395 2682 1477 2743 date

198 2786 245 2848 lui
269 2796 403 2869 quanto
428 2788 462 2848 vi
486 2807 584 2869 pare,
609 2787 634 2849 il
651 2799 747 2850 resto
765 2787 966 2850 distribuite
991 2809 1012 2850 a
1030 2789 1278 2869 qualcheduno
1294 2787 1378 2849 delli
1397 2788 1476 2849 altri

197 2893 417 2972 benemeriti,
441 2896 659 2958 reservando
684 2916 749 2977 per
775 2894 842 2975 voi,
868 2915 971 2957 meso.
997 2895 1216 2975 Hieronymo
1239 2895 1263 2956 li
1280 2916 1345 2972 300
1360 2893 1476 2955 fiorini

197 3021 297 3064 come
321 3022 387 3082 per
411 3002 431 3062 l'
445 3003 535 3063 altra
564 3002 602 3063 fu
626 3002 759 3065 scritto,
807 3001 848 3064 Li
873 3006 915 3063 bo
941 3001 1058 3064 ducati
1084 3005 1149 3064 che
1173 3002 1393 3064 rimanevate
1418 3004 1475 3063 de·

197 3109 313 3172 bitore
337 3130 358 3171 a
383 3109 569 3171 Bernardo
594 3108 677 3171 Brai
702 3110 819 3172 subito
843 3110 867 3171 ii
892 3110 1044 3171 havemo
1075 3109 1154 3172 fatti
1179 3130 1315 3191 pagare
1339 3130 1360 3171 a
1377 3110 1476 3171 detto

199 3218 385 3280 Bernardo
410 3225 445 3278 et
469 3215 504 3277 vi
529 3236 567 3278 se
592 3237 636 3278 ne
661 3216 698 3278 ia
721 3238 768 3279 un
792 3225 977 3298 presente;
1002 3218 1034 3279 el
1059 3215 1189 3277 salario
1225 3226 1346 3278 vostro
1382 3218 1477 3279 della

197 3325 344 3387 libraria
373 3323 408 3384 vi
439 3323 581 3385 correrii
613 3343 677 3404 per
713 3323 833 3385 avanti
867 3343 968 3385 come
1003 3322 1131 3404 prima,
1168 3331 1204 3383 et
1239 3332 1365 3403 questa
1398 3323 1476 3386 eia

198 3431 383 3495 millesima
407 3441 509 3511 parte
534 3430 593 3491 del
617 3432 710 3491 bene
740 3430 782 3492 N.
807 3429 858 3492 Sm
894 3438 929 3493 et
960 3429 1018 3491 noi
1041 3430 1192 3491 havemo
1223 3429 1257 3492 in
1291 3430 1408 3493 animo
1441 3431 1476 3493 di

196 3538 298 3602 farvi.
347 3537 560 3599 Continuate
584 3536 606 3597 l’
622 3536 740 3599 officio
758 3547 880 3599 vostro
899 3557 965 3599 con
990 3535 1164 3599 modestia
1188 3545 1224 3598 et
1248 3556 1314 3599 con
1340 3538 1476 3616 dignita

199 3647 294 3707 delia
319 3643 414 3706 Sede
440 3643 667 3724 Apostolica;
701 3646 735 3706 le
766 3646 855 3707 altre
886 3664 969 3707 cose
1001 3646 1066 3706 che
1091 3642 1253 3706 chiedete
1284 3664 1349 3726 per
1373 3645 1476 3707 amici

197 3773 237 3813 se
261 3752 533 3813 concederanno
558 3761 692 3832 quanto
717 3751 819 3832 potri
854 3758 1057 3831 comportat
1082 3750 1102 3811 l'
1124 3750 1291 3830 honesta,
1322 3751 1475 3814 maxime

197 3880 263 3940 per
286 3859 373 3940 Mgr.
405 3867 526 3920 nostro
558 3857 756 3920 Leodiense
789 3879 810 3920 a
840 3857 896 3919 cui
924 3857 1171 3920 desiderhamo
1203 3857 1407 3938 gratificare
1440 3871 1475 3920 et

198 3966 334 4028 servire
359 3965 393 4027 in
419 3964 582 4045 maggior
598 3983 690 4045 cose,
716 3985 784 4026 non
803 3975 903 4027 tanto
920 3964 955 4026 in
973 3975 1099 4045 questa
1115 3965 1210 4025 della
1226 3965 1476 4029 arrendatione

196 4073 292 4135 della
322 4074 427 4154 quale
460 4072 492 4133 ci
528 4071 680 4133 scrivete
716 4073 761 4133 ad
797 4080 935 4153 partem
971 4092 1036 4152 per
1069 4071 1089 4133 1'
1117 4071 1238 4134 ultima
1273 4082 1394 4134 vostra
1431 4074 1475 4135 de

196 4179 351 4252 XXIX;
377 4189 411 4240 et
435 4178 608 4260 piacciavi
634 4178 923 4240 raccomandarci
948 4199 969 4239 a
993 4199 1031 4239 su
1049 4177 1150 4239 libna
1167 4175 1344 4257 Signoria.
1380 4180 1474 4242 Rac-

196 4287 442 4350 comandiamo
476 4307 497 4348 a
533 4286 589 4349 voi
627 4286 902 4349 Prothonotari0
935 4288 970 4348 le
1006 4306 1088 4346 cose
1124 4285 1159 4347 di
1196 4307 1295 4350 mess,
1330 4288 1474 4367 Agnoio

196 4393 337 4476 Nepote
366 4392 402 4455 fu
429 4391 464 4454 di
489 4391 525 4455 S.
549 4392 665 4455 Maria
688 4393 722 4454 in
749 4393 893 4454 Portico
917 4392 952 4454 in
987 4394 1105 4473 quello
1136 4405 1280 4474 possete
1313 4397 1474 4456 honesta-

198 4513 316 4564 mente
341 4510 376 4563 et
400 4521 466 4564 con
491 4499 608 4582 gratia
632 4500 667 4561 di
692 4498 823 4562 Cesare
848 4511 884 4562 et
908 4509 1108 4562 restamone
1133 4500 1167 4562 in
1199 4503 1309 4562 molta
1340 4502 1475 4584 obliga-

197 4608 293 4671 tione
317 4629 383 4690 per
406 4607 427 4669 l’
453 4606 557 4669 offitii
582 4609 648 4670 che
673 4627 737 4689 per
762 4606 821 4669 noi
846 4607 881 4668 di
906 4607 1074 4669 continuo
1098 4607 1171 4669 fate
1196 4607 1254 4689 piu
1281 4611 1475 4673 amorevoii

198 4725 234 4776 et
257 4715 478 4777 desideramo
503 4715 538 4777 in
563 4715 648 4796 ogni
673 4714 878 4776 occurentia
902 4725 1023 4776 vostra
1048 4715 1269 4777 rendervene
1301 4715 1325 4777 ii
1349 4717 1474 4779 merito

196 4821 481 4885 cumulatissime
531 4823 573 4883 Et
597 4824 690 4884 bene
714 4823 842 4884 valete,
889 4821 1093 4883 Florentiae
1111 4821 1185 4883 XII
1205 4822 1277 4883 Mai
1291 4823 1473 4884 MDXXI.
