3559 5734
705 544 934 601 eptae*

179 711 276 753 casse
301 690 430 767 statim,
456 692 666 754 altramente
690 693 842 754 sarebbe
867 703 991 755 tenuto
1015 713 1081 774 per
1104 694 1273 775 heretico,
1307 703 1342 757 et
1365 706 1459 776 post·

179 818 280 878 quam
312 797 477 861 rediisset
507 798 543 860 in
568 798 720 880 patriam
745 820 791 861 ex
816 799 922 862 Dieta
944 800 1201 880 procederetur
1224 800 1260 863 in
1285 821 1363 863 eum
1388 811 1460 863 tan-

179 924 281 984 quam
307 903 341 965 in
367 905 562 968 hereticum
587 908 640 968 sel
662 905 759 969 fusse
783 926 905 988 preso;
931 916 1002 970 eta
1018 916 1145 988 questo
1161 908 1243 970 tutti
1265 907 1289 970 li
1305 908 1461 990 Principi

177 1013 329 1073 voleano
361 1022 510 1074 mettere
542 1011 565 1074 li
596 1013 680 1075 beni
713 1023 747 1075 et
778 1013 801 1075 li
835 1013 936 1095 corpi
960 1014 1054 1092 loro,
1088 1034 1145 1076 ma
1169 1014 1263 1077 delle
1287 1035 1370 1078 cose
1394 1016 1461 1078 che

177 1128 326 1180 toccano
351 1119 408 1182 all'
429 1119 593 1181 Autorita
617 1119 675 1182 del
700 1120 811 1201 Papa,
845 1128 881 1182 et
901 1120 980 1201 jura
1003 1120 1167 1202 positiva,
1202 1123 1268 1183 che
1292 1123 1339 1183 lui
1362 1121 1461 1186 fusse

177 1225 315 1305 audito,
350 1237 386 1288 et
417 1228 482 1288 che
513 1247 551 1290 se
583 1228 690 1290 desse
718 1226 827 1308 judici
859 1227 906 1289 da
930 1227 1039 1290 Cesar
1067 1229 1112 1290 ad
1137 1227 1216 1290 udir
1240 1227 1296 1291 chi
1321 1231 1461 1291 volesse

178 1333 340 1414 disputat
363 1341 489 1395 contra
505 1333 658 1396 Martino
683 1333 801 1415 (notisi
824 1334 859 1396 la
883 1335 979 1396 bella
1002 1335 1237 1398 deliberation
1253 1336 1289 1399 di
1305 1337 1461 1419 Principi

178 1439 212 1501 di
237 1441 455 1524 Alemagna)
479 1441 539 1521 poi
563 1461 602 1504 se
626 1441 833 1522 publicasse
852 1440 878 1505 il
902 1441 1081 1521 mandato,
1109 1443 1133 1505 il
1158 1443 1224 1505 che
1248 1446 1401 1505 sarebbe
1426 1444 1461 1506 in

178 1546 303 1609 diebus
336 1546 422 1618 illis;
458 1556 494 1609 et
524 1549 594 1609 ben
627 1546 656 1609 si
686 1550 778 1610 vede
803 1549 869 1611 che
894 1568 983 1611 sono
1008 1559 1119 1612 trame
1144 1551 1202 1612 del
1227 1549 1373 1613 Saxone
1397 1571 1462 1632 per

177 1652 299 1716 diferir
323 1655 358 1715 la
382 1675 477 1732 cosa,
499 1674 610 1716 ancor
635 1657 700 1716 che
725 1655 819 1719 mille
834 1659 931 1719 volte
949 1656 1047 1719 molti
1064 1657 1223 1739 Principi
1240 1659 1305 1720 che
1325 1679 1461 1741 pareno

178 1761 302 1839 buoni,
336 1770 373 1824 et
397 1774 495 1824 certo
519 1756 679 1841 pensatio
704 1762 759 1824 far
783 1772 1016 1842 santamente,
1040 1764 1217 1846 tenghino
1241 1766 1307 1827 che
1331 1765 1373 1827 sii
1397 1786 1461 1847 per

178 1868 201 1929 il
237 1868 378 1949 meglio.
433 1867 548 1948 Quum
583 1879 702 1932 tamen
733 1869 779 1931 sit
811 1868 1002 1951 pessimum
1035 1872 1219 1935 consilium
1251 1882 1286 1935 et
1320 1892 1358 1936 se
1390 1894 1459 1935 non

177 1995 335 2056 peccano
360 1995 426 2057 per
450 1974 643 2056 malignita,
674 1996 834 2057 peccano
858 1997 924 2057 per
947 1977 1164 2058 ignorantia;
1198 1982 1388 2043 tuttavolta
1412 1980 1460 2043 di-

178 2102 289 2144 ceano
314 2084 379 2144 che
403 2092 623 2145 remetteano
647 2082 733 2164 ogni
757 2104 841 2147 cosa
865 2083 899 2145 in
926 2085 960 2146 la
978 2084 1118 2149 Maesta
1134 2084 1298 2166 Cesarea,
1322 2106 1460 2149 arecor·

179 2189 323 2250 dandoli
355 2190 443 2270 pero
475 2190 541 2252 che
574 2191 643 2252 ben
675 2191 870 2271 guardasse
904 2191 949 2254 de
974 2212 1046 2255 non
1069 2191 1125 2254 far
1148 2194 1299 2274 qualche
1324 2195 1461 2275 grande

176 2297 346 2358 scandalo
371 2296 406 2358 in
430 2305 555 2377 questo
570 2296 732 2378 Imperio,
757 2298 974 2379 publicando
1001 2300 1034 2361 el
1058 2301 1226 2364 mandato
1250 2302 1461 2364 altramente

177 2404 244 2465 che
267 2405 345 2466 loro
370 2403 622 2466 consiliavano.

267 2510 452 2573 Postremo
484 2510 741 2591 supplicavano
766 2509 839 2575 Sua
863 2512 1004 2577 Maesta
1032 2516 1097 2577 che
1123 2515 1147 2577 li
1170 2515 1341 2578 liberasse
1366 2517 1461 2578 dalla

177 2617 381 2698 Tyrannide
417 2616 452 2679 di
484 2617 604 2679 Roma
642 2627 677 2680 et
713 2618 809 2699 quivi
844 2618 1045 2683 effuderunt
1082 2622 1199 2684 omnia
1230 2642 1367 2685 venena
1398 2644 1461 2686 sua

177 2734 302 2787 contra
326 2745 391 2787 nos
415 2723 437 2786 a
460 2724 518 2787 chi
542 2724 677 2806 peggio
701 2735 810 2807 potea
834 2727 924 2801 dire;
950 2737 986 2790 et
1009 2748 1030 2789 a
1055 2737 1180 2809 questa
1204 2729 1460 2793 deliberatione

176 2832 270 2911 loro,
295 2832 330 2893 la
353 2832 436 2911 qrial
462 2830 572 2894 Cesar
595 2852 633 2895 se
657 2831 738 2895 fece
763 2834 886 2896 tradur
910 2833 944 2896 in
969 2834 1148 2899 Francese
1173 2832 1223 2898 Sir
1247 2836 1385 2899 Maesta
1408 2857 1460 2900 re-

177 2958 282 3019 spose
307 2939 519 3019 prudenter,
553 2939 619 3002 che
644 2941 678 3003 le
701 2942 847 3022 querele
871 2942 907 3004 di
931 2942 1052 3005 Roma
1075 2942 1122 3005 lui
1146 2963 1217 3006 non
1241 2946 1370 3006 voleva
1395 2945 1460 3006 che

176 3056 215 3105 s'e
247 3047 508 3107 mescolasseno
542 3066 609 3109 con
643 3048 678 3109 la
708 3068 793 3110 cosa
817 3047 852 3110 di
877 3047 1021 3127 Luther,
1046 3049 1111 3112 che
1134 3058 1284 3113 toccava
1308 3052 1342 3112 la
1366 3050 1459 3115 fede.

176 3151 236 3213 Ma
261 3153 328 3215 che
354 3149 427 3216 Sua
450 3151 591 3215 Maesta
615 3154 845 3217 scriverebbe
869 3177 891 3217 a
908 3155 1039 3218 Nostro
1055 3155 1208 3239 Signore
1233 3166 1269 3219 et
1293 3158 1359 3221 che
1383 3178 1460 3239 spe·

176 3278 263 3320 rava
295 3260 362 3322 che
387 3256 461 3321 Sua
484 3257 624 3323 Santita
648 3262 808 3325 darebbe
833 3262 950 3325 ordini
978 3264 1039 3326 alli
1063 3264 1164 3326 abusi
1186 3285 1223 3327 se
1248 3286 1336 3328 sono
1360 3285 1460 3328 come

176 3362 229 3428 lor
252 3364 392 3428 dicono.
481 3384 485 3391 ’

266 3474 301 3536 Α
325 3474 445 3555 quello
471 3475 515 3536 de
543 3474 754 3541 auctoritate
778 3496 895 3557 papae
920 3486 955 3539 et
979 3478 1132 3541 decretis
1156 3489 1193 3542 et
1222 3480 1460 3544 decretalibus

177 3577 249 3641 Sua
264 3579 404 3643 Maesta
427 3580 532 3659 disse,
557 3583 623 3644 che
647 3601 712 3662 per
736 3582 855 3646 niente
880 3605 919 3646 se
940 3586 1057 3649 havea
1073 3607 1094 3648 a
1115 3587 1285 3668 disputat,
1309 3609 1366 3650 ma
1382 3591 1460 3670 che,

177 3708 214 3749 se
226 3687 382 3749 Martino
398 3689 514 3751 havea
537 3691 583 3750 ad
608 3688 740 3767 venire,
765 3691 878 3753 solum
904 3712 942 3753 se
966 3690 1190 3776 interogasse
1214 3715 1253 3756 se
1278 3694 1325 3756 lui
1345 3696 1460 3757 havea

177 3803 361 3875 composto
393 3795 501 3876 quelli
532 3795 623 3874 libri,
658 3805 694 3857 et
718 3816 802 3858 casu
826 3818 896 3879 quo
922 3797 1169 3882 confiteretur,
1201 3804 1253 3864 sel
1277 3804 1381 3865 volea
1406 3822 1459 3864 su·

177 3911 311 3965 stentar
345 3912 381 3963 et
414 3901 587 3966 defender
607 3902 736 3985 ‘quello
768 3905 833 3966 che
858 3904 941 3968 l'ha
964 3906 1087 3970 scritto
1112 3918 1236 3971 contra
1259 3909 1294 3971 la
1317 3909 1401 3971 fede
1425 3919 1461 3973 et

177 4029 255 4071 eum
281 4009 441 4071 ordinem
466 4019 502 4072 et
525 4010 641 4091 ritum,
665 4030 770 4091 quem
796 4014 1078 4077 observaverunt
1102 4015 1137 4077 in
1162 4016 1324 4079 omnibus
1339 4026 1460 4096 patres

177 4116 288 4178 nostri
311 4136 423 4197 usque
447 4119 492 4179 ad
518 4117 702 4180 odiernum
727 4118 838 4191 diem;
871 4121 966 4201 quod
992 4122 1020 4184 si
1045 4133 1249 4201 revocaret,
1274 4133 1357 4186 tunc
1381 4144 1459 4205 pro-

178 4232 318 4286 curaret
342 4222 453 4286 Cesar
484 4234 522 4286 ut
547 4222 776 4288 Santissimus
801 4226 974 4291 Dominus
1003 4238 1125 4292 noster
1148 4250 1226 4292 eum
1256 4232 1460 4293 absolveret

178 4340 212 4392 et
235 4329 427 4411 reciperet:
461 4330 514 4393 sin
539 4342 657 4395 autern
681 4333 860 4395 obstinate
884 4346 1134 4415 perseveraret
1158 4336 1192 4399 in
1222 4357 1285 4399 sua
1307 4338 1458 4417 haeresi,

178 4447 363 4519 postquam
389 4438 551 4501 rediisset
576 4442 642 4502 sub
666 4442 957 4521 salvoconducto,
983 4445 1076 4507 unde
1094 4444 1162 4506 huc
1180 4445 1395 4523 advenisset,
1420 4467 1459 4507 se

177 4544 272 4607 fusse
303 4565 428 4626 preso,
463 4545 560 4609 fusse
592 4548 716 4628 punito
750 4568 850 4610 come
880 4548 1057 4629 heretico,
1094 4560 1129 4613 et
1160 4571 1267 4632 sopra
1301 4551 1355 4614 cib
1379 4551 1458 4614 fece

177 4654 312 4714 adunar
336 4653 360 4714 li
384 4653 529 4715 conselii
554 4654 590 4715 di
614 4674 676 4717 sue
702 4653 838 4717 nationi
863 4657 955 4718 dove
979 4655 1017 4717 fu
1041 4655 1113 4719 fino
1137 4659 1183 4720 ad
1206 4660 1293 4721 hore
1316 4669 1458 4741 quattro

178 4757 212 4820 di
236 4769 346 4838 notte,
371 4770 407 4822 et
428 4759 486 4822 noi
504 4762 759 4842 expettassimo
775 4782 915 4844 sempre
932 4782 998 4843 per
1012 4762 1176 4826 intender
1192 4767 1227 4827 la
1242 4766 1457 4845 conclusion,

178 4867 210 4927 la
233 4871 316 4949 qual
341 4888 413 4930 non
436 4867 475 4930 fu
499 4867 589 4931 satta
612 4888 677 4949 per
701 4869 725 4931 li
750 4868 824 4931 voti
848 4870 1077 4951 discordanti,
1101 4871 1234 4952 perche
1258 4873 1293 4934 in
1319 4875 1352 4936 el
1377 4894 1456 4938 con·
