<?xml version="1.0" encoding="UTF-8"?>
<!DOCTYPE html PUBLIC "-//W3C//DTD XHTML 1.0 Transitional//EN"
    "http://www.w3.org/TR/xhtml1/DTD/xhtml1-transitional.dtd">
<html xmlns="http://www.w3.org/1999/xhtml" xml:lang="en" lang="en">
 <head>
  <title>
</title>
<meta http-equiv="Content-Type" content="text/html;charset=utf-8" />
  <meta name='ocr-system' content='tesseract 3.04.00' />
  <meta name='ocr-capabilities' content='ocr_page ocr_carea ocr_par ocr_line ocrx_word'/>
</head>
<body>
  <div class='ocr_page' id='page_1' title='image "./monumentareform01vatigoog/monumentareform01vatigoog_0267.png"; bbox 0 0 3559 5734; ppageno 0'>
   <div class='ocr_carea' id='block_1_1' title="bbox 683 547 930 605">
    <p class='ocr_par' dir='ltr' id='par_1_1' title="bbox 683 547 930 605">
     <span class='ocr_line' id='line_1_1' title="bbox 683 547 930 605; baseline -0.016 0"><span class='ocrx_word' id='word_1_1' title='bbox 683 547 930 605; x_wconf 42' lang='grc' dir='ltr'><strong>34123θῶ</strong></span> 
     </span>
    </p>
   </div>
   <div class='ocr_carea' id='block_1_2' title="bbox 135 692 1450 4954">
    <p class='ocr_par' dir='ltr' id='par_1_2' title="bbox 169 692 1445 886">
     <span class='ocr_line' id='line_1_2' title="bbox 169 692 1445 779; baseline -0.003 -21"><span class='ocrx_word' id='word_1_2' title='bbox 169 695 221 758; x_wconf 86' lang='grc'><strong>135</strong></span> <span class='ocrx_word' id='word_1_3' title='bbox 256 706 291 760; x_wconf 88' lang='grc'><strong>31</strong></span> <span class='ocrx_word' id='word_1_4' title='bbox 328 718 408 760; x_wconf 82' lang='grc'><strong>3331</strong></span> <span class='ocrx_word' id='word_1_5' title='bbox 441 700 591 779; x_wconf 85' lang='lat' dir='ltr'>qualche</span> <span class='ocrx_word' id='word_1_6' title='bbox 625 696 788 760; x_wconf 69' lang='lat' dir='ltr'><strong>maturiti</strong></span> <span class='ocrx_word' id='word_1_7' title='bbox 821 699 864 758; x_wconf 85' lang='lat' dir='ltr'><strong>de</strong></span> <span class='ocrx_word' id='word_1_8' title='bbox 899 705 1029 778; x_wconf 91' lang='lat' dir='ltr'><strong>tempe.</strong></span> <span class='ocrx_word' id='word_1_9' title='bbox 1077 695 1119 758; x_wconf 87' lang='lat' dir='ltr'><strong>El</strong></span> <span class='ocrx_word' id='word_1_10' title='bbox 1149 692 1445 758; x_wconf 86' lang='lat' dir='ltr'><strong>reverendissimo</strong></span> 
     </span>
     <span class='ocr_line' id='line_1_3' title="bbox 169 803 869 886; baseline 0.001 -21"><span class='ocrx_word' id='word_1_11' title='bbox 169 803 269 866; x_wconf 82' lang='lat' dir='ltr'><strong>Santi</strong></span> <span class='ocrx_word' id='word_1_12' title='bbox 293 813 435 886; x_wconf 90' lang='lat' dir='ltr'><strong>quattro</strong></span> <span class='ocrx_word' id='word_1_13' title='bbox 460 826 504 867; x_wconf 92' lang='lat' dir='ltr'><strong>ne</strong></span> <span class='ocrx_word' id='word_1_14' title='bbox 530 806 547 868; x_wconf 73' lang='lat' dir='ltr'><strong>d</strong></span> <span class='ocrx_word' id='word_1_15' title='bbox 571 803 869 876; x_wconf 84' lang='lat' dir='ltr'><strong>informatissimo.</strong></span> 
     </span>
    </p>

    <p class='ocr_par' dir='ltr' id='par_1_3' title="bbox 168 907 1448 1421">
     <span class='ocr_line' id='line_1_4' title="bbox 256 907 1446 994; baseline -0.003 -22"><span class='ocrx_word' id='word_1_16' title='bbox 256 911 389 973; x_wconf 87' lang='lat' dir='ltr'><strong>Mando</strong></span> <span class='ocrx_word' id='word_1_17' title='bbox 414 932 484 973; x_wconf 88' lang='lat' dir='ltr'><strong>una</strong></span> <span class='ocrx_word' id='word_1_18' title='bbox 509 922 606 975; x_wconf 83' lang='lat' dir='ltr'><strong>certa</strong></span> <span class='ocrx_word' id='word_1_19' title='bbox 630 911 867 994; x_wconf 90' lang='lat' dir='ltr'><strong>supplication</strong></span> <span class='ocrx_word' id='word_1_20' title='bbox 892 911 938 974; x_wconf 88' lang='lat' dir='ltr'><strong>de</strong></span> <span class='ocrx_word' id='word_1_21' title='bbox 962 931 1032 973; x_wconf 92' lang='lat' dir='ltr'><strong>uno</strong></span> <span class='ocrx_word' id='word_1_22' title='bbox 1048 910 1220 973; x_wconf 86' lang='lat' dir='ltr'><strong>canonico</strong></span> <span class='ocrx_word' id='word_1_23' title='bbox 1238 910 1283 972; x_wconf 91' lang='lat' dir='ltr'><strong>de</strong></span> <span class='ocrx_word' id='word_1_24' title='bbox 1299 907 1446 971; x_wconf 86' lang='lat' dir='ltr'><strong>Colonia</strong></span> 
     </span>
     <span class='ocr_line' id='line_1_5' title="bbox 169 1014 1443 1101; baseline -0.002 -22"><span class='ocrx_word' id='word_1_25' title='bbox 169 1021 201 1079; x_wconf 91' lang='grc'><strong>31</strong></span> <span class='ocrx_word' id='word_1_26' title='bbox 229 1020 312 1099; x_wconf 89' lang='lat' dir='ltr'><strong>qual</strong></span> <span class='ocrx_word' id='word_1_27' title='bbox 345 1019 363 1080; x_wconf 71' lang='grc' dir='ltr'>ὁ</span> <span class='ocrx_word' id='word_1_28' title='bbox 395 1021 582 1081; x_wconf 83' lang='lat' dir='ltr'>molestato</span> <span class='ocrx_word' id='word_1_29' title='bbox 614 1041 636 1081; x_wconf 90' lang='lat' dir='ltr'><strong>a</strong></span> <span class='ocrx_word' id='word_1_30' title='bbox 660 1019 779 1081; x_wconf 88' lang='lat' dir='ltr'><strong>Roma</strong></span> <span class='ocrx_word' id='word_1_31' title='bbox 813 1018 854 1098; x_wconf 91' lang='lat' dir='ltr'><strong>(si</strong></span> <span class='ocrx_word' id='word_1_32' title='bbox 879 1029 933 1080; x_wconf 89' lang='lat' dir='ltr'><strong>est</strong></span> <span class='ocrx_word' id='word_1_33' title='bbox 957 1028 996 1079; x_wconf 93' lang='lat' dir='ltr'><strong>ut</strong></span> <span class='ocrx_word' id='word_1_34' title='bbox 1019 1014 1153 1101; x_wconf 88' lang='lat' dir='ltr'><strong>narrat)</strong></span> <span class='ocrx_word' id='word_1_35' title='bbox 1178 1037 1282 1078; x_wconf 85' lang='lat' dir='ltr'><strong>senza</strong></span> <span class='ocrx_word' id='word_1_36' title='bbox 1307 1015 1443 1096; x_wconf 79' lang='lat' dir='ltr'><strong>region.</strong></span> 
     </span>
     <span class='ocr_line' id='line_1_6' title="bbox 169 1121 1448 1204; baseline -0.003 -17"><span class='ocrx_word' id='word_1_37' title='bbox 169 1125 303 1188; x_wconf 89' lang='lat' dir='ltr'><strong>Messer</strong></span> <span class='ocrx_word' id='word_1_38' title='bbox 327 1124 381 1204; x_wconf 84' lang='lat' dir='ltr'><strong>J0.</strong></span> <span class='ocrx_word' id='word_1_39' title='bbox 407 1125 560 1187; x_wconf 87' lang='lat' dir='ltr'><strong>Vinchel</strong></span> <span class='ocrx_word' id='word_1_40' title='bbox 589 1147 633 1188; x_wconf 90' lang='lat' dir='ltr'><strong>ne</strong></span> <span class='ocrx_word' id='word_1_41' title='bbox 659 1127 676 1188; x_wconf 79' lang='grc' dir='ltr'>ἐ</span> <span class='ocrx_word' id='word_1_42' title='bbox 702 1125 908 1199; x_wconf 83' lang='lat' dir='ltr'><strong>informato;</strong></span> <span class='ocrx_word' id='word_1_43' title='bbox 940 1124 984 1187; x_wconf 91' lang='lat' dir='ltr'><strong>V.</strong></span> <span class='ocrx_word' id='word_1_44' title='bbox 1009 1123 1046 1185; x_wconf 84' lang='lat' dir='ltr'><strong>S.</strong></span> <span class='ocrx_word' id='word_1_45' title='bbox 1070 1124 1146 1187; x_wconf 55' lang='grc' dir='ltr'><strong>ΚΜ</strong></span> <span class='ocrx_word' id='word_1_46' title='bbox 1170 1122 1199 1185; x_wconf 89' lang='grc'><strong>51</strong></span> <span class='ocrx_word' id='word_1_47' title='bbox 1224 1122 1332 1204; x_wconf 81' lang='lat' dir='ltr'><strong>degni</strong></span> <span class='ocrx_word' id='word_1_48' title='bbox 1357 1121 1448 1184; x_wconf 61' lang='lat' dir='ltr'><strong>ordi«</strong></span> 
     </span>
     <span class='ocr_line' id='line_1_7' title="bbox 168 1230 1446 1314; baseline -0.001 -20"><span class='ocrx_word' id='word_1_49' title='bbox 168 1232 300 1294; x_wconf 88' lang='lat' dir='ltr'><strong>narde</strong></span> <span class='ocrx_word' id='word_1_50' title='bbox 325 1235 360 1295; x_wconf 92' lang='lat' dir='ltr'><strong>la</strong></span> <span class='ocrx_word' id='word_1_51' title='bbox 383 1235 449 1294; x_wconf 88' lang='lat' dir='ltr'><strong>che</strong></span> <span class='ocrx_word' id='word_1_52' title='bbox 473 1253 538 1314; x_wconf 89' lang='lat' dir='ltr'><strong>per</strong></span> <span class='ocrx_word' id='word_1_53' title='bbox 563 1235 667 1314; x_wconf 88' lang='lat' dir='ltr'><strong>colpa</strong></span> <span class='ocrx_word' id='word_1_54' title='bbox 691 1245 813 1295; x_wconf 89' lang='lat' dir='ltr'><strong>nostra</strong></span> <span class='ocrx_word' id='word_1_55' title='bbox 837 1242 1005 1313; x_wconf 89' lang='lat' dir='ltr'><strong>questore</strong></span> <span class='ocrx_word' id='word_1_56' title='bbox 1030 1252 1099 1294; x_wconf 90' lang='lat' dir='ltr'><strong>non</strong></span> <span class='ocrx_word' id='word_1_57' title='bbox 1117 1230 1268 1312; x_wconf 80' lang='lat' dir='ltr'><strong>gridino,</strong></span> <span class='ocrx_word' id='word_1_58' title='bbox 1293 1250 1364 1292; x_wconf 88' lang='lat' dir='ltr'><strong>non</strong></span> <span class='ocrx_word' id='word_1_59' title='bbox 1389 1230 1446 1293; x_wconf 88' lang='lat' dir='ltr'><strong>de·</strong></span> 
     </span>
     <span class='ocr_line' id='line_1_8' title="bbox 169 1339 1051 1421; baseline 0 -20"><span class='ocrx_word' id='word_1_60' title='bbox 169 1341 297 1404; x_wconf 86' lang='lat' dir='ltr'><strong>mando</strong></span> <span class='ocrx_word' id='word_1_61' title='bbox 322 1340 435 1420; x_wconf 80' lang='lat' dir='ltr'><strong>perhe</strong></span> <span class='ocrx_word' id='word_1_62' title='bbox 460 1361 497 1401; x_wconf 85' lang='lat' dir='ltr'><strong>se</strong></span> <span class='ocrx_word' id='word_1_63' title='bbox 521 1360 592 1403; x_wconf 92' lang='lat' dir='ltr'><strong>non</strong></span> <span class='ocrx_word' id='word_1_64' title='bbox 617 1342 651 1402; x_wconf 92' lang='lat' dir='ltr'><strong>la</strong></span> <span class='ocrx_word' id='word_1_65' title='bbox 675 1361 780 1403; x_wconf 81' lang='lat' dir='ltr'><strong>reson</strong></span> <span class='ocrx_word' id='word_1_66' title='bbox 806 1360 873 1402; x_wconf 90' lang='grc'><strong>303</strong></span> <span class='ocrx_word' id='word_1_67' title='bbox 899 1339 1051 1421; x_wconf 72' lang='lat' dir='ltr'><strong>aequitii.</strong></span> 
     </span>
    </p>

    <p class='ocr_par' dir='ltr' id='par_1_4' title="bbox 166 1445 1450 3989">
     <span class='ocr_line' id='line_1_9' title="bbox 256 1445 1448 1529; baseline -0.002 -21"><span class='ocrx_word' id='word_1_68' title='bbox 256 1447 297 1509; x_wconf 85' lang='lat' dir='ltr'><strong>El</strong></span> <span class='ocrx_word' id='word_1_69' title='bbox 323 1447 523 1510; x_wconf 87' lang='lat' dir='ltr'><strong>Leodiense</strong></span> <span class='ocrx_word' id='word_1_70' title='bbox 547 1448 617 1517; x_wconf 91' lang='lat' dir='ltr'><strong>mio</strong></span> <span class='ocrx_word' id='word_1_71' title='bbox 642 1448 788 1529; x_wconf 86' lang='lat' dir='ltr'><strong>antiquo</strong></span> <span class='ocrx_word' id='word_1_72' title='bbox 811 1458 941 1529; x_wconf 86' lang='lat' dir='ltr'><strong>patron</strong></span> <span class='ocrx_word' id='word_1_73' title='bbox 966 1466 1080 1528; x_wconf 79' lang='lat' dir='ltr'><strong>praga</strong></span> <span class='ocrx_word' id='word_1_74' title='bbox 1104 1445 1198 1508; x_wconf 80' lang='lat' dir='ltr'><strong>assai</strong></span> <span class='ocrx_word' id='word_1_75' title='bbox 1221 1446 1266 1508; x_wconf 95' lang='lat' dir='ltr'><strong>V.</strong></span> <span class='ocrx_word' id='word_1_76' title='bbox 1291 1446 1327 1508; x_wconf 78' lang='lat' dir='ltr'><strong>S.</strong></span> <span class='ocrx_word' id='word_1_77' title='bbox 1352 1445 1448 1507; x_wconf 89' lang='lat' dir='ltr'><strong>Rma</strong></span> 
     </span>
     <span class='ocr_line' id='line_1_10' title="bbox 168 1553 1450 1637; baseline -0.001 -22"><span class='ocrx_word' id='word_1_78' title='bbox 168 1574 205 1616; x_wconf 88' lang='grc'><strong>53</strong></span> <span class='ocrx_word' id='word_1_79' title='bbox 231 1554 339 1635; x_wconf 85' lang='lat' dir='ltr'>degni</span> <span class='ocrx_word' id='word_1_80' title='bbox 363 1553 564 1617; x_wconf 89' lang='lat' dir='ltr'><strong>interceder</strong></span> <span class='ocrx_word' id='word_1_81' title='bbox 587 1575 759 1637; x_wconf 88' lang='lat' dir='ltr'><strong>appresso</strong></span> <span class='ocrx_word' id='word_1_82' title='bbox 784 1557 818 1617; x_wconf 91' lang='lat' dir='ltr'><strong>el</strong></span> <span class='ocrx_word' id='word_1_83' title='bbox 843 1553 1074 1616; x_wconf 81' lang='lat' dir='ltr'><strong>Sanctissime</strong></span> <span class='ocrx_word' id='word_1_84' title='bbox 1107 1573 1173 1635; x_wconf 89' lang='lat' dir='ltr'><strong>per</strong></span> <span class='ocrx_word' id='word_1_85' title='bbox 1197 1555 1231 1615; x_wconf 89' lang='lat' dir='ltr'><strong>la</strong></span> <span class='ocrx_word' id='word_1_86' title='bbox 1254 1573 1361 1615; x_wconf 88' lang='lat' dir='ltr'><strong>causa</strong></span> <span class='ocrx_word' id='word_1_87' title='bbox 1384 1572 1450 1614; x_wconf 84' lang='lat' dir='ltr'><strong>sua</strong></span> 
     </span>
     <span class='ocr_line' id='line_1_11' title="bbox 167 1657 1446 1739; baseline -0.002 -17"><span class='ocrx_word' id='word_1_88' title='bbox 167 1660 428 1722; x_wconf 85' lang='lat' dir='ltr'><strong>arrendationis</strong></span> <span class='ocrx_word' id='word_1_89' title='bbox 461 1660 674 1724; x_wconf 82' lang='lat' dir='ltr'><strong>valentinae.</strong></span> <span class='ocrx_word' id='word_1_90' title='bbox 722 1662 828 1723; x_wconf 86' lang='lat' dir='ltr'><strong>Certo</strong></span> <span class='ocrx_word' id='word_1_91' title='bbox 853 1663 919 1723; x_wconf 90' lang='lat' dir='ltr'><strong>che</strong></span> <span class='ocrx_word' id='word_1_92' title='bbox 945 1661 991 1723; x_wconf 93' lang='lat' dir='ltr'><strong>lui</strong></span> <span class='ocrx_word' id='word_1_93' title='bbox 1016 1663 1063 1723; x_wconf 89' lang='lat' dir='ltr'><strong>ha</strong></span> <span class='ocrx_word' id='word_1_94' title='bbox 1086 1660 1176 1722; x_wconf 88' lang='lat' dir='ltr'><strong>fatto</strong></span> <span class='ocrx_word' id='word_1_95' title='bbox 1201 1662 1234 1722; x_wconf 92' lang='lat' dir='ltr'><strong>el</strong></span> <span class='ocrx_word' id='word_1_96' title='bbox 1258 1659 1372 1739; x_wconf 89' lang='lat' dir='ltr'><strong>prime</strong></span> <span class='ocrx_word' id='word_1_97' title='bbox 1397 1657 1446 1720; x_wconf 88' lang='lat' dir='ltr'><strong>ol·</strong></span> 
     </span>
     <span class='ocr_line' id='line_1_12' title="bbox 167 1766 1446 1849; baseline -0.002 -20"><span class='ocrx_word' id='word_1_98' title='bbox 167 1768 247 1830; x_wconf 89' lang='lat' dir='ltr'><strong>ficio</strong></span> <span class='ocrx_word' id='word_1_99' title='bbox 271 1768 305 1830; x_wconf 92' lang='lat' dir='ltr'><strong>in</strong></span> <span class='ocrx_word' id='word_1_100' title='bbox 332 1779 457 1849; x_wconf 87' lang='lat' dir='ltr'><strong>questa</strong></span> <span class='ocrx_word' id='word_1_101' title='bbox 482 1789 589 1830; x_wconf 90' lang='lat' dir='ltr'><strong>causa</strong></span> <span class='ocrx_word' id='word_1_102' title='bbox 612 1770 809 1848; x_wconf 89' lang='lat' dir='ltr'><strong>lutherana,</strong></span> <span class='ocrx_word' id='word_1_103' title='bbox 834 1780 870 1830; x_wconf 91' lang='lat' dir='ltr'><strong>et</strong></span> <span class='ocrx_word' id='word_1_104' title='bbox 895 1771 941 1830; x_wconf 92' lang='lat' dir='ltr'><strong>do</strong></span> <span class='ocrx_word' id='word_1_105' title='bbox 965 1768 1024 1849; x_wconf 91' lang='lat' dir='ltr'><strong>poi</strong></span> <span class='ocrx_word' id='word_1_106' title='bbox 1050 1767 1212 1849; x_wconf 84' lang='lat' dir='ltr'><strong>exceptis</strong></span> <span class='ocrx_word' id='word_1_107' title='bbox 1236 1766 1446 1848; x_wconf 87' lang='lat' dir='ltr'><strong>quibusdam</strong></span> 
     </span>
     <span class='ocr_line' id='line_1_13' title="bbox 167 1873 1446 1955; baseline -0.002 -19"><span class='ocrx_word' id='word_1_108' title='bbox 167 1875 286 1937; x_wconf 84' lang='lat' dir='ltr'><strong>verbis</strong></span> <span class='ocrx_word' id='word_1_109' title='bbox 308 1873 429 1937; x_wconf 89' lang='lat' dir='ltr'><strong>liberis</strong></span> <span class='ocrx_word' id='word_1_110' title='bbox 454 1885 489 1938; x_wconf 89' lang='lat' dir='ltr'><strong>et</strong></span> <span class='ocrx_word' id='word_1_111' title='bbox 513 1875 653 1955; x_wconf 84' lang='lat' dir='ltr'><strong>iocosis,</strong></span> <span class='ocrx_word' id='word_1_112' title='bbox 678 1877 771 1938; x_wconf 77' lang='lat' dir='ltr'><strong>dove</strong></span> <span class='ocrx_word' id='word_1_113' title='bbox 797 1878 815 1938; x_wconf 76' lang='lat' dir='ltr'><strong>e</strong></span> <span class='ocrx_word' id='word_1_114' title='bbox 840 1886 933 1938; x_wconf 89' lang='lat' dir='ltr'><strong>stato</strong></span> <span class='ocrx_word' id='word_1_115' title='bbox 957 1877 1119 1953; x_wconf 77' lang='lat' dir='ltr'><strong>besegne</strong></span> <span class='ocrx_word' id='word_1_116' title='bbox 1144 1884 1179 1936; x_wconf 91' lang='lat' dir='ltr'><strong>et</strong></span> <span class='ocrx_word' id='word_1_117' title='bbox 1203 1874 1389 1955; x_wconf 84' lang='lat' dir='ltr'><strong>presertim</strong></span> <span class='ocrx_word' id='word_1_118' title='bbox 1414 1874 1446 1935; x_wconf 91' lang='lat' dir='ltr'><strong>el</strong></span> 
     </span>
     <span class='ocr_line' id='line_1_14' title="bbox 167 1981 1447 2064; baseline -0.001 -21"><span class='ocrx_word' id='word_1_119' title='bbox 167 1983 201 2043; x_wconf 89' lang='lat' dir='ltr'><strong>dl</strong></span> <span class='ocrx_word' id='word_1_120' title='bbox 228 1983 308 2044; x_wconf 91' lang='lat' dir='ltr'><strong>dell&#39;</strong></span> <span class='ocrx_word' id='word_1_121' title='bbox 324 2003 473 2044; x_wconf 84' lang='lat' dir='ltr'><strong>examen</strong></span> <span class='ocrx_word' id='word_1_122' title='bbox 498 1983 533 2045; x_wconf 92' lang='lat' dir='ltr'><strong>di</strong></span> <span class='ocrx_word' id='word_1_123' title='bbox 559 1984 691 2046; x_wconf 77' lang='lat' dir='ltr'><strong>Luther</strong></span> <span class='ocrx_word' id='word_1_124' title='bbox 716 1983 787 2064; x_wconf 84' lang='lat' dir='ltr'><strong>egli</strong></span> <span class='ocrx_word' id='word_1_125' title='bbox 812 1984 890 2046; x_wconf 86' lang='lat' dir='ltr'><strong>fece</strong></span> <span class='ocrx_word' id='word_1_126' title='bbox 916 2005 998 2046; x_wconf 89' lang='lat' dir='ltr'><strong>cese</strong></span> <span class='ocrx_word' id='word_1_127' title='bbox 1022 1982 1190 2054; x_wconf 91' lang='lat' dir='ltr'><strong>mirabili;</strong></span> <span class='ocrx_word' id='word_1_128' title='bbox 1217 1981 1261 2044; x_wconf 76' lang='lat' dir='ltr'><strong>ne</strong></span> <span class='ocrx_word' id='word_1_129' title='bbox 1286 1985 1447 2061; x_wconf 76' lang='lat' dir='ltr'><strong>besegne</strong></span> 
     </span>
     <span class='ocr_line' id='line_1_15' title="bbox 167 2088 1445 2172; baseline -0.002 -20"><span class='ocrx_word' id='word_1_130' title='bbox 167 2092 289 2171; x_wconf 88' lang='lat' dir='ltr'><strong>parlar</strong></span> <span class='ocrx_word' id='word_1_131' title='bbox 327 2092 392 2152; x_wconf 90' lang='lat' dir='ltr'><strong>che</strong></span> <span class='ocrx_word' id='word_1_132' title='bbox 431 2092 489 2153; x_wconf 86' lang='lat' dir='ltr'><strong>nel</strong></span> <span class='ocrx_word' id='word_1_133' title='bbox 523 2111 632 2172; x_wconf 87' lang='lat' dir='ltr'><strong>paese</strong></span> <span class='ocrx_word' id='word_1_134' title='bbox 668 2100 703 2153; x_wconf 92' lang='lat' dir='ltr'><strong>et</strong></span> <span class='ocrx_word' id='word_1_135' title='bbox 735 2090 878 2153; x_wconf 85' lang='lat' dir='ltr'><strong>diocese</strong></span> <span class='ocrx_word' id='word_1_136' title='bbox 909 2112 972 2153; x_wconf 85' lang='lat' dir='ltr'><strong>sua</strong></span> <span class='ocrx_word' id='word_1_137' title='bbox 1006 2091 1113 2152; x_wconf 73' lang='lat' dir='ltr'><strong>chee</strong></span> <span class='ocrx_word' id='word_1_138' title='bbox 1148 2088 1384 2171; x_wconf 77' lang='lat' dir='ltr'><strong>grandissima</strong></span> <span class='ocrx_word' id='word_1_139' title='bbox 1408 2108 1445 2149; x_wconf 89' lang='lat' dir='ltr'><strong>se</strong></span> 
     </span>
     <span class='ocr_line' id='line_1_16' title="bbox 167 2196 1449 2279; baseline -0.002 -20"><span class='ocrx_word' id='word_1_140' title='bbox 167 2197 260 2279; x_wconf 88' lang='lat' dir='ltr'><strong>parli</strong></span> <span class='ocrx_word' id='word_1_141' title='bbox 299 2198 343 2259; x_wconf 89' lang='lat' dir='ltr'><strong>de</strong></span> <span class='ocrx_word' id='word_1_142' title='bbox 368 2197 520 2271; x_wconf 89' lang='lat' dir='ltr'><strong>Luther;</strong></span> <span class='ocrx_word' id='word_1_143' title='bbox 557 2207 745 2279; x_wconf 86' lang='lat' dir='ltr'><strong>praeterea</strong></span> <span class='ocrx_word' id='word_1_144' title='bbox 781 2198 928 2278; x_wconf 76' lang='lat' dir='ltr'><strong>egrato</strong></span> <span class='ocrx_word' id='word_1_145' title='bbox 962 2218 982 2257; x_wconf 85' lang='lat' dir='ltr'><strong>a</strong></span> <span class='ocrx_word' id='word_1_146' title='bbox 1016 2206 1141 2278; x_wconf 91' lang='lat' dir='ltr'><strong>queste</strong></span> <span class='ocrx_word' id='word_1_147' title='bbox 1175 2196 1336 2278; x_wconf 88' lang='lat' dir='ltr'><strong>principe</strong></span> <span class='ocrx_word' id='word_1_148' title='bbox 1368 2204 1404 2257; x_wconf 90' lang='lat' dir='ltr'><strong>et</strong></span> <span class='ocrx_word' id='word_1_149' title='bbox 1427 2216 1449 2257; x_wconf 87' lang='lat' dir='ltr'><strong>a</strong></span> 
     </span>
     <span class='ocr_line' id='line_1_17' title="bbox 168 2302 1446 2387; baseline -0.002 -21"><span class='ocrx_word' id='word_1_150' title='bbox 168 2303 326 2366; x_wconf 80' lang='lat' dir='ltr'><strong>Cherres</strong></span> <span class='ocrx_word' id='word_1_151' title='bbox 356 2314 390 2365; x_wconf 91' lang='lat' dir='ltr'><strong>et</strong></span> <span class='ocrx_word' id='word_1_152' title='bbox 415 2314 514 2367; x_wconf 88' lang='lat' dir='ltr'><strong>tanto</strong></span> <span class='ocrx_word' id='word_1_153' title='bbox 538 2305 598 2387; x_wconf 80' lang='lat' dir='ltr'><strong>piu</strong></span> <span class='ocrx_word' id='word_1_154' title='bbox 625 2305 810 2366; x_wconf 89' lang='lat' dir='ltr'><strong>aestimato</strong></span> <span class='ocrx_word' id='word_1_155' title='bbox 835 2306 987 2368; x_wconf 89' lang='lat' dir='ltr'><strong>sarebbe</strong></span> <span class='ocrx_word' id='word_1_156' title='bbox 1013 2306 1064 2367; x_wconf 90' lang='lat' dir='ltr'><strong>sel</strong></span> <span class='ocrx_word' id='word_1_157' title='bbox 1096 2324 1242 2384; x_wconf 88' lang='lat' dir='ltr'><strong>sapesse</strong></span> <span class='ocrx_word' id='word_1_158' title='bbox 1267 2323 1365 2366; x_wconf 89' lang='lat' dir='ltr'><strong>esser</strong></span> <span class='ocrx_word' id='word_1_159' title='bbox 1388 2302 1446 2384; x_wconf 81' lang='lat' dir='ltr'><strong>piu</strong></span> 
     </span>
     <span class='ocr_line' id='line_1_18' title="bbox 166 2409 1446 2492; baseline -0.001 -21"><span class='ocrx_word' id='word_1_160' title='bbox 166 2410 318 2472; x_wconf 86' lang='lat' dir='ltr'><strong>frenate.</strong></span> <span class='ocrx_word' id='word_1_161' title='bbox 372 2409 525 2474; x_wconf 89' lang='lat' dir='ltr'><strong>Omnino</strong></span> <span class='ocrx_word' id='word_1_162' title='bbox 555 2412 705 2492; x_wconf 90' lang='lat' dir='ltr'><strong>plurima</strong></span> <span class='ocrx_word' id='word_1_163' title='bbox 738 2411 821 2473; x_wconf 83' lang='lat' dir='ltr'><strong>fecit</strong></span> <span class='ocrx_word' id='word_1_164' title='bbox 853 2422 887 2473; x_wconf 90' lang='lat' dir='ltr'><strong>et</strong></span> <span class='ocrx_word' id='word_1_165' title='bbox 919 2415 970 2491; x_wconf 88' lang='lat' dir='ltr'><strong>(ut</strong></span> <span class='ocrx_word' id='word_1_166' title='bbox 999 2414 1116 2492; x_wconf 82' lang='lat' dir='ltr'><strong>spero)</strong></span> <span class='ocrx_word' id='word_1_167' title='bbox 1146 2413 1250 2492; x_wconf 92' lang='lat' dir='ltr'><strong>plura</strong></span> <span class='ocrx_word' id='word_1_168' title='bbox 1280 2409 1388 2472; x_wconf 82' lang='lat' dir='ltr'><strong>faciet</strong></span> <span class='ocrx_word' id='word_1_169' title='bbox 1412 2410 1446 2470; x_wconf 92' lang='grc'><strong>13</strong></span> 
     </span>
     <span class='ocr_line' id='line_1_19' title="bbox 167 2515 1448 2600; baseline -0.002 -21"><span class='ocrx_word' id='word_1_170' title='bbox 167 2538 275 2579; x_wconf 85' lang='lat' dir='ltr'><strong>causa</strong></span> <span class='ocrx_word' id='word_1_171' title='bbox 300 2528 438 2596; x_wconf 88' lang='lat' dir='ltr'><strong>nostra,</strong></span> <span class='ocrx_word' id='word_1_172' title='bbox 472 2518 506 2578; x_wconf 88' lang='lat' dir='ltr'><strong>la</strong></span> <span class='ocrx_word' id='word_1_173' title='bbox 541 2519 624 2598; x_wconf 90' lang='lat' dir='ltr'><strong>qual</strong></span> <span class='ocrx_word' id='word_1_174' title='bbox 660 2520 772 2599; x_wconf 80' lang='lat' dir='ltr'><strong>perho</strong></span> <span class='ocrx_word' id='word_1_175' title='bbox 798 2519 815 2580; x_wconf 73' lang='lat' dir='ltr'><strong>i:</strong></span> <span class='ocrx_word' id='word_1_176' title='bbox 841 2539 914 2580; x_wconf 87' lang='lat' dir='ltr'><strong>sua.</strong></span> <span class='ocrx_word' id='word_1_177' title='bbox 962 2520 1080 2600; x_wconf 86' lang='lat' dir='ltr'><strong>Prege</strong></span> <span class='ocrx_word' id='word_1_178' title='bbox 1106 2518 1149 2580; x_wconf 92' lang='lat' dir='ltr'><strong>V.</strong></span> <span class='ocrx_word' id='word_1_179' title='bbox 1175 2515 1210 2580; x_wconf 88' lang='lat' dir='ltr'><strong>S.</strong></span> <span class='ocrx_word' id='word_1_180' title='bbox 1237 2517 1333 2580; x_wconf 87' lang='lat' dir='ltr'><strong>Rma</strong></span> <span class='ocrx_word' id='word_1_181' title='bbox 1356 2515 1448 2579; x_wconf 81' lang='lat' dir='ltr'><strong>faeci</strong></span> 
     </span>
     <span class='ocr_line' id='line_1_20' title="bbox 167 2603 1448 2707; baseline -0.001 -21"><span class='ocrx_word' id='word_1_182' title='bbox 167 2625 318 2707; x_wconf 88' lang='lat' dir='ltr'><strong>qualche</strong></span> <span class='ocrx_word' id='word_1_183' title='bbox 344 2644 428 2685; x_wconf 88' lang='lat' dir='ltr'><strong>cosa</strong></span> <span class='ocrx_word' id='word_1_184' title='bbox 452 2644 516 2704; x_wconf 88' lang='lat' dir='ltr'><strong>per</strong></span> <span class='ocrx_word' id='word_1_185' title='bbox 541 2624 589 2685; x_wconf 91' lang='lat' dir='ltr'><strong>lui</strong></span> <span class='ocrx_word' id='word_1_186' title='bbox 619 2625 653 2687; x_wconf 91' lang='lat' dir='ltr'><strong>in</strong></span> <span class='ocrx_word' id='word_1_187' title='bbox 690 2626 789 2687; x_wconf 89' lang='lat' dir='ltr'><strong>detta</strong></span> <span class='ocrx_word' id='word_1_188' title='bbox 822 2645 948 2705; x_wconf 90' lang='lat' dir='ltr'><strong>causa,</strong></span> <span class='ocrx_word' id='word_1_189' title='bbox 984 2628 1067 2706; x_wconf 90' lang='lat' dir='ltr'><strong>qual</strong></span> <span class='ocrx_word' id='word_1_190' title='bbox 1102 2603 1209 2687; x_wconf 84' lang='lat' dir='ltr'><strong>credo</strong></span> <span class='ocrx_word' id='word_1_191' title='bbox 1245 2645 1315 2686; x_wconf 88' lang='lat' dir='ltr'><strong>uon</strong></span> <span class='ocrx_word' id='word_1_192' title='bbox 1351 2644 1448 2687; x_wconf 90' lang='lat' dir='ltr'><strong>esser</strong></span> 
     </span>
     <span class='ocr_line' id='line_1_21' title="bbox 166 2730 1447 2814; baseline -0.001 -22"><span class='ocrx_word' id='word_1_193' title='bbox 166 2732 286 2813; x_wconf 87' lang='lat' dir='ltr'><strong>iniqua</strong></span> <span class='ocrx_word' id='word_1_194' title='bbox 312 2735 423 2814; x_wconf 90' lang='lat' dir='ltr'><strong>(come</strong></span> <span class='ocrx_word' id='word_1_195' title='bbox 448 2730 607 2811; x_wconf 88' lang='lat' dir='ltr'><strong>intendo)</strong></span> <span class='ocrx_word' id='word_1_196' title='bbox 632 2735 745 2813; x_wconf 81' lang='lat' dir='ltr'><strong>pethe</strong></span> <span class='ocrx_word' id='word_1_197' title='bbox 771 2744 805 2793; x_wconf 93' lang='lat' dir='ltr'><strong>et</strong></span> <span class='ocrx_word' id='word_1_198' title='bbox 829 2743 928 2794; x_wconf 88' lang='lat' dir='ltr'><strong>tanto</strong></span> <span class='ocrx_word' id='word_1_199' title='bbox 954 2732 1013 2813; x_wconf 76' lang='lat' dir='ltr'><strong>plu</strong></span> <span class='ocrx_word' id='word_1_200' title='bbox 1039 2735 1073 2795; x_wconf 91' lang='lat' dir='ltr'><strong>la</strong></span> <span class='ocrx_word' id='word_1_201' title='bbox 1096 2752 1210 2814; x_wconf 83' lang='lat' dir='ltr'><strong>prego</strong></span> <span class='ocrx_word' id='word_1_202' title='bbox 1235 2739 1367 2812; x_wconf 87' lang='lat' dir='ltr'><strong>quanto</strong></span> <span class='ocrx_word' id='word_1_203' title='bbox 1392 2750 1447 2792; x_wconf 91' lang='lat' dir='ltr'><strong>me</strong></span> 
     </span>
     <span class='ocr_line' id='line_1_22' title="bbox 166 2821 1448 2921; baseline 0.001 -23"><span class='ocrx_word' id='word_1_204' title='bbox 166 2837 247 2900; x_wconf 73' lang='lat' dir='ltr'><strong>sari</strong></span> <span class='ocrx_word' id='word_1_205' title='bbox 278 2859 299 2899; x_wconf 93' lang='lat' dir='ltr'><strong>a</strong></span> <span class='ocrx_word' id='word_1_206' title='bbox 330 2859 385 2900; x_wconf 88' lang='lat' dir='ltr'><strong>me</strong></span> <span class='ocrx_word' id='word_1_207' title='bbox 420 2839 465 2900; x_wconf 87' lang='lat' dir='ltr'><strong>de</strong></span> <span class='ocrx_word' id='word_1_208' title='bbox 498 2839 649 2919; x_wconf 86' lang='lat' dir='ltr'><strong>qualche</strong></span> <span class='ocrx_word' id='word_1_209' title='bbox 678 2841 748 2901; x_wconf 93' lang='lat' dir='ltr'><strong>bon</strong></span> <span class='ocrx_word' id='word_1_210' title='bbox 779 2839 979 2921; x_wconf 77' lang='lat' dir='ltr'><strong>preposite,</strong></span> <span class='ocrx_word' id='word_1_211' title='bbox 1013 2861 1050 2902; x_wconf 86' lang='lat' dir='ltr'><strong>se</strong></span> <span class='ocrx_word' id='word_1_212' title='bbox 1081 2821 1281 2921; x_wconf 83' lang='lat' dir='ltr'><strong>pareranno</strong></span> <span class='ocrx_word' id='word_1_213' title='bbox 1315 2841 1348 2900; x_wconf 89' lang='lat' dir='ltr'><strong>le</strong></span> <span class='ocrx_word' id='word_1_214' title='bbox 1379 2837 1448 2899; x_wconf 92' lang='lat' dir='ltr'><strong>mie</strong></span> 
     </span>
     <span class='ocr_line' id='line_1_23' title="bbox 166 2943 1447 3028; baseline -0.002 -21"><span class='ocrx_word' id='word_1_215' title='bbox 166 2944 357 3026; x_wconf 85' lang='lat' dir='ltr'><strong>preghiere</strong></span> <span class='ocrx_word' id='word_1_216' title='bbox 387 2965 455 3007; x_wconf 93' lang='grc'><strong>303</strong></span> <span class='ocrx_word' id='word_1_217' title='bbox 472 2965 569 3008; x_wconf 83' lang='lat' dir='ltr'><strong>esser</strong></span> <span class='ocrx_word' id='word_1_218' title='bbox 585 2943 675 3007; x_wconf 82' lang='lat' dir='ltr'><strong>state</strong></span> <span class='ocrx_word' id='word_1_219' title='bbox 692 2946 849 3028; x_wconf 81' lang='lat' dir='ltr'><strong>volgari;</strong></span> <span class='ocrx_word' id='word_1_220' title='bbox 876 2946 900 3007; x_wconf 95' lang='lat' dir='ltr'><strong>li</strong></span> <span class='ocrx_word' id='word_1_221' title='bbox 917 2946 1038 3026; x_wconf 82' lang='lat' dir='ltr'><strong>agenti</strong></span> <span class='ocrx_word' id='word_1_222' title='bbox 1055 2967 1142 3009; x_wconf 89' lang='lat' dir='ltr'><strong>seno</strong></span> <span class='ocrx_word' id='word_1_223' title='bbox 1160 2966 1292 3008; x_wconf 87' lang='lat' dir='ltr'><strong>messer</strong></span> <span class='ocrx_word' id='word_1_224' title='bbox 1308 2947 1447 3025; x_wconf 87' lang='lat' dir='ltr'><strong>Juliane</strong></span> 
     </span>
     <span class='ocr_line' id='line_1_24' title="bbox 167 3051 1447 3134; baseline 0.001 -22"><span class='ocrx_word' id='word_1_225' title='bbox 167 3051 313 3114; x_wconf 80' lang='lat' dir='ltr'><strong>Nasello</strong></span> <span class='ocrx_word' id='word_1_226' title='bbox 337 3062 551 3133; x_wconf 88' lang='lat' dir='ltr'><strong>procurator</strong></span> <span class='ocrx_word' id='word_1_227' title='bbox 575 3062 610 3113; x_wconf 86' lang='lat' dir='ltr'><strong>et</strong></span> <span class='ocrx_word' id='word_1_228' title='bbox 634 3053 658 3113; x_wconf 93' lang='lat' dir='ltr'><strong>li</strong></span> <span class='ocrx_word' id='word_1_229' title='bbox 684 3052 855 3115; x_wconf 89' lang='lat' dir='ltr'><strong>Grimaldi</strong></span> <span class='ocrx_word' id='word_1_230' title='bbox 891 3052 1091 3131; x_wconf 87' lang='lat' dir='ltr'><strong>banchieri,</strong></span> <span class='ocrx_word' id='word_1_231' title='bbox 1123 3054 1181 3115; x_wconf 90' lang='lat' dir='ltr'><strong>alli</strong></span> <span class='ocrx_word' id='word_1_232' title='bbox 1213 3052 1307 3134; x_wconf 89' lang='lat' dir='ltr'><strong>quali</strong></span> <span class='ocrx_word' id='word_1_233' title='bbox 1331 3052 1447 3113; x_wconf 91' lang='lat' dir='ltr'><strong>scrivo</strong></span> 
     </span>
     <span class='ocr_line' id='line_1_25' title="bbox 167 3157 1448 3241; baseline 0.001 -22"><span class='ocrx_word' id='word_1_234' title='bbox 167 3180 205 3220; x_wconf 89' lang='lat' dir='ltr'><strong>se</strong></span> <span class='ocrx_word' id='word_1_235' title='bbox 231 3158 421 3221; x_wconf 90' lang='lat' dir='ltr'><strong>addresino</strong></span> <span class='ocrx_word' id='word_1_236' title='bbox 446 3159 505 3220; x_wconf 87' lang='lat' dir='ltr'><strong>alli</strong></span> <span class='ocrx_word' id='word_1_237' title='bbox 531 3158 714 3221; x_wconf 89' lang='lat' dir='ltr'><strong>secretarii</strong></span> <span class='ocrx_word' id='word_1_238' title='bbox 739 3160 783 3220; x_wconf 86' lang='lat' dir='ltr'><strong>de</strong></span> <span class='ocrx_word' id='word_1_239' title='bbox 808 3158 852 3221; x_wconf 91' lang='lat' dir='ltr'><strong>V.</strong></span> <span class='ocrx_word' id='word_1_240' title='bbox 878 3157 914 3221; x_wconf 72' lang='lat' dir='ltr'><strong>S.</strong></span> <span class='ocrx_word' id='word_1_241' title='bbox 940 3159 1023 3221; x_wconf 58' lang='grc' dir='ltr'><strong>ΚΜ.</strong></span> <span class='ocrx_word' id='word_1_242' title='bbox 1072 3160 1159 3222; x_wconf 89' lang='lat' dir='ltr'><strong>Esse</strong></span> <span class='ocrx_word' id='word_1_243' title='bbox 1185 3160 1363 3241; x_wconf 87' lang='lat' dir='ltr'><strong>Episcopo</strong></span> <span class='ocrx_word' id='word_1_244' title='bbox 1392 3180 1448 3221; x_wconf 90' lang='lat' dir='ltr'><strong>me</strong></span> 
     </span>
     <span class='ocr_line' id='line_1_26' title="bbox 167 3265 1448 3329; baseline 0.001 -3"><span class='ocrx_word' id='word_1_245' title='bbox 167 3266 214 3326; x_wconf 92' lang='lat' dir='ltr'><strong>ha</strong></span> <span class='ocrx_word' id='word_1_246' title='bbox 249 3266 349 3327; x_wconf 90' lang='lat' dir='ltr'><strong>detto</strong></span> <span class='ocrx_word' id='word_1_247' title='bbox 385 3267 450 3327; x_wconf 91' lang='lat' dir='ltr'><strong>che</strong></span> <span class='ocrx_word' id='word_1_248' title='bbox 486 3266 520 3327; x_wconf 92' lang='lat' dir='ltr'><strong>io</strong></span> <span class='ocrx_word' id='word_1_249' title='bbox 552 3265 659 3327; x_wconf 88' lang='lat' dir='ltr'><strong>scrivi</strong></span> <span class='ocrx_word' id='word_1_250' title='bbox 683 3268 748 3328; x_wconf 91' lang='lat' dir='ltr'><strong>che</strong></span> <span class='ocrx_word' id='word_1_251' title='bbox 774 3267 832 3328; x_wconf 88' lang='lat' dir='ltr'><strong>del</strong></span> <span class='ocrx_word' id='word_1_252' title='bbox 858 3276 949 3327; x_wconf 91' lang='lat' dir='ltr'><strong>tutto</strong></span> <span class='ocrx_word' id='word_1_253' title='bbox 974 3287 1012 3328; x_wconf 90' lang='lat' dir='ltr'><strong>se</strong></span> <span class='ocrx_word' id='word_1_254' title='bbox 1038 3268 1131 3328; x_wconf 87' lang='lat' dir='ltr'><strong>dona</strong></span> <span class='ocrx_word' id='word_1_255' title='bbox 1155 3266 1214 3328; x_wconf 88' lang='lat' dir='ltr'><strong>alli</strong></span> <span class='ocrx_word' id='word_1_256' title='bbox 1238 3266 1379 3329; x_wconf 87' lang='lat' dir='ltr'><strong>servicii</strong></span> <span class='ocrx_word' id='word_1_257' title='bbox 1404 3267 1448 3328; x_wconf 91' lang='lat' dir='ltr'><strong>de</strong></span> 
     </span>
     <span class='ocr_line' id='line_1_27' title="bbox 168 3371 1448 3454; baseline 0 -22"><span class='ocrx_word' id='word_1_258' title='bbox 168 3372 297 3451; x_wconf 87' lang='lat' dir='ltr'><strong>quella.</strong></span> <span class='ocrx_word' id='word_1_259' title='bbox 345 3371 494 3453; x_wconf 89' lang='lat' dir='ltr'><strong>Insuper</strong></span> <span class='ocrx_word' id='word_1_260' title='bbox 518 3392 652 3436; x_wconf 87' lang='lat' dir='ltr'><strong>messer</strong></span> <span class='ocrx_word' id='word_1_261' title='bbox 675 3372 729 3452; x_wconf 88' lang='lat' dir='ltr'><strong>J0.</strong></span> <span class='ocrx_word' id='word_1_262' title='bbox 745 3373 844 3454; x_wconf 84' lang='lat' dir='ltr'><strong>Gays</strong></span> <span class='ocrx_word' id='word_1_263' title='bbox 869 3372 956 3434; x_wconf 88' lang='lat' dir='ltr'><strong>alias</strong></span> <span class='ocrx_word' id='word_1_264' title='bbox 972 3373 1109 3435; x_wconf 86' lang='lat' dir='ltr'><strong>notario</strong></span> <span class='ocrx_word' id='word_1_265' title='bbox 1135 3374 1179 3434; x_wconf 91' lang='lat' dir='ltr'><strong>de</strong></span> <span class='ocrx_word' id='word_1_266' title='bbox 1203 3374 1224 3435; x_wconf 82' lang='lat' dir='ltr'><strong>l’</strong></span> <span class='ocrx_word' id='word_1_267' title='bbox 1241 3374 1380 3435; x_wconf 87' lang='lat' dir='ltr'><strong>auditor</strong></span> <span class='ocrx_word' id='word_1_268' title='bbox 1404 3374 1448 3433; x_wconf 90' lang='lat' dir='ltr'><strong>de</strong></span> 
     </span>
     <span class='ocr_line' id='line_1_28' title="bbox 168 3479 1448 3562; baseline -0.001 -21"><span class='ocrx_word' id='word_1_269' title='bbox 168 3480 202 3541; x_wconf 92' lang='lat' dir='ltr'><strong>la</strong></span> <span class='ocrx_word' id='word_1_270' title='bbox 228 3479 377 3541; x_wconf 87' lang='lat' dir='ltr'><strong>Camera</strong></span> <span class='ocrx_word' id='word_1_271' title='bbox 410 3479 469 3559; x_wconf 90' lang='lat' dir='ltr'><strong>qui</strong></span> <span class='ocrx_word' id='word_1_272' title='bbox 501 3479 536 3540; x_wconf 92' lang='lat' dir='ltr'><strong>in</strong></span> <span class='ocrx_word' id='word_1_273' title='bbox 570 3490 696 3560; x_wconf 89' lang='lat' dir='ltr'><strong>questa</strong></span> <span class='ocrx_word' id='word_1_274' title='bbox 725 3488 822 3541; x_wconf 87' lang='lat' dir='ltr'><strong>corte</strong></span> <span class='ocrx_word' id='word_1_275' title='bbox 847 3479 894 3541; x_wconf 92' lang='lat' dir='ltr'><strong>mi</strong></span> <span class='ocrx_word' id='word_1_276' title='bbox 917 3492 1039 3560; x_wconf 89' lang='lat' dir='ltr'><strong>presta</strong></span> <span class='ocrx_word' id='word_1_277' title='bbox 1063 3480 1148 3562; x_wconf 86' lang='lat' dir='ltr'><strong>ogni</strong></span> <span class='ocrx_word' id='word_1_278' title='bbox 1173 3483 1242 3542; x_wconf 91' lang='lat' dir='ltr'><strong>ben</strong></span> <span class='ocrx_word' id='word_1_279' title='bbox 1268 3480 1388 3542; x_wconf 86' lang='lat' dir='ltr'><strong>officio</strong></span> <span class='ocrx_word' id='word_1_280' title='bbox 1412 3480 1448 3540; x_wconf 89' lang='lat' dir='ltr'><strong>iu</strong></span> 
     </span>
     <span class='ocr_line' id='line_1_29' title="bbox 168 3585 1447 3668; baseline 0.002 -22"><span class='ocrx_word' id='word_1_281' title='bbox 168 3585 318 3665; x_wconf 90' lang='lat' dir='ltr'><strong>stipular</strong></span> <span class='ocrx_word' id='word_1_282' title='bbox 343 3585 562 3648; x_wconf 89' lang='lat' dir='ltr'><strong>instrumenti</strong></span> <span class='ocrx_word' id='word_1_283' title='bbox 588 3596 623 3649; x_wconf 92' lang='lat' dir='ltr'><strong>et</strong></span> <span class='ocrx_word' id='word_1_284' title='bbox 647 3586 787 3648; x_wconf 85' lang='lat' dir='ltr'><strong>adiutar</strong></span> <span class='ocrx_word' id='word_1_285' title='bbox 811 3608 831 3648; x_wconf 87' lang='lat' dir='ltr'><strong>a</strong></span> <span class='ocrx_word' id='word_1_286' title='bbox 855 3587 990 3649; x_wconf 87' lang='lat' dir='ltr'><strong>scriver</strong></span> <span class='ocrx_word' id='word_1_287' title='bbox 1013 3587 1047 3648; x_wconf 93' lang='lat' dir='ltr'><strong>in</strong></span> <span class='ocrx_word' id='word_1_288' title='bbox 1073 3588 1108 3648; x_wconf 91' lang='lat' dir='ltr'><strong>la</strong></span> <span class='ocrx_word' id='word_1_289' title='bbox 1128 3608 1235 3650; x_wconf 84' lang='lat' dir='ltr'><strong>causa</strong></span> <span class='ocrx_word' id='word_1_290' title='bbox 1252 3588 1447 3668; x_wconf 88' lang='lat' dir='ltr'><strong>lutherana,</strong></span> 
     </span>
     <span class='ocr_line' id='line_1_30' title="bbox 168 3692 1447 3773; baseline 0.002 -20"><span class='ocrx_word' id='word_1_291' title='bbox 168 3695 280 3772; x_wconf 78' lang='lat' dir='ltr'><strong>perhe</strong></span> <span class='ocrx_word' id='word_1_292' title='bbox 314 3693 456 3773; x_wconf 82' lang='lat' dir='ltr'><strong>ingrato</strong></span> <span class='ocrx_word' id='word_1_293' title='bbox 488 3692 599 3755; x_wconf 89' lang='lat' dir='ltr'><strong>sarrei</strong></span> <span class='ocrx_word' id='word_1_294' title='bbox 628 3713 666 3754; x_wconf 89' lang='lat' dir='ltr'><strong>se</strong></span> <span class='ocrx_word' id='word_1_295' title='bbox 691 3713 761 3754; x_wconf 91' lang='lat' dir='ltr'><strong>non</strong></span> <span class='ocrx_word' id='word_1_296' title='bbox 787 3694 820 3755; x_wconf 94' lang='lat' dir='ltr'><strong>lo</strong></span> <span class='ocrx_word' id='word_1_297' title='bbox 844 3696 1141 3756; x_wconf 86' lang='lat' dir='ltr'><strong>reccomandasse</strong></span> <span class='ocrx_word' id='word_1_298' title='bbox 1165 3715 1186 3755; x_wconf 89' lang='lat' dir='ltr'><strong>a</strong></span> <span class='ocrx_word' id='word_1_299' title='bbox 1212 3694 1254 3756; x_wconf 92' lang='lat' dir='ltr'><strong>V.</strong></span> <span class='ocrx_word' id='word_1_300' title='bbox 1280 3695 1316 3758; x_wconf 78' lang='lat' dir='ltr'><strong>S.</strong></span> <span class='ocrx_word' id='word_1_301' title='bbox 1342 3694 1447 3756; x_wconf 88' lang='lat' dir='ltr'><strong>Rma.</strong></span> 
     </span>
     <span class='ocr_line' id='line_1_31' title="bbox 168 3798 1447 3881; baseline 0.003 -22"><span class='ocrx_word' id='word_1_302' title='bbox 168 3798 303 3862; x_wconf 88' lang='lat' dir='ltr'><strong>Mando</strong></span> <span class='ocrx_word' id='word_1_303' title='bbox 336 3800 370 3861; x_wconf 93' lang='lat' dir='ltr'><strong>el</strong></span> <span class='ocrx_word' id='word_1_304' title='bbox 402 3819 466 3860; x_wconf 91' lang='lat' dir='ltr'><strong>suo</strong></span> <span class='ocrx_word' id='word_1_305' title='bbox 498 3799 702 3861; x_wconf 86' lang='lat' dir='ltr'><strong>memoriale</strong></span> <span class='ocrx_word' id='word_1_306' title='bbox 735 3809 769 3861; x_wconf 90' lang='lat' dir='ltr'><strong>et</strong></span> <span class='ocrx_word' id='word_1_307' title='bbox 793 3800 956 3881; x_wconf 87' lang='lat' dir='ltr'><strong>supplico</strong></span> <span class='ocrx_word' id='word_1_308' title='bbox 981 3800 1125 3863; x_wconf 87' lang='lat' dir='ltr'><strong>insieme</strong></span> <span class='ocrx_word' id='word_1_309' title='bbox 1151 3821 1229 3864; x_wconf 92' lang='lat' dir='ltr'><strong>cum</strong></span> <span class='ocrx_word' id='word_1_310' title='bbox 1253 3820 1336 3863; x_wconf 89' lang='lat' dir='ltr'><strong>seco</strong></span> <span class='ocrx_word' id='word_1_311' title='bbox 1360 3823 1399 3863; x_wconf 90' lang='lat' dir='ltr'><strong>se</strong></span> <span class='ocrx_word' id='word_1_312' title='bbox 1424 3802 1447 3863; x_wconf 93' lang='lat' dir='ltr'><strong>li</strong></span> 
     </span>
     <span class='ocr_line' id='line_1_32' title="bbox 167 3905 1043 3989; baseline 0.002 -21"><span class='ocrx_word' id='word_1_313' title='bbox 167 3905 260 3968; x_wconf 86' lang='lat' dir='ltr'><strong>faeci</strong></span> <span class='ocrx_word' id='word_1_314' title='bbox 284 3906 402 3987; x_wconf 82' lang='lat' dir='ltr'><strong>gratia</strong></span> <span class='ocrx_word' id='word_1_315' title='bbox 425 3906 469 3967; x_wconf 90' lang='lat' dir='ltr'><strong>de</strong></span> <span class='ocrx_word' id='word_1_316' title='bbox 494 3905 586 3968; x_wconf 84' lang='lat' dir='ltr'><strong>iusta</strong></span> <span class='ocrx_word' id='word_1_317' title='bbox 611 3917 645 3968; x_wconf 90' lang='lat' dir='ltr'><strong>et</strong></span> <span class='ocrx_word' id='word_1_318' title='bbox 669 3907 778 3969; x_wconf 87' lang='lat' dir='ltr'><strong>celeri</strong></span> <span class='ocrx_word' id='word_1_319' title='bbox 803 3907 1043 3989; x_wconf 86' lang='lat' dir='ltr'><strong>expeditione.</strong></span> 
     </span>
    </p>

    <p class='ocr_par' dir='ltr' id='par_1_5' title="bbox 135 4013 1449 4614">
     <span class='ocr_line' id='line_1_33' title="bbox 255 4013 1447 4086; baseline 0.003 -10"><span class='ocrx_word' id='word_1_320' title='bbox 255 4013 463 4076; x_wconf 78' lang='lat' dir='ltr'><strong>Retornard</strong></span> <span class='ocrx_word' id='word_1_321' title='bbox 487 4034 596 4076; x_wconf 86' lang='lat' dir='ltr'><strong>ancor</strong></span> <span class='ocrx_word' id='word_1_322' title='bbox 619 4016 689 4076; x_wconf 87' lang='lat' dir='ltr'><strong>alla</strong></span> <span class='ocrx_word' id='word_1_323' title='bbox 713 4034 820 4076; x_wconf 88' lang='grc'><strong>33353</strong></span> <span class='ocrx_word' id='word_1_324' title='bbox 846 4016 889 4076; x_wconf 89' lang='lat' dir='ltr'><strong>de</strong></span> <span class='ocrx_word' id='word_1_325' title='bbox 915 4015 1065 4086; x_wconf 89' lang='lat' dir='ltr'><strong>Luther;</strong></span> <span class='ocrx_word' id='word_1_326' title='bbox 1100 4019 1253 4078; x_wconf 86' lang='lat' dir='ltr'><strong>sarebbe</strong></span> <span class='ocrx_word' id='word_1_327' title='bbox 1285 4020 1380 4079; x_wconf 91' lang='lat' dir='ltr'><strong>bono</strong></span> <span class='ocrx_word' id='word_1_328' title='bbox 1412 4027 1447 4080; x_wconf 91' lang='lat' dir='ltr'><strong>et</strong></span> 
     </span>
     <span class='ocr_line' id='line_1_34' title="bbox 135 4120 1449 4201; baseline 0.005 -21"><span class='ocrx_word' id='word_1_329' title='bbox 135 4123 140 4130; x_wconf 85' lang='lat'><strong><em>&#39;</em></strong></span> <span class='ocrx_word' id='word_1_330' title='bbox 168 4120 214 4182; x_wconf 88' lang='lat' dir='ltr'><strong>de</strong></span> <span class='ocrx_word' id='word_1_331' title='bbox 244 4120 400 4183; x_wconf 93' lang='lat' dir='ltr'><strong>conselio</strong></span> <span class='ocrx_word' id='word_1_332' title='bbox 435 4122 479 4182; x_wconf 89' lang='lat' dir='ltr'><strong>de</strong></span> <span class='ocrx_word' id='word_1_333' title='bbox 510 4121 591 4182; x_wconf 88' lang='lat' dir='ltr'><strong>tutti</strong></span> <span class='ocrx_word' id='word_1_334' title='bbox 623 4121 681 4201; x_wconf 90' lang='lat' dir='ltr'><strong>qui</strong></span> <span class='ocrx_word' id='word_1_335' title='bbox 717 4122 782 4182; x_wconf 92' lang='lat' dir='ltr'><strong>che</strong></span> <span class='ocrx_word' id='word_1_336' title='bbox 815 4121 843 4183; x_wconf 87' lang='lat' dir='ltr'><strong>si</strong></span> <span class='ocrx_word' id='word_1_337' title='bbox 868 4121 1042 4184; x_wconf 88' lang='lat' dir='ltr'><strong>scrivesse</strong></span> <span class='ocrx_word' id='word_1_338' title='bbox 1067 4143 1113 4184; x_wconf 94' lang='lat' dir='ltr'><strong>un</strong></span> <span class='ocrx_word' id='word_1_339' title='bbox 1138 4125 1247 4186; x_wconf 89' lang='lat' dir='ltr'><strong>breve</strong></span> <span class='ocrx_word' id='word_1_340' title='bbox 1271 4144 1292 4185; x_wconf 92' lang='lat' dir='ltr'><strong>a</strong></span> <span class='ocrx_word' id='word_1_341' title='bbox 1317 4124 1449 4187; x_wconf 86' lang='lat' dir='ltr'><strong>Caesar</strong></span> 
     </span>
     <span class='ocr_line' id='line_1_35' title="bbox 169 4227 1447 4311; baseline 0.005 -23"><span class='ocrx_word' id='word_1_342' title='bbox 169 4227 461 4308; x_wconf 85' lang='lat' dir='ltr'><strong>rengratiandole</strong></span> <span class='ocrx_word' id='word_1_343' title='bbox 486 4228 530 4289; x_wconf 90' lang='lat' dir='ltr'><strong>de</strong></span> <span class='ocrx_word' id='word_1_344' title='bbox 555 4230 589 4289; x_wconf 88' lang='lat' dir='ltr'><strong>la</strong></span> <span class='ocrx_word' id='word_1_345' title='bbox 613 4231 708 4290; x_wconf 89' lang='lat' dir='ltr'><strong>bona</strong></span> <span class='ocrx_word' id='word_1_346' title='bbox 732 4227 967 4290; x_wconf 86' lang='lat' dir='ltr'><strong>deliberation</strong></span> <span class='ocrx_word' id='word_1_347' title='bbox 993 4249 1067 4308; x_wconf 87' lang='lat' dir='ltr'><strong>sua,</strong></span> <span class='ocrx_word' id='word_1_348' title='bbox 1092 4230 1138 4291; x_wconf 92' lang='lat' dir='ltr'><strong>de</strong></span> <span class='ocrx_word' id='word_1_349' title='bbox 1162 4231 1196 4291; x_wconf 90' lang='grc'><strong>13</strong></span> <span class='ocrx_word' id='word_1_350' title='bbox 1220 4234 1302 4311; x_wconf 89' lang='lat' dir='ltr'><strong>qual</strong></span> <span class='ocrx_word' id='word_1_351' title='bbox 1318 4233 1447 4294; x_wconf 88' lang='lat' dir='ltr'><strong>mando</strong></span> 
     </span>
     <span class='ocr_line' id='line_1_36' title="bbox 168 4337 1447 4425; baseline 0.004 -28"><span class='ocrx_word' id='word_1_352' title='bbox 168 4337 204 4398; x_wconf 87' lang='lat' dir='ltr'><strong>la</strong></span> <span class='ocrx_word' id='word_1_353' title='bbox 227 4337 350 4425; x_wconf 8' lang='lat' dir='ltr'><strong>scritta*</strong></span> <span class='ocrx_word' id='word_1_354' title='bbox 372 4337 416 4399; x_wconf 88' lang='lat' dir='ltr'><strong>de</strong></span> <span class='ocrx_word' id='word_1_355' title='bbox 441 4357 504 4398; x_wconf 92' lang='lat' dir='ltr'><strong>sua</strong></span> <span class='ocrx_word' id='word_1_356' title='bbox 528 4357 633 4398; x_wconf 86' lang='lat' dir='ltr'><strong>mano</strong></span> <span class='ocrx_word' id='word_1_357' title='bbox 658 4349 693 4399; x_wconf 87' lang='lat' dir='ltr'><strong>et</strong></span> <span class='ocrx_word' id='word_1_358' title='bbox 717 4339 898 4400; x_wconf 89' lang='lat' dir='ltr'><strong>exortarlo</strong></span> <span class='ocrx_word' id='word_1_359' title='bbox 924 4339 969 4399; x_wconf 88' lang='lat' dir='ltr'><strong>ad</strong></span> <span class='ocrx_word' id='word_1_360' title='bbox 993 4357 1221 4419; x_wconf 68' lang='lat' dir='ltr'><strong>perseveram,</strong></span> <span class='ocrx_word' id='word_1_361' title='bbox 1253 4349 1289 4401; x_wconf 90' lang='lat' dir='ltr'><strong>et</strong></span> <span class='ocrx_word' id='word_1_362' title='bbox 1320 4339 1447 4402; x_wconf 91' lang='grc'><strong>(113030</strong></span> 
     </span>
     <span class='ocr_line' id='line_1_37' title="bbox 169 4443 1448 4526; baseline 0.002 -19"><span class='ocrx_word' id='word_1_363' title='bbox 169 4446 321 4507; x_wconf 90' lang='lat' dir='ltr'><strong>sarebbe</strong></span> <span class='ocrx_word' id='word_1_364' title='bbox 354 4446 472 4507; x_wconf 92' lang='lat' dir='ltr'><strong>buono</strong></span> <span class='ocrx_word' id='word_1_365' title='bbox 504 4446 569 4505; x_wconf 91' lang='lat' dir='ltr'><strong>che</strong></span> <span class='ocrx_word' id='word_1_366' title='bbox 602 4444 624 4506; x_wconf 89' lang='lat' dir='ltr'><strong>’l</strong></span> <span class='ocrx_word' id='word_1_367' title='bbox 649 4443 729 4506; x_wconf 80' lang='lat' dir='ltr'><strong>St¹¹¹⁰</strong></span> <span class='ocrx_word' id='word_1_368' title='bbox 761 4445 976 4526; x_wconf 87' lang='lat' dir='ltr'><strong>adiungesse</strong></span> <span class='ocrx_word' id='word_1_369' title='bbox 1007 4446 1066 4508; x_wconf 93' lang='lat' dir='ltr'><strong>doi</strong></span> <span class='ocrx_word' id='word_1_370' title='bbox 1099 4445 1165 4508; x_wconf 91' lang='lat' dir='ltr'><strong>soli</strong></span> <span class='ocrx_word' id='word_1_371' title='bbox 1196 4447 1290 4508; x_wconf 88' lang='lat' dir='ltr'><strong>versi</strong></span> <span class='ocrx_word' id='word_1_372' title='bbox 1315 4448 1359 4509; x_wconf 93' lang='lat' dir='ltr'><strong>de</strong></span> <span class='ocrx_word' id='word_1_373' title='bbox 1385 4467 1448 4509; x_wconf 88' lang='lat' dir='ltr'><strong>sua</strong></span> 
     </span>
     <span class='ocr_line' id='line_1_38' title="bbox 169 4551 725 4614; baseline 0 0"><span class='ocrx_word' id='word_1_374' title='bbox 169 4572 273 4614; x_wconf 91' lang='lat' dir='ltr'><strong>mano</strong></span> <span class='ocrx_word' id='word_1_375' title='bbox 297 4571 398 4613; x_wconf 89' lang='lat' dir='ltr'><strong>come</strong></span> <span class='ocrx_word' id='word_1_376' title='bbox 422 4552 469 4613; x_wconf 91' lang='lat' dir='ltr'><strong>ha</strong></span> <span class='ocrx_word' id='word_1_377' title='bbox 491 4551 582 4613; x_wconf 84' lang='lat' dir='ltr'><strong>fatto</strong></span> <span class='ocrx_word' id='word_1_378' title='bbox 608 4551 725 4614; x_wconf 83' lang='lat' dir='ltr'><strong>Cesar.</strong></span> 
     </span>
    </p>

    <p class='ocr_par' dir='ltr' id='par_1_6' title="bbox 169 4656 1446 4954">
     <span class='ocr_line' id='line_1_39' title="bbox 260 4656 1446 4740; baseline 0.002 -20"><span class='ocrx_word' id='word_1_379' title='bbox 260 4660 291 4720; x_wconf 90' lang='lat' dir='ltr'>A</span> <span class='ocrx_word' id='word_1_380' title='bbox 326 4656 492 4720; x_wconf 81' lang='lat' dir='ltr'><strong>l&#39;offrcial</strong></span> <span class='ocrx_word' id='word_1_381' title='bbox 527 4658 1359 4740; x_wconf 66' lang='grc'><strong>(1311333333033133331353313531311113</strong></span> <span class='ocrx_word' id='word_1_382' title='bbox 1383 4661 1446 4722; x_wconf 91' lang='lat' dir='ltr'><strong>util</strong></span> 
     </span>
     <span class='ocr_line' id='line_1_40' title="bbox 169 4764 1445 4848; baseline 0.002 -21"><span class='ocrx_word' id='word_1_383' title='bbox 169 4785 235 4846; x_wconf 90' lang='lat' dir='ltr'><strong>per</strong></span> <span class='ocrx_word' id='word_1_384' title='bbox 267 4767 301 4827; x_wconf 95' lang='lat' dir='ltr'><strong>lo</strong></span> <span class='ocrx_word' id='word_1_385' title='bbox 334 4764 483 4826; x_wconf 91' lang='lat' dir='ltr'><strong>advenir</strong></span> <span class='ocrx_word' id='word_1_386' title='bbox 507 4773 543 4827; x_wconf 91' lang='lat' dir='ltr'><strong>et</strong></span> <span class='ocrx_word' id='word_1_387' title='bbox 567 4766 727 4844; x_wconf 89' lang='lat' dir='ltr'><strong>honesto,</strong></span> <span class='ocrx_word' id='word_1_388' title='bbox 752 4786 817 4846; x_wconf 89' lang='lat' dir='ltr'><strong>per</strong></span> <span class='ocrx_word' id='word_1_389' title='bbox 840 4768 874 4828; x_wconf 93' lang='lat' dir='ltr'><strong>lo</strong></span> <span class='ocrx_word' id='word_1_390' title='bbox 900 4767 966 4828; x_wconf 89' lang='lat' dir='ltr'><strong>che</strong></span> <span class='ocrx_word' id='word_1_391' title='bbox 991 4767 1037 4827; x_wconf 90' lang='lat' dir='ltr'><strong>ha</strong></span> <span class='ocrx_word' id='word_1_392' title='bbox 1059 4765 1149 4828; x_wconf 89' lang='lat' dir='ltr'><strong>fatto</strong></span> <span class='ocrx_word' id='word_1_393' title='bbox 1173 4765 1381 4848; x_wconf 86' lang='lat' dir='ltr'><strong>benissimo,</strong></span> <span class='ocrx_word' id='word_1_394' title='bbox 1414 4768 1445 4829; x_wconf 88' lang='lat' dir='ltr'><strong>el</strong></span> 
     </span>
     <span class='ocr_line' id='line_1_41' title="bbox 170 4871 1445 4954; baseline 0.006 -20"><span class='ocrx_word' id='word_1_395' title='bbox 170 4874 252 4954; x_wconf 89' lang='lat' dir='ltr'><strong>qual</strong></span> <span class='ocrx_word' id='word_1_396' title='bbox 276 4874 410 4935; x_wconf 88' lang='lat' dir='ltr'><strong>anchor</strong></span> <span class='ocrx_word' id='word_1_397' title='bbox 435 4874 500 4935; x_wconf 91' lang='lat' dir='ltr'><strong>che</strong></span> <span class='ocrx_word' id='word_1_398' title='bbox 526 4871 619 4934; x_wconf 91' lang='lat' dir='ltr'><strong>iussu</strong></span> <span class='ocrx_word' id='word_1_399' title='bbox 645 4872 807 4936; x_wconf 86' lang='lat' dir='ltr'><strong>Caesaris</strong></span> <span class='ocrx_word' id='word_1_400' title='bbox 832 4883 867 4938; x_wconf 87' lang='lat' dir='ltr'><strong>et</strong></span> <span class='ocrx_word' id='word_1_401' title='bbox 891 4874 944 4936; x_wconf 90' lang='lat' dir='ltr'><strong>sui</strong></span> <span class='ocrx_word' id='word_1_402' title='bbox 969 4872 1100 4937; x_wconf 91' lang='lat' dir='ltr'><strong>domini</strong></span> <span class='ocrx_word' id='word_1_403' title='bbox 1124 4874 1251 4939; x_wconf 81' lang='lat' dir='ltr'><strong>fecerit</strong></span> <span class='ocrx_word' id='word_1_404' title='bbox 1266 4875 1374 4940; x_wconf 88' lang='lat' dir='ltr'><strong>talem</strong></span> <span class='ocrx_word' id='word_1_405' title='bbox 1396 4874 1445 4942; x_wconf 87' lang='lat' dir='ltr'><strong>in·</strong></span> 
     </span>
    </p>
   </div>
   <div class='ocr_carea' id='block_1_3' title="bbox 0 0 1786 5734">
    <p class='ocr_par' dir='ltr' id='par_1_7' title="bbox 0 0 1786 5734">
     <span class='ocr_line' id='line_1_42' title="bbox 0 0 1786 5734; baseline 0 0"><span class='ocrx_word' id='word_1_406' title='bbox 0 0 1786 5734; x_wconf 95' lang='lat' dir='ltr'><strong> </strong></span> 
     </span>
    </p>
   </div>
  </div>
 </body>
</html>
