3559 5734
1394 584 1887 639 0-<32918><›

361 748 531 791 cosa
580 737 652 791 et
699 729 791 791 mi
842 729 1028 792 disse
1062 729 1169 791 ch'
1202 728 1270 792 io
1317 729 1798 812 rengratiasse
1843 752 1976 813 per
2020 730 2210 794 mille
2257 733 2451 794 volte
2498 733 2586 795 V.
2624 730 2695 796 S.
2727 734 2917 796 Rma

360 844 429 898 et
478 834 797 898 offereva
845 858 920 899 se
970 846 1040 898 et
1088 845 1269 900 tutto
1321 837 1431 900 cio
1481 839 1612 900 che
1661 839 1755 901 ha
1803 840 1871 901 31
1936 839 2192 901 mondo
2257 840 2348 900 ad
2407 839 2576 920 ogni
2626 851 2793 902 nuto
2845 842 2913 902 [li

361 941 447 1005 V.
498 941 571 1005 S.
623 942 845 1012 Rma:
899 995 913 1009 .
950 992 966 1008 .
1002 993 1017 1008 .
1100 992 1115 1007 .
1210 945 1588 1008 Bruxelles
1637 945 1751 1007 die
1813 966 1908 1025 15.
1944 945 2144 1027 Sept.
2193 946 2556 1010 MDXXI.

1567 1390 1713 1454 124.

1093 1505 1739 1587 Viceoanoellarius
1793 1507 2172 1590 Aleandro.

1171 1653 1513 1722 (Nuntiat.
1552 1654 1858 1714 German.
1903 1654 1967 1712 1..
2004 1654 2110 1724 89.)

1291 1775 1396 1832 (18.
1433 1775 1759 1839 Septembris
1804 1772 1978 1843 1521.)

540 1908 863 1971 Havemo
910 1908 1098 1969 lecto
1145 1908 1214 1969 16
1261 1917 1502 1970 vostre
1552 1907 1668 1970 del
1719 1908 1787 1970 ΙΙ
1835 1910 1950 1970 del
1999 1917 2363 1989 presente,
2436 1928 2565 1989 per
2612 1911 2679 1971 le
2728 1910 2917 1991 quali

358 2015 417 2078 si
470 2017 658 2078 vede
704 2035 840 2096 pur
889 2016 1019 2077 che
1068 2016 1305 2096 quella
1352 2015 1851 2078 maledictione
1905 2037 1997 2078 va
2044 2036 2291 2097 spesso
2342 2036 2481 2097 qua
2553 2025 2622 2078 et
2683 2017 2752 2078 la
2821 2038 2917 2078 re-

358 2122 768 2204 pululando,
821 2123 1010 2185 unde
1058 2143 1191 2205 par
1237 2143 1280 2184 a
1325 2122 1410 2185 N.
1462 2120 1534 2185 S.
1586 2124 1717 2185 che
1767 2126 2080 2185 anchora
2128 2123 2195 2185 in
2246 2124 2478 2204 quelle
2526 2124 2760 2185 bande
2813 2126 2913 2186 sia

359 2232 576 2293 molto
626 2229 1031 2292 necessaria
1079 2231 1147 2291 la
1208 2228 1393 2292 virtfi
1461 2238 1532 2291 et
1594 2229 1964 2312 diligentia
2026 2239 2305 2302 vostra;
2375 2230 2599 2310 perho
2663 2230 2731 2291 vi
2801 2254 2913 2294 cx*

356 2336 708 2399 hortiamo
758 2336 849 2397 ad
899 2355 1039 2398 non
1089 2335 1359 2398 levarvi
1406 2334 1637 2398 finche
1689 2347 2067 2399 conoscete
2135 2339 2203 2399 13
2260 2336 2609 2398 medicina
2674 2350 2917 2398 vostra

356 2444 700 2526 bisognar
747 2444 815 2504 al
867 2444 1155 2522 morb0‚
1206 2452 1276 2505 et
1323 2443 1391 2504 in
1442 2454 1691 2524 questo
1743 2444 2108 2507 attendete
2157 2444 2276 2525 pin
2326 2453 2569 2525 presto
2619 2445 2688 2506 al
2736 2464 2913 2506 com-

362 2552 573 2614 modo
625 2549 912 2633 publico
963 2550 1453 2611 come-havete
1485 2549 1678 2612 facto
1726 2549 1869 2613 fino
1920 2549 2039 2632 qui
2089 2553 2219 2615 che
2269 2553 2337 2613 al
2385 2550 2685 2633 privat0.
2785 2554 2913 2614 Νωὶ

358 2669 556 2721 certo
603 2658 676 2720 vi
723 2656 1346 2720 desideraressimo
1405 2678 1699 2740 apresso
1750 2657 1823 2719 di
1883 2658 2042 2738 noi,
2109 2680 2222 2720 ma
2284 2679 2426 2720 non
2488 2662 2913 2722 vorressimn

358 2764 476 2846 gia
523 2765 822 2827 havervi
869 2763 991 2846 poi
1040 2785 1082 2826 3
1128 2764 1529 2827 rimandare
1580 2764 1650 2826 di
1697 2785 1972 2838 nuovo;
2036 2766 2211 2848 pero
2270 2786 2409 2828 non
2461 2765 2500 2827 6
2548 2765 2773 2827 anche
2825 2770 2913 2826 1111

358 2872 701 2953 moversi‚
749 2871 1054 2934 maxime
1104 2873 1234 2934 che
1282 2873 1621 2936 vederete
1669 2892 1802 2954 per
1847 2872 1917 2934 13
1963 2871 2235 2939 inclusa
2283 2874 2537 2937 cedula
2584 2874 2913 2934 mandata

358 2980 476 3042 dal
524 2979 717 3042 Rmo
750 2978 1174 3059 Maguntino
1224 2998 1266 3039 3
1314 2978 1398 3041 N.
1449 2976 1522 3042 S.
1573 2988 1998 3042 novamente
2048 2979 2095 3041 li
2145 2978 2400 3061 grandi
2450 2979 2785 3042 disordini
2845 2994 2913 3042 ast

357 3085 678 3149 scandali
739 3086 871 3149 che
919 3085 976 3147 si
1030 3084 1240 3147 fanno
1290 3087 1476 3147 nelle
1526 3094 1714 3148 terre
1784 3095 1853 3148 et
1915 3096 2101 3148 sotto
2151 3087 2192 3147 l'
2230 3089 2477 3148 ombra
2549 3088 2664 3150 del
2713 3087 2913 3150 Ducat

354 3193 427 3256 di
453 3192 810 3257 Sassonia.
890 3191 972 3255 N.
1002 3189 1075 3255 S.
1126 3192 1282 3255 dice
1313 3213 1401 3256 ve
1431 3212 1519 3255 ne
1552 3193 1915 3255 risentiate
1949 3211 2083 3253 con
2120 3190 2381 3254 Cesare
2431 3203 2500 3255 et
2533 3194 2905 3273 preghiate

358 3302 602 3382 voglia
671 3301 1071 3382 provedere
1134 3322 1176 3363 3
1235 3305 1291 3363 εὶ
1359 3299 1740 3382 perniciosi
1826 3299 2355 3362 inconvenienti
2420 3311 2487 3361 et
2562 3302 2913 3380 procedet·

360 3417 607 3472 contra
672 3407 889 3490 quelli
952 3409 1084 3470 che
1154 3428 1243 3469 ne
1316 3417 1518 3470 sono·
1556 3406 1857 3489 cagione
1923 3406 2233 3468 secondo
2296 3406 2364 3467 la
2434 3405 2662 3468 forma
2724 3409 2909 3470 deslln

360 3516 633 3596 edicto,
685 3518 750 3578 el
798 3517 1007 3597 quale
1056 3536 1131 3578 se
1182 3513 1329 3578 Sua
1392 3513 1718 3578 Serenita
1766 3534 1908 3576 non
1956 3513 2031 3576 fa
2078 3533 2366 3576 servare
2429 3522 2701 3575 mentre
2765 3514 2801 3574 f:
2865 3514 2909 3574 li

359 3633 692 3707 presente
721 3625 791 3686 in
823 3623 1015 3686 facto
1066 3632 1136 3686 et
1183 3644 1324 3686 non
1373 3623 1409 3686 ὲ
1457 3624 1683 3685 anche
1733 3620 2002 3684 asciuto
2050 3622 2119 3682 lo
2168 3619 2554 3683 inchiostro
2600 3620 2668 3682 di
2702 3623 2909 3682 docto

361 3733 610 3812 erlino,
666 3751 892 3813 pensa
953 3751 1153 3793 come
1219 3730 1277 3792 si
1326 3728 1613 3793 servera
1662 3729 1948 3810 quando
1998 3726 2146 3790 Sua
2191 3726 2469 3789 Maesta
2516 3727 2708 3789 fusse
2755 3750 2909 3808 pas-

360 3848 512 3902 sata
574 3837 621 3900 il
683 3857 878 3901 mare
943 3846 1013 3900 et
1059 3838 1129 3899 13
1175 3836 1583 3919 provisione
1632 3834 2000 3898 rimanessi
2050 3835 2371 3897 desolata
2419 3836 2531 3897 del
2583 3855 2708 3897 suo
2759 3858 2909 3914 ιιι-6-

360 3945 536 4009 sidio
602 3953 674 4008 et
738 3953 1072 4025 presente
1134 3944 1382 4007 favore
1449 3954 1520 4005 et
1567 3953 1833 4025 quanta
1893 3943 2100 4006 stima
2146 3941 2327 4004 faeci
2378 3943 2538 4022 quel
2588 3942 2789 4004 Duca.
2841 3942 2909 4002 111

360 4052 504 4117 Sua
549 4050 831 4114 Maesta
901 4060 973 4114 et
1022 4050 1091 4112 di
1140 4059 1322 4113 tutto
1390 4050 1434 4114 1’
1479 4050 1788 4132 Imperio
1856 4059 1927 4112 et
1991 4050 2080 4111 de
2146 4050 2212 4110 le
2280 4051 2430 4110 loro
2482 4049 2909 4111 ordinatimni

360 4172 427 4224 et
473 4159 714 4222 bandi.
807 4158 986 4221 Fate
1035 4158 1206 4239 ogni
1254 4178 1475 4239 opera
1524 4166 1595 4219 et
1642 4157 1874 4220 sforzo
1926 4157 2056 4219 che
2105 4154 2252 4217 Sua
2292 4154 2566 4216 Maesta
2616 4155 2679 4216 ci
2731 4154 2909 4215 faeci

363 4270 662 4348 qualche
730 4269 920 4328 bona
986 4273 1059 4328 et
1119 4267 1352 4328 celere
1427 4262 1864 4346 provisione,
1938 4263 2068 4324 che
2147 4270 2344 4324 certo
2410 4282 2484 4323 se
2545 4260 2616 4323 in
2681 4262 2909 4343 qut-sti

357 4372 687 4456 principii
734 4392 874 4435 non
923 4370 994 4433 vi
1042 4371 1101 4434 si
1147 4372 1467 4453 provede
1517 4372 1608 4434 de
1657 4379 1848 4433 sorte
1897 4391 2095 4433 come
2142 4369 2457 4431 richiede
2524 4370 2593 4432 la
2642 4389 2909 4430 summa

359 4480 796 4563 importanza
843 4479 917 4541 di
964 4480 1064 4541 tal
1112 4487 1355 4560 peste,
1410 4477 1862 4541 ritornerassi
1923 4499 1965 4539 a
2022 4477 2288 4558 peggio
2359 4477 2489 4538 che
2555 4476 2777 4557 prima
2841 4490 2909 4538 et

361 4587 515 4650 sara
565 4587 634 4649 el
680 4584 1062 4650 novissimo
1112 4605 1312 4648 error
1358 4584 1684 4667 maggior
1732 4583 1919 4647 assai
1966 4584 2083 4647 del
2133 4584 2380 4665 prim0‚
2431 4592 2502 4645 et
2550 4580 2698 4645 Sua
2738 4579 2905 4644 San-

361 4693 482 4757 tita
516 4703 588 4756 et
616 4691 895 4755 Maesta
929 4694 1061 4755 che
1095 4712 1270 4755 sono
1301 4692 1325 4754 i
1357 4691 1525 4754 duoi
1564 4691 1770 4773 primi
1803 4690 1970 4753 lumi
2019 4699 2091 4754 et
2139 4690 2409 4772 signori
2457 4690 2575 4752 del
2623 4690 2905 4770 mondo,

362 4822 447 4863 ne
494 4799 933 4863 rimarranno
981 4797 1558 4880 vituperatissimi
1606 4808 1678 4860 et
1725 4796 2235 4870 confusissimi;
2303 4817 2417 4859 ma
2477 4816 2690 4877 sopra
2747 4798 2909 4858 tutti

366 4905 504 4971 Sua
547 4907 841 4972 Altezza
883 4905 1148 4988 perche
1198 4904 1242 4969 '1
1290 4907 1473 4968 male
1522 4905 1557 4968 ὲ
1607 4907 1798 4969 116110
1841 4903 2136 4985 imperio
2185 4924 2333 4985 su0,
2385 4912 2455 4965 et
2488 4924 2531 4965 a
2561 4903 2655 4966 lei
2703 4912 2909 4966 tocca

2489 5007 2587 5061 19*
