3559 5734
760 904 834 970 117.

421 1030 888 1112 vicecancellarius
925 1029 1178 1110 Aloandro.

599 1170 737 1236 mmtlat
756 1169 882 1228 muman
901 1169 932 1227 Ιι.
952 1169 999 1236 8L)

652 1289 709 1356 (ιο.
727 1290 843 1354 Augusti
865 1288 952 1352 1521.)

253 1436 348 1498 Rev.
374 1433 475 1497 nobis
500 1433 738 1498 dilectissime.
784 1433 948 1497 Havemo
971 1454 1043 1496 una
1075 1441 1195 1497 vostra
1225 1435 1270 1496 de
1298 1442 1352 1495 tre
1381 1433 1440 1496 del

162 1563 261 1606 mese
286 1542 332 1604 da
356 1538 492 1626 Gand¹)
516 1562 581 1622 per
605 1542 639 1604 la
663 1544 767 1623 quale
783 1541 814 1603 ci
831 1541 968 1604 avisatc
984 1543 1018 1604 la
1035 1540 1250 1603 resolutione
1275 1540 1369 1603 lacta
1394 1541 1439 1604 de

160 1649 337 1730 expedire
360 1649 386 1711 il
410 1667 552 1711 correre
576 1651 621 1710 de
638 1648 768 1712 Cesare
793 1649 847 1711 coi
861 1647 1018 1711 mandati
1041 1667 1107 1729 per
1130 1656 1222 1710 tutta
1239 1645 1441 1728 Germania,

160 1757 258 1837 quali
284 1776 392 1819 erano
421 1755 480 1839 gi'a
509 1755 670 1837 sigillati3
695 1756 720 1818 il
744 1759 810 1819 che
834 1756 852 1818 ὲ
876 1756 985 1819 molto
1010 1754 1187 1837 piacciuto
1211 1775 1233 1817 a
1255 1754 1299 1818 N.
1324 1752 1377 1817 8¹⁶
1406 1763 1442 1817 et

163 1863 273 1925 lauda
296 1864 330 1925 la
354 1863 459 1926 solita
483 1862 667 1946 diligentia
692 1873 813 1926 vostra
836 1872 872 1926 et
896 1871 1028 1943 quanto
1053 1863 1087 1924 al
1112 1859 1244 1944 Signor
1268 1865 1441 1943 guberna-

160 1979 242 2032 tore
267 1969 303 2032 di
327 1970 475 2047 Bressa,
507 1973 611 2050 quale
640 1970 791 2033 scrivete
816 1968 951 2032 esservi
975 1979 1068 2031 stato
1093 1969 1302 2032 favorevole
1327 1990 1348 2032 a
1371 1971 1442 2031 tale

162 2076 397 2159 expeditione
410 2074 484 2139 Sua
500 2074 639 2140 Santitir
664 2078 699 2139 vi
724 2086 911 2140 commette
936 2077 971 2139 lo
995 2077 1204 2159 ringratiate
1229 2088 1265 2139 et
1282 2076 1444 2139 offeriate

162 2195 232 2249 etc.
279 2182 321 2246 N.
347 2183 383 2246 S.
418 2185 436 2246 ἐ
468 2184 665 2247 certissimo
698 2187 764 2247 che
795 2205 866 2247 non
899 2184 1052 2266 bisogna
1085 2184 1128 2247 nd
1161 2184 1368 2247 exhortarvi
1399 2183 1442 2246 nd

162 2290 347 2353 ricordare
371 2291 562 2355 altrimenti
585 2312 607 2355 a
628 2312 839 2374 perservare
863 2290 910 2355 lin
935 2292 1001 2354 che
1025 2291 1060 2353 vi
1075 2311 1161 2374 pare
1181 2312 1300 2355 essere
1316 2299 1443 2355 'neces-

162 2398 261 2461 saria
284 2397 306 2459 l’
322 2418 432 2480 opera
456 2410 579 2462 vostra
603 2403 690 2473 cosl;
715 2400 827 2481 perhd
852 2399 887 2462 in
912 2407 1003 2461 tutto
1028 2419 1065 2461 se
1090 2409 1237 2462 remette
1263 2422 1283 2463 a
1306 2401 1341 2465 la
1363 2419 1444 2480 pru·

163 2504 289 2568 dentia
313 2514 349 2567 et
371 2505 455 2568 fede
479 2516 599 2569 vostra
624 2508 788 2569 havendo
812 2515 954 2569 trovato
979 2505 1013 2569 in
1038 2506 1098 2568 voi
1121 2506 1142 2568 l’
1160 2526 1230 2569 uno
1255 2516 1291 2570 ct
1314 2506 1335 2568 l'
1355 2508 1444 2569 altro

164 2612 259 2675 assai
284 2612 470 2694 maggiore
494 2613 597 2677 dela
621 2613 865 2697 expettatione
889 2634 963 2677 sua.
1010 2614 1189 2696 Adonque
1205 2614 1238 2676 el
1261 2633 1445 2677 remancre

164 2719 281 2782 anche
305 2722 456 2800 qualche
490 2720 524 2783 dl
556 2720 670 2784 finchd
702 2721 735 2784 el
762 2720 915 2803 bisogno
947 2722 982 2783 lo
1005 2721 1157 2784 ricerchi
1181 2742 1252 2784 non
1276 2719 1356 2783 sara
1380 2722 1446 2783 che

164 2829 261 2889 bene
281 2827 425 2908 quando
442 2848 463 2890 a
478 2827 537 2890 voi
561 2827 708 2909 piaccia,
732 2839 768 2891 et
791 2838 1007 2891 tornarvene
1030 2826 1092 2910 poi
1115 2828 1257 2910 quando
1281 2827 1317 2890 vi
1340 2826 1446 2910 parra

164 2934 309 3015 poterlo
333 2931 409 2996 fare
434 2953 540 2996 senza
562 2934 720 3015 periculo
745 2945 865 2999 vostro
890 2944 927 2997 et
957 2936 1002 2997 de
1025 2938 1060 2998 la
1090 2955 1196 2999 causa
1229 2935 1371 3017 publica
1402 2935 1446 2997 de

165 3050 268 3102 tanta
292 3039 522 3123 importanza.
568 3041 606 3102 L’
623 3040 742 3105 officio
773 3041 862 3105 fatto
887 3062 955 3105 con
980 3042 1126 3106 Erasmo
1151 3044 1169 3106 d
1194 3053 1272 3105 suto
1296 3042 1447 3125 grande-

167 3157 288 3210 mente
314 3148 347 3210 al
370 3148 570 3230 proposit0‚
595 3159 630 3211 et
661 3148 703 3212 N.
735 3147 782 3212 St.
808 3149 973 3213 desidera
995 3149 1258 3231 perseveriate‚
1295 3149 1447 3212 lacendo

168 3255 394 3318 dolcemente
419 3255 506 3337 ogni
529 3255 644 3320 sforzo
661 3277 726 3339 per
749 3257 883 3320 ridurlo
902 3258 970 3320 alla
986 3257 1095 3320 dritta
1118 3257 1187 3337 via,
1212 3258 1277 3319 che
1302 3255 1337 3319 in
1361 3277 1447 3319 vero

168 3361 295 3425 faresti
321 3384 340 3425 a
365 3359 401 3425 S.
426 3360 478 3425 Sl*
509 3384 592 3426 cosa
617 3364 895 3446 singularmente
920 3373 1043 3447 grata,
1071 3364 1202 3446 perche
1234 3384 1334 3427 come
1366 3362 1447 3425 scri·

168 3479 265 3548 vete,
289 3470 336 3532 ha
360 3470 505 3550 seguaci
530 3471 632 3534 assai.
680 3471 782 3534 Circa
806 3472 829 3534 li
845 3470 1026 3534 desordini
1040 3470 1245 3554 procedeno
1269 3471 1328 3532 nel
1352 3470 1448 3532 clero

169 3595 238 3658 per
266 3577 300 3639 la
328 3575 478 3639 timidita
513 3579 548 3639 di
579 3579 662 3660 quel
691 3578 787 3641 Rmo
816 3588 851 3641 et
884 3581 955 3641 bon
981 3576 1178 3659 servit0r2),
1210 3577 1328 3640 denno
1359 3596 1448 3658 grau

170 3683 335 3746 molestia
360 3705 380 3747 a
404 3684 445 3747 N.
469 3682 517 3748 Sr.
543 3696 623 3749 eta
647 3706 711 3747 sua
734 3685 892 3767 signoria
915 3685 1010 3747 Rma
1033 3684 1189 3747 incarico
1214 3682 1449 3766 grandissimo

170 3799 209 3853 et
232 3790 291 3872 gia
316 3790 346 3853 si
370 3790 390 3852 ὲ
414 3792 537 3855 scritto
568 3794 601 3855 al
634 3782 911 3855 Prothonotario
940 3794 1006 3854 che
1035 3792 1127 3874 parli
1158 3812 1266 3873 sopra
1297 3791 1351 3854 cio
1382 3811 1449 3853 con

171 3896 322 3978 (tesam,
361 3908 397 3961 et
430 3900 521 3963 dove
555 3901 708 3983 bisogna
736 3921 801 3982 per
830 3899 910 3962 farli
941 3900 1026 3980 ogni
1060 3899 1227 3964 remedio.
1278 3898 1349 3961 Voi
1379 3919 1450 3960 non

171 4016 377 4069 mancarete
402 4007 437 4067 di
461 4007 538 4070 fare
570 4010 603 4072 el
634 4010 813 4070 medesmo
843 4017 878 4070 et
909 4008 1012 4070 caldo
1041 4006 1159 4069 officio
1191 4016 1225 4069 et
1257 4025 1450 4088 procurare

171 4134 239 4175 con
266 4113 351 4195 ogni
375 4113 543 4177 instantia
558 4116 624 4178 che
642 4115 664 4177 'l
688 4117 779 4177 male
796 4136 865 4177 non
881 4116 1049 4196 proceda,
1074 4135 1131 4175 ma
1154 4112 1182 4175 si
1206 4112 1293 4195 tagii
1318 4121 1450 4194 quanto

170 4219 233 4300 piu
265 4230 397 4300 presto.
452 4220 531 4284 Non
567 4233 726 4303 potreste
762 4222 909 4284 credere
944 4231 1075 4303 quanto
1107 4219 1305 4302 dispiacere
1336 4241 1374 4282 se
1405 4222 1452 4282 ha

171 4327 233 4408 qui
264 4328 393 4391 detali
419 4328 697 4410 inconvenienti,
721 4330 874 4393 maxime
899 4329 1079 4392 nascendo
1112 4348 1177 4409 per
1208 4328 1243 4388 la
1274 4328 1450 4409 dappoca-
1528 4326 1542 4340 ''

204 4557 230 4625 'l
250 4564 357 4611 Frustra
380 4564 498 4627 quaesivi
527 4563 593 4612 hanc
613 4563 727 4612 litteram
752 4571 779 4612 et
797 4562 870 4612 illam
890 4563 978 4610 datam
1004 4561 1053 4609 sub
1073 4562 1115 4610 die
1138 4573 1178 4610 12.
1203 4560 1320 4610 eiusdem
1340 4561 1454 4631 mensis;

246 4644 357 4693 maxime
386 4643 529 4694 dolendum
549 4644 582 4692 de
606 4645 712 4693 istamm
739 4645 857 4702 deiectu,
885 4641 1053 4705 singulariter
1071 4642 1141 4691 enim
1168 4642 1315 4705 praetiosae
1333 4643 1454 4692 videntur

246 4731 353 4788 propter
370 4723 488 4773 officium
507 4741 567 4774 cum
581 4726 692 4774 Erasmo
711 4726 809 4773 lactum
829 4731 856 4773 et
874 4722 1037 4775 narrationes
1056 4723 1234 4772 defectionum
1253 4721 1317 4771 cleri
1329 4724 1453 4788 precipue

246 4805 283 4852 ob
302 4807 452 4869 Maguntini
470 4807 645 4859 oscitantiam.

208 4885 232 4952 1)
250 4886 378 4952 Archiep.
397 4888 546 4949 Maguutiu.
565 4894 595 4936 ut
613 4894 722 4951 apparet
740 4902 771 4935 ex
790 4886 864 4950 epist
885 4883 1017 4933 Alcandri
1036 4883 1079 4933 die
1098 4884 1169 4933 XVI
1187 4882 1255 4948 Julii
1273 4885 1343 4933 data.
