3559 5734
690 552 834 608 ο·<]221
878 551 936 605 ἵνο

174 699 239 763 viri
271 700 517 781 (praelatique)
543 699 695 761 animum
727 697 781 761 sui
813 696 937 762 Sancti
969 696 1124 779 Spiritus
1151 698 1235 780 igne
1263 696 1454 776 afflaverit,

175 807 319 889 eiusque
344 807 580 869 constantiam
605 818 640 867 et
672 805 841 886 pietatem
873 806 1026 868 maxime
1058 805 1260 866 necessario
1292 815 1453 895 ternpore

175 935 238 996 pro
264 914 358 977 Suae
383 913 538 976 Sanctae
562 911 645 976 fidei
671 914 826 977 candore
858 913 1119 991 conservande,
1155 922 1278 975 contra
1310 911 1453 992 impium

174 1022 328 1085 furorem
360 1041 475 1084 novae
501 1019 767 1083 debaccationis
798 1023 990 1083 haereseos
1022 1029 1116 1081 stare
1149 1018 1320 1099 voluerit,
1359 1020 1455 1099 quod

175 1129 316 1210 quidem
352 1127 497 1209 dignum
534 1138 594 1190 tua
625 1128 823 1209 praestanti
865 1128 1015 1208 virtute,
1060 1127 1205 1209 dignum
1240 1127 1307 1188 hoc
1352 1146 1455 1206 quem

174 1236 270 1318 geris
293 1236 444 1316 honore,
479 1235 625 1317 dignum
649 1254 783 1315 genere
808 1245 843 1298 et
868 1235 1061 1298 maioribus
1085 1234 1172 1313 tuis,
1197 1235 1261 1296 sed
1285 1232 1455 1315 imprimis

174 1343 241 1406 isto
270 1343 349 1424 ipso
378 1341 584 1405 charissimo
608 1341 643 1404 in
669 1342 809 1405 Christo
843 1342 915 1405 filio
947 1353 1070 1405 nostro
1102 1341 1235 1424 optimo
1265 1339 1454 1423 religiosis-

174 1450 333 1531 simeque
358 1449 512 1513 Caesare
536 1448 802 1529 dignissimum,
835 1448 935 1512 cuius
968 1461 1006 1512 ut
1038 1451 1152 1512 honor
1183 1449 1373 1525 maximus,
1404 1446 1455 1508 sic

174 1559 318 1639 pietatis
343 1559 419 1619 laus
443 1556 574 1620 eximia
598 1555 675 1619 fuit.
728 1555 846 1618 Vincit
877 1557 1041 1639 proiecto
1074 1556 1280 1619 facultatem
1316 1565 1352 1617 et
1383 1554 1454 1616 vim

174 1675 351 1744 nostram,
384 1673 422 1726 ut
445 1663 507 1725 vix
531 1674 567 1725 te
592 1664 669 1745 pari
694 1665 799 1726 laude
825 1665 1025 1744 celebrare,
1056 1664 1117 1725 vix
1149 1663 1297 1725 idoneas
1321 1661 1456 1744 gratias

174 1792 284 1852 agere
308 1791 415 1853 posse
439 1770 635 1850 videamur,
660 1772 724 1833 sed
749 1791 813 1833 nos
837 1771 1040 1835 memoriam
1064 1771 1152 1832 tanti
1178 1772 1226 1833 tui
1245 1769 1353 1833 officii
1378 1789 1454 1851 per·

174 1889 317 1961 petuam
343 1878 376 1940 in
402 1878 519 1939 animo
544 1877 788 1952 retinebimus;
815 1879 892 1960 ipse
917 1889 1033 1942 autem
1051 1880 1149 1940 Deus
1164 1886 1345 1959 spectator
1362 1877 1457 1940 idem

174 1996 211 2048 et
234 1995 478 2048 remunerator
502 1988 677 2047 bonorum
702 2005 868 2066 operum,
893 1985 950 2048 cui
974 1988 1063 2048 haec
1087 2007 1108 2048 a
1133 1995 1168 2048 te
1190 2005 1301 2067 opera
1326 1996 1456 2047 navata

175 2103 289 2157 estet
313 2092 369 2155 cui
393 2094 580 2155 multorum
604 2091 761 2155 fidelium
785 2093 924 2156 animae
953 2114 1020 2175 per
1048 2101 1083 2154 te
1105 2101 1186 2155 sunt
1208 2094 1266 2155 vel
1290 2101 1454 2155 servatae

175 2202 233 2263 vel
257 2199 439 2279 redditae,
474 2198 504 2261 is
528 2208 564 2261 te
588 2199 752 2280 profecto
778 2212 847 2262 tarn
873 2200 983 2281 largis
1007 2199 1150 2283 premiis
1177 2198 1384 2278 illustrabit,
1417 2207 1456 2260 ut

175 2305 334 2389 quotidie
368 2306 483 2387 magis
519 2316 771 2387 perspecturus
806 2306 854 2370 sis
887 2309 985 2370 nulla
1017 2328 1056 2370 re
1096 2306 1278 2370 uberiores
1318 2305 1455 2389 percipi

175 2416 311 2478 fructus
336 2435 442 2496 quam
467 2433 552 2476 vera
575 2413 709 2494 pietate
734 2423 769 2476 et
804 2415 870 2477 Dei
901 2417 1020 2496 legum
1056 2415 1371 2496 mandatorumque
1396 2417 1455 2476 ob·

175 2522 372 2599 servantia,
409 2541 620 2602 quamquam
657 2540 722 2582 nec
747 2541 811 2583 nos
846 2521 1059 2603 ubicumque
1084 2524 1182 2584 locus
1213 2522 1316 2584 nobis
1352 2522 1455 2584 datus

175 2628 283 2692 fuerit
307 2625 486 2690 nobilitati
511 2638 592 2688 tuae
617 2627 804 2690 deerimus.
841 2628 943 2690 Nunc
959 2630 1053 2710 quod
1071 2628 1244 2711 reliquum
1261 2637 1325 2706 est,
1350 2648 1455 2709 quum

175 2735 275 2798 falsis
299 2745 334 2797 et
358 2732 539 2816 pestiferis
563 2733 789 2815 opinionibus
813 2735 999 2815 damnatis,
1024 2735 1176 2800 hominis
1200 2735 1297 2817 impii
1313 2755 1455 2817 perver-

175 2843 261 2905 sitas
285 2853 321 2904 et
345 2840 536 2925 pertinatia
560 2841 762 2923 frangenda
787 2853 859 2922 est,
891 2845 1039 2926 ipseque
1063 2843 1180 2906 acrius
1205 2843 1455 2925 insequenduS,

175 2960 214 3011 ut
238 2947 374 3012 nefario
398 2947 521 3010 fomite
547 2968 703 3012 errorum
729 2953 881 3030 sublate,
907 2950 966 3031 qui
988 2951 1133 3013 abducti
1153 2951 1188 3013 in
1213 2971 1362 3031 pravum
1379 2971 1454 3013 sen·

175 3077 251 3119 sum
278 3055 460 3119 Sathanae
484 3055 637 3137 perfidia
660 3065 763 3136 sunt,
787 3059 833 3119 ad
858 3056 1016 3120 veritatis
1041 3061 1200 3138 regulam
1226 3067 1262 3121 et
1286 3057 1380 3121 viam
1404 3078 1455 3120 re-

176 3165 361 3242 ducantur,
385 3166 567 3225 hortamur
584 3162 814 3226 ·Nobilitatem
838 3174 934 3226 tuam
958 3164 994 3226 in
1012 3165 1165 3228 Domino
1183 3174 1219 3228 et
1237 3186 1302 3246 per
1318 3166 1456 3228 viscera

176 3269 440 3334 misericordiae
465 3270 532 3331 Dei
556 3270 669 3332 nostri
693 3273 931 3350 obsecramus,
956 3281 995 3334 ut
1010 3274 1119 3334 semel
1135 3284 1336 3354 susceptam
1352 3272 1456 3335 huius

176 3376 398 3460 perniciosae
422 3376 513 3438 labis
537 3396 559 3437 a
583 3395 697 3458 grege
721 3367 877 3439 fidelium
903 3380 1168 3459 propulsandae
1203 3400 1344 3459 curam,
1377 3401 1455 3461 pro·

176 3483 330 3546 vinciam
354 3482 600 3563 actionemque
625 3484 671 3546 ad
695 3482 828 3545 exitum
854 3486 1046 3566 perducas,
1069 3486 1250 3567 instesquc
1276 3487 1370 3550 omni
1395 3500 1456 3549 tua

177 3611 299 3673 opera,
324 3589 545 3669 auctoritate,
571 3589 757 3672 diligentia
780 3600 818 3652 ut
847 3591 1047 3672 pestilentis
1078 3592 1229 3656 hominis
1263 3614 1456 3675 eorumque

177 3698 237 3779 qui
270 3717 349 3759 cum
381 3717 424 3760 eo
460 3696 653 3777 senserint,
692 3697 928 3779 pervicaciter
951 3698 1115 3780 impietas
1140 3701 1271 3763 nullum
1307 3700 1457 3781 amplius

177 3806 294 3868 locum
319 3803 411 3866 inter
433 3802 558 3866 fideles
583 3804 649 3866 Dei
673 3804 842 3883 inveniat,
867 3806 930 3868 sed
955 3807 1012 3868 vel
1030 3806 1264 3870 exterminata
1289 3829 1333 3869 ex
1358 3806 1454 3870 omni

177 3910 382 3990 Germania,
407 3911 464 3973 vel
488 3931 606 3993 paena
629 3910 780 3994 affecta,
804 3932 867 3975 suo
893 3916 1059 3994 exemplo
1084 3916 1212 3995 doceat
1236 3934 1359 3978 omnes
1385 3933 1454 3977 non

177 4039 257 4082 esse
280 4039 302 4080 a
326 4038 422 4082 more
447 4018 618 4081 maiorum
634 4019 802 4082 divinitus
820 4019 992 4099 institute,
1014 4040 1080 4082 nec
1105 4041 1126 4083 a
1141 4030 1281 4101 patrum
1306 4030 1340 4083 et
1357 4043 1450 4084 sanc·

178 4138 293 4188 torum
317 4127 502 4188 doctorum
534 4126 776 4189 sanctionibus
810 4125 1104 4212 discedendum¹).
1152 4128 1231 4208 Qua
1263 4128 1362 4191 inre
1386 4129 1454 4191 No-

177 4232 298 4296 bilitas
321 4242 383 4295 tua
407 4234 500 4295 etin
525 4235 696 4296 honorem
721 4234 844 4299 summi
863 4234 929 4298 Dei
954 4235 1119 4315 publicae
1137 4235 1241 4297 saluti
1266 4235 1454 4298 Christiani

177 4340 304 4422 populi
335 4340 563 4423 prospexerit
594 4352 629 4404 et
659 4350 694 4403 te
729 4341 974 4424 dignissimum
1012 4342 1186 4423 nobisque
1218 4341 1456 4423 gratissimum

209 4570 233 4628 ¹)
252 4574 294 4620 Ad
316 4575 419 4621 brevem
438 4573 524 4621 Ducis
549 4575 681 4620 Saxoniae
705 4574 748 4621 hic
772 4576 861 4621 addita
886 4581 950 4622 sunt
972 4576 1036 4623 haec
1059 4577 1153 4623 verda:
1182 4576 1277 4639 „Quod
1302 4576 1380 4624 etiam
1407 4577 1455 4625 tibi

250 4653 385 4717 aliquanto
413 4653 555 4704 studiosius
583 4653 771 4702 elaborandum
801 4662 854 4713 est,
883 4655 955 4718 quod
983 4656 1011 4703 in
1039 4656 1119 4704 corde
1147 4663 1173 4704 et
1201 4656 1346 4704 visceribus
1373 4663 1456 4705 status

250 4734 477 4797 dominiorumque
504 4740 622 4791 tuorum,
651 4741 676 4782 te
705 4735 825 4797 quidem,
854 4742 882 4782 ut
901 4736 1031 4783 cemimus
1055 4736 1152 4794 invito,
1181 4736 1232 4784 hoc
1251 4735 1326 4784 ulcus
1350 4745 1454 4787 enatum

222 4817 224 4822 '
248 4813 326 4863 latins
345 4815 373 4863 in
391 4815 533 4879 perniciem
554 4814 701 4863 catholicae
720 4815 782 4863 fidei
801 4817 925 4874 manavit,
945 4817 987 4865 cui
1006 4823 1034 4864 tu
1053 4831 1100 4879 pro
1121 4823 1165 4865 tua
1183 4816 1309 4880 singulari
1327 4817 1456 4880 sapientia

248 4894 376 4959 imprimis
395 4895 476 4943 debes
495 4895 659 4959 providere.“
