3559 5734
794 541 1042 599 043490&

280 711 435 775 pergere
467 689 513 753 ad
546 689 766 753 sedationem
802 688 992 752 illiusmodi
1016 690 1171 772 plebium
1206 689 1305 751 salva
1338 687 1469 770 ubique
1501 698 1569 751 tua

280 811 316 861 et
340 798 540 861 divinarum
562 796 733 880 imprimis
757 798 877 879 legum
900 796 1075 877 dignitate
1098 795 1199 876 velis,
1225 814 1266 858 ac
1286 816 1395 878 saepe
1419 816 1440 858 a
1456 796 1567 877 majo·

279 905 377 968 ribus
404 904 473 967 tuis
505 911 710 986 usurpatam
744 905 1012 966 conservandae
1045 902 1267 966 auctoritatis
1300 904 1569 967 ecclesiasticae

280 1010 430 1091 gloriam
464 1008 680 1092 amplificare
713 1010 803 1074 sicut
836 1019 890 1073 est
923 1009 1105 1093 proprium
1134 1009 1275 1072 virtutis
1307 1020 1343 1072 et
1367 1009 1569 1091 sapientiae

279 1127 372 1180 tuae.
420 1116 495 1180 Nos
527 1137 619 1198 quae
649 1116 714 1180 tibi
747 1116 897 1198 polliciti
922 1137 1041 1180 sumus
1073 1116 1232 1180 subsidia
1262 1128 1300 1179 ut
1331 1117 1570 1199 expediamus

281 1225 368 1288 nihil
393 1223 706 1306 praetermittimus
730 1224 956 1305 diligentiae;
993 1225 1057 1287 sed
1088 1234 1142 1287 est
1174 1224 1208 1287 in
1241 1224 1420 1304 exigendo
1446 1224 1569 1306 aliqua

280 1331 471 1394 difficultas
495 1351 564 1412 que
588 1339 705 1394 tamen
731 1350 797 1393 nec
820 1329 927 1392 fidem
947 1340 1103 1392 nostram
1129 1351 1195 1394 nec
1212 1350 1368 1394 amorem
1382 1341 1569 1394 moratura

279 1449 343 1502 est.
391 1437 495 1519 Quod
528 1439 634 1501 etiam
668 1458 714 1501 ex
738 1437 798 1501 dil.
832 1436 866 1500 fi.
890 1438 999 1501 Petro
1025 1435 1237 1501 Salamanca
1270 1437 1382 1501 actori
1414 1438 1472 1501 hic
1500 1447 1569 1499 tuo

282 1546 483 1626 intelligere
507 1545 653 1627 poteris.

372 1654 500 1715 Datum
525 1652 665 1715 Romae
690 1662 756 1714 etc.

370 1760 437 1822 Die
462 1759 518 1821 Xl
541 1758 625 1838 Julii
649 1758 838 1821 MDXXV
863 1759 970 1821 Anno
996 1761 1163 1823 secundo.

823 2008 1004 2020 rVWVWvaNW

884 2312 960 2378 232.

579 2437 694 2540 Epist.
724 2437 956 2518 Tridentinus
985 2436 1156 2517 Clementi
1185 2437 1263 2518 VIL

709 2584 796 2658 ΕΜ
814 2585 902 2659 priuo-
920 2584 971 2642 111.
990 2583 1055 2658 logi
1072 2583 1130 2644 10³.

801 2706 855 2770 (16.
875 2706 942 2772 Julii
964 2709 1051 2771 1525.)

373 2830 583 2894 Beatissime
609 2830 717 2893 Pater
741 2841 776 2894 et
800 2831 952 2894 Domine
976 2829 1232 2894 Colendissime
1262 2841 1344 2912 post
1377 2833 1568 2894 beatorum

284 2939 414 3020 pedum
452 2939 573 3000 oscula
605 2938 834 3001 humillimam
865 2937 1208 3001 commendationem
1240 2947 1275 2999 et
1314 2937 1493 3001 servitutis
1525 2959 1569 3001 ac

285 3043 535 3125 obsequiorum
560 3064 717 3108 meorum
742 3046 970 3109 oblationem.
1017 3045 1190 3108 Hortatur
1207 3065 1261 3107 me
1277 3044 1348 3106 suis
1372 3044 1417 3106 de
1441 3044 1568 3126 quinta

282 3151 385 3214 huius
401 3149 579 3214 Sanctitas
592 3152 723 3214 Vestra
746 3162 784 3215 ut
808 3172 912 3234 quam
937 3153 1099 3231 antehac,
1124 3171 1270 3233 operam
1294 3161 1330 3214 et
1346 3151 1569 3233 diligentiam

284 3257 412 3321 navavi
436 3278 501 3340 pro
526 3267 618 3320 statu
644 3268 680 3320 et
702 3259 838 3322 honore
863 3257 998 3321 ordinis
1022 3258 1254 3320 sacerdotalis
1278 3260 1324 3320 ab
1358 3278 1401 3321 ea
1424 3278 1469 3320 ne
1493 3279 1570 3321 ces·

285 3386 376 3438 sem;
400 3367 468 3428 hoc
493 3376 610 3428 autern
634 3364 776 3427 tametsi
799 3384 866 3446 pro
890 3364 983 3427 virili
1008 3385 1086 3427 mea
1111 3364 1303 3446 diligenter
1327 3364 1448 3427 curavi
1483 3385 1569 3446 quo·

284 3473 356 3535 cies
380 3471 490 3554 potui,
515 3483 550 3534 et
573 3471 713 3535 occasio
730 3470 813 3533 mihi
828 3471 895 3534 fuit
910 3473 1049 3551 oblata,
1073 3471 1168 3534 idem
1193 3471 1228 3533 in
1256 3484 1438 3553 posterum
1453 3471 1572 3554 magis

287 3588 393 3660 atque
417 3578 531 3660 magis
555 3598 679 3642 curare
703 3580 928 3656 contendam,
953 3598 1024 3641 non
1048 3580 1161 3641 solum
1181 3580 1276 3660 quod
1300 3580 1334 3642 in
1360 3598 1403 3641 eo
1427 3578 1571 3641 videam

288 3685 347 3767 agi
382 3685 427 3748 de
468 3684 643 3748 communi
677 3684 859 3748 Ecclesiae
891 3694 985 3748 statu
1017 3686 1193 3749 servando
1226 3685 1409 3766 incolumi,
1443 3706 1571 3748 verum

286 3792 391 3854 etiam
417 3792 512 3873 quod
535 3790 571 3854 id
585 3792 738 3855 Vestrae
754 3791 973 3855 Beatitudini
996 3792 1234 3875 gratissimum
1259 3813 1337 3855 esse
1352 3813 1570 3874 cognoscam

284 3899 384 3962 cuius
408 3898 510 3979 votis,
536 3908 573 3961 ut
597 3919 662 3982 par
686 3913 750 3978 est,
775 3899 999 3962 tenacissime
1023 3919 1163 3980 semper
1178 3899 1262 3962 mihi
1278 3899 1570 3963 satisfaciendum

288 4025 367 4068 esse
382 4005 558 4071 constitui.
588 4005 676 4068 Mihi
701 4015 819 4070 autem
843 4006 990 4087 gloriari
1014 4026 1085 4069 non
1110 4006 1203 4087 licet,
1227 4006 1256 4068 si
1280 4006 1365 4088 quid
1388 4026 1454 4089 per
1473 4009 1570 4089 elap-

285 4133 361 4175 sum
386 4114 444 4175 vel
466 4111 600 4175 laboris
624 4113 767 4194 sumpsi,
792 4114 850 4176 vel
871 4112 1078 4195 diligentiae
1095 4133 1165 4177 non
1181 4113 1414 4195 praetermisi,
1438 4113 1474 4176 in
1498 4114 1570 4177 hoc

284 4218 363 4302 ipso
387 4219 550 4302 negocio,
574 4218 665 4283 sicut
680 4222 726 4282 ab
750 4218 850 4283 initio
874 4240 1015 4302 aspere,
1039 4220 1087 4283 ita
1111 4219 1180 4283 iam
1203 4221 1386 4302 aliquanto
1409 4219 1571 4303 remisso,

286 4336 324 4389 ut
347 4326 498 4390 debeam
522 4347 578 4390 me
602 4347 645 4391 eo
669 4325 739 4390 loci
763 4328 917 4409 positum
941 4348 1031 4409 esse,
1054 4326 1115 4390 ubi
1139 4347 1210 4391 non
1242 4336 1315 4391 tam
1344 4328 1390 4391 de
1422 4348 1502 4391 mea
1529 4348 1571 4392 re

284 4443 462 4516 ageretur,
488 4454 609 4497 verum
632 4433 738 4499 etiam
763 4433 856 4498 unde
879 4436 1010 4499 malum
1037 4436 1106 4500 hoc
1141 4435 1250 4518 longe
1273 4436 1416 4516 lateque
1440 4445 1571 4519 patere

285 4552 322 4604 et
345 4560 546 4624 pervagare
574 4541 766 4624 potuisset,
799 4540 866 4605 nisi
895 4561 934 4604 se
958 4541 1037 4624 quis
1060 4540 1226 4625 pincipiis
1250 4540 1388 4605 obicem
1406 4540 1571 4607 fecisset:

285 4667 352 4711 nec
376 4646 458 4712 ideo
489 4648 603 4712 minus
634 4648 846 4730 provintiam
878 4647 1056 4712 duriorem
1089 4669 1168 4713 esse
1199 4649 1336 4732 putavi,
1373 4651 1468 4731 qued
1499 4649 1573 4714 iam

288 4764 394 4818 antea
418 4757 624 4837 exhaustus,
649 4764 685 4817 et
708 4755 866 4819 nonnihil
891 4766 1063 4838 gravatus
1087 4777 1211 4838 essem,
1236 4756 1354 4820 omnia
1369 4756 1464 4821 levia
1488 4777 1572 4821 esse

291 4861 388 4943 duxi,
412 4861 442 4925 si
466 4863 572 4924 modo
597 4863 828 4950 consulerem,
853 4871 889 4925 et
912 4861 990 4944 ipse
1014 4884 1080 4950 pro
1098 4862 1190 4927 virili
1206 4864 1384 4926 iuvassem
1399 4865 1574 4932 tumultus
