<?xml version="1.0" encoding="UTF-8"?>
<!DOCTYPE html PUBLIC "-//W3C//DTD XHTML 1.0 Transitional//EN"
    "http://www.w3.org/TR/xhtml1/DTD/xhtml1-transitional.dtd">
<html xmlns="http://www.w3.org/1999/xhtml" xml:lang="en" lang="en">
 <head>
  <title>
</title>
<meta http-equiv="Content-Type" content="text/html;charset=utf-8" />
  <meta name='ocr-system' content='tesseract 3.04.00' />
  <meta name='ocr-capabilities' content='ocr_page ocr_carea ocr_par ocr_line ocrx_word'/>
</head>
<body>
  <div class='ocr_page' id='page_1' title='image "./monumentareform01vatigoog_0390.png"; bbox 0 0 3559 5734; ppageno 0'>
   <div class='ocr_carea' id='block_1_1' title="bbox 779 497 1026 554">
    <p class='ocr_par' dir='ltr' id='par_1_1' title="bbox 779 497 1026 554">
     <span class='ocr_line' id='line_1_1' title="bbox 779 497 1026 554; baseline 0.004 -1"><span class='ocrx_word' id='word_1_1' title='bbox 779 497 1026 554; x_wconf 46' lang='lat'>0-{3362250</span> 
     </span>
    </p>
   </div>
   <div class='ocr_carea' id='block_1_2' title="bbox 263 636 1557 4887">
    <p class='ocr_par' dir='ltr' id='par_1_2' title="bbox 263 636 1550 3727">
     <span class='ocr_line' id='line_1_2' title="bbox 263 636 1543 730; baseline 0.009 -33"><span class='ocrx_word' id='word_1_2' title='bbox 263 653 364 699; x_wconf 87' lang='lat' dir='ltr'>come</span> <span class='ocrx_word' id='word_1_3' title='bbox 388 636 474 701; x_wconf 91' lang='lat' dir='ltr'>dissi</span> <span class='ocrx_word' id='word_1_4' title='bbox 497 638 532 703; x_wconf 91' lang='lat' dir='ltr'>in</span> <span class='ocrx_word' id='word_1_5' title='bbox 557 641 656 706; x_wconf 91' lang='lat' dir='ltr'>dette</span> <span class='ocrx_word' id='word_1_6' title='bbox 672 643 739 706; x_wconf 89' lang='lat' dir='ltr'>mie</span> <span class='ocrx_word' id='word_1_7' title='bbox 763 645 900 725; x_wconf 83' lang='lat' dir='ltr'>lettere,</span> <span class='ocrx_word' id='word_1_8' title='bbox 925 646 1033 708; x_wconf 90' lang='lat' dir='ltr'>credo</span> <span class='ocrx_word' id='word_1_9' title='bbox 1058 645 1151 709; x_wconf 88' lang='lat' dir='ltr'>sarei</span> <span class='ocrx_word' id='word_1_10' title='bbox 1167 644 1323 710; x_wconf 85' lang='lat' dir='ltr'>indicato</span> <span class='ocrx_word' id='word_1_11' title='bbox 1346 646 1406 730; x_wconf 77' lang='lat' dir='ltr'>piu</span> <span class='ocrx_word' id='word_1_12' title='bbox 1424 647 1543 728; x_wconf 85' lang='lat' dir='ltr'>degno</span> 
     </span>
     <span class='ocr_line' id='line_1_3' title="bbox 263 740 1544 836; baseline 0.01 -34"><span class='ocrx_word' id='word_1_13' title='bbox 263 740 299 803; x_wconf 88' lang='lat' dir='ltr'>di</span> <span class='ocrx_word' id='word_1_14' title='bbox 324 745 570 827; x_wconf 83' lang='lat' dir='ltr'>compassione</span> <span class='ocrx_word' id='word_1_15' title='bbox 595 751 660 812; x_wconf 89' lang='lat' dir='ltr'>che</span> <span class='ocrx_word' id='word_1_16' title='bbox 684 749 729 813; x_wconf 91' lang='lat' dir='ltr'>de</span> <span class='ocrx_word' id='word_1_17' title='bbox 753 750 976 832; x_wconf 89' lang='lat' dir='ltr'>riprensione</span> <span class='ocrx_word' id='word_1_18' title='bbox 1001 753 1139 817; x_wconf 88' lang='lat' dir='ltr'>alcuna.</span> <span class='ocrx_word' id='word_1_19' title='bbox 1185 754 1237 816; x_wconf 90' lang='lat' dir='ltr'>La</span> <span class='ocrx_word' id='word_1_20' title='bbox 1269 754 1354 836; x_wconf 91' lang='lat' dir='ltr'>qual</span> <span class='ocrx_word' id='word_1_21' title='bbox 1377 756 1465 836; x_wconf 81' lang='lat' dir='ltr'>perd</span> <span class='ocrx_word' id='word_1_22' title='bbox 1489 774 1544 816; x_wconf 87' lang='lat' dir='ltr'>ac·</span> 
     </span>
     <span class='ocr_line' id='line_1_4' title="bbox 264 852 1545 940; baseline 0.011 -31"><span class='ocrx_word' id='word_1_23' title='bbox 264 852 399 912; x_wconf 82' lang='lat' dir='ltr'>cettard</span> <span class='ocrx_word' id='word_1_24' title='bbox 423 871 564 935; x_wconf 88' lang='lat' dir='ltr'>sempre</span> <span class='ocrx_word' id='word_1_25' title='bbox 590 876 656 920; x_wconf 90' lang='lat' dir='ltr'>con</span> <span class='ocrx_word' id='word_1_26' title='bbox 682 857 767 940; x_wconf 88' lang='lat' dir='ltr'>ogni</span> <span class='ocrx_word' id='word_1_27' title='bbox 791 857 913 921; x_wconf 87' lang='lat' dir='ltr'>debita</span> <span class='ocrx_word' id='word_1_28' title='bbox 937 860 1138 923; x_wconf 85' lang='lat' dir='ltr'>reverentia</span> <span class='ocrx_word' id='word_1_29' title='bbox 1162 872 1197 923; x_wconf 89' lang='lat' dir='ltr'>et</span> <span class='ocrx_word' id='word_1_30' title='bbox 1222 859 1426 923; x_wconf 81' lang='lat' dir='ltr'>obedientia</span> <span class='ocrx_word' id='word_1_31' title='bbox 1443 879 1545 923; x_wconf 91' lang='lat' dir='ltr'>come</span> 
     </span>
     <span class='ocr_line' id='line_1_5' title="bbox 264 963 1545 1041; baseline 0.011 -25"><span class='ocrx_word' id='word_1_32' title='bbox 264 973 418 1020; x_wconf 89' lang='lat' dir='ltr'>conosco</span> <span class='ocrx_word' id='word_1_33' title='bbox 449 979 567 1025; x_wconf 85' lang='lat' dir='ltr'>essere</span> <span class='ocrx_word' id='word_1_34' title='bbox 592 963 615 1025; x_wconf 90' lang='lat' dir='ltr'>il</span> <span class='ocrx_word' id='word_1_35' title='bbox 641 964 763 1028; x_wconf 91' lang='lat' dir='ltr'>debito</span> <span class='ocrx_word' id='word_1_36' title='bbox 788 965 875 1041; x_wconf 86' lang='lat' dir='ltr'>mie,</span> <span class='ocrx_word' id='word_1_37' title='bbox 911 965 956 1029; x_wconf 79' lang='lat' dir='ltr'>ne</span> <span class='ocrx_word' id='word_1_38' title='bbox 980 968 1070 1030; x_wconf 88' lang='lat' dir='ltr'>altro</span> <span class='ocrx_word' id='word_1_39' title='bbox 1095 967 1141 1029; x_wconf 92' lang='lat' dir='ltr'>mi</span> <span class='ocrx_word' id='word_1_40' title='bbox 1166 967 1289 1030; x_wconf 65' lang='lat' dir='ltr'>dolere</span> <span class='ocrx_word' id='word_1_41' title='bbox 1321 988 1359 1030; x_wconf 88' lang='lat' dir='ltr'>se</span> <span class='ocrx_word' id='word_1_42' title='bbox 1383 987 1454 1030; x_wconf 92' lang='lat' dir='ltr'>non</span> <span class='ocrx_word' id='word_1_43' title='bbox 1478 968 1545 1030; x_wconf 88' lang='lat' dir='ltr'>che</span> 
     </span>
     <span class='ocr_line' id='line_1_6' title="bbox 263 1062 1546 1156; baseline 0.01 -33"><span class='ocrx_word' id='word_1_44' title='bbox 263 1062 298 1123; x_wconf 88' lang='lat' dir='ltr'>la</span> <span class='ocrx_word' id='word_1_45' title='bbox 323 1083 392 1127; x_wconf 90' lang='lat' dir='ltr'>non</span> <span class='ocrx_word' id='word_1_46' title='bbox 417 1067 498 1129; x_wconf 72' lang='lat' dir='ltr'>sara</span> <span class='ocrx_word' id='word_1_47' title='bbox 522 1081 654 1133; x_wconf 84' lang='lat' dir='ltr'>venuta</span> <span class='ocrx_word' id='word_1_48' title='bbox 677 1071 711 1135; x_wconf 91' lang='lat' dir='ltr'>in</span> <span class='ocrx_word' id='word_1_49' title='bbox 738 1080 857 1154; x_wconf 89' lang='lat' dir='ltr'>tempo</span> <span class='ocrx_word' id='word_1_50' title='bbox 882 1073 936 1137; x_wconf 88' lang='lat' dir='ltr'>ch&#39;</span> <span class='ocrx_word' id='word_1_51' title='bbox 950 1073 984 1136; x_wconf 93' lang='lat' dir='ltr'>io</span> <span class='ocrx_word' id='word_1_52' title='bbox 1008 1074 1107 1156; x_wconf 91' lang='lat' dir='ltr'>possi</span> <span class='ocrx_word' id='word_1_53' title='bbox 1127 1076 1317 1138; x_wconf 90' lang='lat' dir='ltr'>emendare</span> <span class='ocrx_word' id='word_1_54' title='bbox 1341 1074 1375 1137; x_wconf 90' lang='lat' dir='ltr'>in</span> <span class='ocrx_word' id='word_1_55' title='bbox 1394 1075 1546 1156; x_wconf 85' lang='lat' dir='ltr'>qualche</span> 
     </span>
     <span class='ocr_line' id='line_1_7' title="bbox 264 1176 1545 1265; baseline 0.01 -35"><span class='ocrx_word' id='word_1_56' title='bbox 264 1179 366 1250; x_wconf 89' lang='lat' dir='ltr'>parte</span> <span class='ocrx_word' id='word_1_57' title='bbox 391 1176 509 1254; x_wconf 86' lang='lat' dir='ltr'>quello</span> <span class='ocrx_word' id='word_1_58' title='bbox 535 1178 600 1240; x_wconf 88' lang='lat' dir='ltr'>che</span> <span class='ocrx_word' id='word_1_59' title='bbox 624 1177 710 1242; x_wconf 90' lang='lat' dir='ltr'>forsi</span> <span class='ocrx_word' id='word_1_60' title='bbox 734 1200 755 1242; x_wconf 93' lang='lat'>0</span> <span class='ocrx_word' id='word_1_61' title='bbox 779 1200 845 1262; x_wconf 90' lang='lat' dir='ltr'>per</span> <span class='ocrx_word' id='word_1_62' title='bbox 869 1201 941 1243; x_wconf 90' lang='lat' dir='ltr'>non</span> <span class='ocrx_word' id='word_1_63' title='bbox 955 1184 1088 1245; x_wconf 86' lang='lat' dir='ltr'>vedere</span> <span class='ocrx_word' id='word_1_64' title='bbox 1112 1181 1172 1265; x_wconf 79' lang='lat' dir='ltr'>piu</span> <span class='ocrx_word' id='word_1_65' title='bbox 1197 1202 1218 1245; x_wconf 92' lang='lat' dir='ltr'>o</span> <span class='ocrx_word' id='word_1_66' title='bbox 1241 1202 1307 1265; x_wconf 90' lang='lat' dir='ltr'>per</span> <span class='ocrx_word' id='word_1_67' title='bbox 1326 1201 1396 1244; x_wconf 91' lang='lat' dir='ltr'>non</span> <span class='ocrx_word' id='word_1_68' title='bbox 1411 1183 1545 1244; x_wconf 86' lang='lat' dir='ltr'>havere</span> 
     </span>
     <span class='ocr_line' id='line_1_8' title="bbox 265 1283 1548 1371; baseline 0.008 -32"><span class='ocrx_word' id='word_1_69' title='bbox 265 1288 412 1357; x_wconf 88' lang='lat' dir='ltr'>possuto</span> <span class='ocrx_word' id='word_1_70' title='bbox 437 1283 657 1365; x_wconf 85' lang='lat' dir='ltr'>altramente,</span> <span class='ocrx_word' id='word_1_71' title='bbox 683 1285 711 1348; x_wconf 92' lang='lat' dir='ltr'>si</span> <span class='ocrx_word' id='word_1_72' title='bbox 735 1285 832 1350; x_wconf 88' lang='lat' dir='ltr'>fusse</span> <span class='ocrx_word' id='word_1_73' title='bbox 854 1297 984 1368; x_wconf 83' lang='lat' dir='ltr'>errat0,</span> <span class='ocrx_word' id='word_1_74' title='bbox 1008 1287 1140 1369; x_wconf 76' lang='lat' dir='ltr'>perche</span> <span class='ocrx_word' id='word_1_75' title='bbox 1166 1287 1201 1350; x_wconf 95' lang='lat' dir='ltr'>di</span> <span class='ocrx_word' id='word_1_76' title='bbox 1225 1287 1284 1371; x_wconf 72' lang='lat' dir='ltr'>gib</span> <span class='ocrx_word' id='word_1_77' title='bbox 1308 1291 1342 1351; x_wconf 89' lang='lat' dir='ltr'>la</span> <span class='ocrx_word' id='word_1_78' title='bbox 1359 1289 1456 1352; x_wconf 87' lang='lat' dir='ltr'>bolla</span> <span class='ocrx_word' id='word_1_79' title='bbox 1477 1287 1548 1350; x_wconf 85' lang='lat' dir='ltr'>mia</span> 
     </span>
     <span class='ocr_line' id='line_1_9' title="bbox 266 1383 1547 1478; baseline 0.007 -32"><span class='ocrx_word' id='word_1_80' title='bbox 266 1383 286 1447; x_wconf 75' lang='grc' dir='ltr'>ὲ</span> <span class='ocrx_word' id='word_1_81' title='bbox 320 1387 491 1468; x_wconf 83' lang='lat' dir='ltr'>expedita</span> <span class='ocrx_word' id='word_1_82' title='bbox 524 1399 559 1453; x_wconf 90' lang='lat' dir='ltr'>et</span> <span class='ocrx_word' id='word_1_83' title='bbox 591 1392 676 1454; x_wconf 89' lang='lat' dir='ltr'>data</span> <span class='ocrx_word' id='word_1_84' title='bbox 708 1414 730 1456; x_wconf 90' lang='lat' dir='ltr'>a</span> <span class='ocrx_word' id='word_1_85' title='bbox 758 1403 883 1475; x_wconf 90' lang='lat' dir='ltr'>questo</span> <span class='ocrx_word' id='word_1_86' title='bbox 909 1392 1142 1459; x_wconf 86' lang='lat' dir='ltr'>Serenissimo</span> <span class='ocrx_word' id='word_1_87' title='bbox 1168 1395 1334 1478; x_wconf 85' lang='lat' dir='ltr'>Principe</span> <span class='ocrx_word' id='word_1_88' title='bbox 1366 1397 1432 1458; x_wconf 86' lang='lat' dir='ltr'>che</span> <span class='ocrx_word' id='word_1_89' title='bbox 1465 1394 1547 1457; x_wconf 90' lang='lat' dir='ltr'>l’ha</span> 
     </span>
     <span class='ocr_line' id='line_1_10' title="bbox 263 1489 1548 1585; baseline 0.008 -32"><span class='ocrx_word' id='word_1_90' title='bbox 263 1489 354 1555; x_wconf 82' lang='lat' dir='ltr'>fatta</span> <span class='ocrx_word' id='word_1_91' title='bbox 378 1496 541 1559; x_wconf 87' lang='lat' dir='ltr'>tradurre</span> <span class='ocrx_word' id='word_1_92' title='bbox 562 1498 598 1560; x_wconf 91' lang='lat' dir='ltr'>in</span> <span class='ocrx_word' id='word_1_93' title='bbox 615 1499 737 1580; x_wconf 84' lang='lat' dir='ltr'>lingua</span> <span class='ocrx_word' id='word_1_94' title='bbox 751 1502 957 1583; x_wconf 82' lang='lat' dir='ltr'>germanica</span> <span class='ocrx_word' id='word_1_95' title='bbox 972 1510 1008 1566; x_wconf 91' lang='lat' dir='ltr'>et</span> <span class='ocrx_word' id='word_1_96' title='bbox 1023 1502 1192 1585; x_wconf 83' lang='lat' dir='ltr'>stampasi</span> <span class='ocrx_word' id='word_1_97' title='bbox 1208 1502 1244 1565; x_wconf 90' lang='lat' dir='ltr'>in</span> <span class='ocrx_word' id='word_1_98' title='bbox 1259 1511 1407 1584; x_wconf 85' lang='lat' dir='ltr'>utraque</span> <span class='ocrx_word' id='word_1_99' title='bbox 1423 1501 1548 1582; x_wconf 82' lang='lat' dir='ltr'>lingua</span> 
     </span>
     <span class='ocr_line' id='line_1_11' title="bbox 265 1601 1549 1692; baseline 0.008 -32"><span class='ocrx_word' id='word_1_100' title='bbox 265 1601 310 1661; x_wconf 88' lang='lat' dir='ltr'>de</span> <span class='ocrx_word' id='word_1_101' title='bbox 342 1603 377 1663; x_wconf 87' lang='lat' dir='ltr'>la</span> <span class='ocrx_word' id='word_1_102' title='bbox 400 1605 506 1684; x_wconf 86' lang='lat' dir='ltr'>quale</span> <span class='ocrx_word' id='word_1_103' title='bbox 538 1606 599 1687; x_wconf 91' lang='lat' dir='ltr'>poi</span> <span class='ocrx_word' id='word_1_104' title='bbox 624 1628 667 1670; x_wconf 90' lang='lat' dir='ltr'>ne</span> <span class='ocrx_word' id='word_1_105' title='bbox 701 1610 871 1672; x_wconf 80' lang='lat' dir='ltr'>mandato</span> <span class='ocrx_word' id='word_1_106' title='bbox 901 1610 1005 1692; x_wconf 91' lang='lat' dir='ltr'>copie</span> <span class='ocrx_word' id='word_1_107' title='bbox 1038 1610 1240 1673; x_wconf 86' lang='lat' dir='ltr'>autentiche</span> <span class='ocrx_word' id='word_1_108' title='bbox 1273 1631 1295 1672; x_wconf 86' lang='lat' dir='ltr'>a</span> <span class='ocrx_word' id='word_1_109' title='bbox 1318 1608 1400 1673; x_wconf 91' lang='lat' dir='ltr'>tutti</span> <span class='ocrx_word' id='word_1_110' title='bbox 1432 1606 1549 1691; x_wconf 89' lang='lat' dir='ltr'>questi</span> 
     </span>
     <span class='ocr_line' id='line_1_12' title="bbox 265 1707 1549 1799; baseline 0.008 -31"><span class='ocrx_word' id='word_1_111' title='bbox 265 1707 525 1795; x_wconf 87' lang='lat' dir='ltr'>archiepiscopi</span> <span class='ocrx_word' id='word_1_112' title='bbox 549 1733 614 1795; x_wconf 88' lang='lat' dir='ltr'>per</span> <span class='ocrx_word' id='word_1_113' title='bbox 638 1735 676 1778; x_wconf 90' lang='lat' dir='ltr'>se</span> <span class='ocrx_word' id='word_1_114' title='bbox 702 1726 737 1778; x_wconf 90' lang='lat' dir='ltr'>et</span> <span class='ocrx_word' id='word_1_115' title='bbox 751 1736 817 1798; x_wconf 90' lang='lat' dir='ltr'>per</span> <span class='ocrx_word' id='word_1_116' title='bbox 840 1719 917 1779; x_wconf 86' lang='lat' dir='ltr'>loro</span> <span class='ocrx_word' id='word_1_117' title='bbox 935 1717 1153 1799; x_wconf 85' lang='lat' dir='ltr'>suffraganei</span> <span class='ocrx_word' id='word_1_118' title='bbox 1168 1716 1382 1781; x_wconf 88' lang='lat' dir='ltr'>scrivendoli</span> <span class='ocrx_word' id='word_1_119' title='bbox 1401 1716 1549 1779; x_wconf 73' lang='lat' dir='ltr'>inbono.</span> 
     </span>
     <span class='ocr_line' id='line_1_13' title="bbox 265 1812 1547 1907; baseline 0.007 -31"><span class='ocrx_word' id='word_1_120' title='bbox 265 1812 380 1879; x_wconf 90' lang='lat' dir='ltr'>forma</span> <span class='ocrx_word' id='word_1_121' title='bbox 404 1827 439 1880; x_wconf 88' lang='lat' dir='ltr'>et</span> <span class='ocrx_word' id='word_1_122' title='bbox 462 1818 698 1884; x_wconf 88' lang='lat' dir='ltr'>ricercandoli</span> <span class='ocrx_word' id='word_1_123' title='bbox 722 1825 793 1886; x_wconf 87' lang='lat' dir='ltr'>alla</span> <span class='ocrx_word' id='word_1_124' title='bbox 817 1825 1079 1889; x_wconf 87' lang='lat' dir='ltr'>observatione.</span> <span class='ocrx_word' id='word_1_125' title='bbox 1126 1824 1186 1886; x_wconf 89' lang='lat' dir='ltr'>Ma</span> <span class='ocrx_word' id='word_1_126' title='bbox 1210 1844 1276 1907; x_wconf 93' lang='lat' dir='ltr'>per</span> <span class='ocrx_word' id='word_1_127' title='bbox 1299 1825 1418 1905; x_wconf 91' lang='lat' dir='ltr'>quello</span> <span class='ocrx_word' id='word_1_128' title='bbox 1443 1822 1496 1886; x_wconf 85' lang='lat' dir='ltr'>ch’</span> <span class='ocrx_word' id='word_1_129' title='bbox 1512 1822 1547 1885; x_wconf 93' lang='lat' dir='ltr'>io</span> 
     </span>
     <span class='ocr_line' id='line_1_14' title="bbox 266 1927 1547 2017; baseline 0.007 -33"><span class='ocrx_word' id='word_1_130' title='bbox 266 1933 366 1986; x_wconf 90' lang='lat' dir='ltr'>sento</span> <span class='ocrx_word' id='word_1_131' title='bbox 390 1927 503 2005; x_wconf 89' lang='lat' dir='ltr'>parmi</span> <span class='ocrx_word' id='word_1_132' title='bbox 528 1929 593 1991; x_wconf 89' lang='lat' dir='ltr'>che</span> <span class='ocrx_word' id='word_1_133' title='bbox 619 1932 737 2011; x_wconf 89' lang='lat' dir='ltr'>quello</span> <span class='ocrx_word' id='word_1_134' title='bbox 762 1942 938 1996; x_wconf 89' lang='lat' dir='ltr'>convento</span> <span class='ocrx_word' id='word_1_135' title='bbox 962 1933 1094 1995; x_wconf 88' lang='lat' dir='ltr'>habbia</span> <span class='ocrx_word' id='word_1_136' title='bbox 1115 1932 1289 2017; x_wconf 85' lang='lat' dir='ltr'>parturite</span> <span class='ocrx_word' id='word_1_137' title='bbox 1311 1935 1407 1995; x_wconf 92' lang='lat' dir='ltr'>buon</span> <span class='ocrx_word' id='word_1_138' title='bbox 1426 1930 1547 2010; x_wconf 74' lang='lat' dir='ltr'>fruttq</span> 
     </span>
     <span class='ocr_line' id='line_1_15' title="bbox 266 2030 1548 2103; baseline 0.006 -13"><span class='ocrx_word' id='word_1_139' title='bbox 266 2030 331 2092; x_wconf 88' lang='lat' dir='ltr'>che</span> <span class='ocrx_word' id='word_1_140' title='bbox 356 2049 426 2093; x_wconf 89' lang='lat' dir='ltr'>non</span> <span class='ocrx_word' id='word_1_141' title='bbox 450 2032 488 2095; x_wconf 84' lang='lat' dir='ltr'>fu</span> <span class='ocrx_word' id='word_1_142' title='bbox 512 2034 581 2097; x_wconf 85' lang='lat' dir='ltr'>mai</span> <span class='ocrx_word' id='word_1_143' title='bbox 605 2038 652 2099; x_wconf 88' lang='lat' dir='ltr'>da</span> <span class='ocrx_word' id='word_1_144' title='bbox 676 2037 880 2102; x_wconf 87' lang='lat' dir='ltr'>existimare</span> <span class='ocrx_word' id='word_1_145' title='bbox 905 2041 970 2102; x_wconf 90' lang='lat' dir='ltr'>che</span> <span class='ocrx_word' id='word_1_146' title='bbox 991 2039 1060 2103; x_wconf 92' lang='lat' dir='ltr'>Dio</span> <span class='ocrx_word' id='word_1_147' title='bbox 1085 2039 1358 2102; x_wconf 87' lang='lat' dir='ltr'>abbandonasse</span> <span class='ocrx_word' id='word_1_148' title='bbox 1381 2040 1417 2102; x_wconf 91' lang='lat' dir='ltr'>la</span> <span class='ocrx_word' id='word_1_149' title='bbox 1440 2056 1548 2100; x_wconf 84' lang='lat' dir='ltr'>causa</span> 
     </span>
     <span class='ocr_line' id='line_1_16' title="bbox 266 2139 1549 2228; baseline 0.005 -30"><span class='ocrx_word' id='word_1_150' title='bbox 266 2156 344 2217; x_wconf 87' lang='lat' dir='ltr'>sua,</span> <span class='ocrx_word' id='word_1_151' title='bbox 375 2150 411 2202; x_wconf 90' lang='lat' dir='ltr'>et</span> <span class='ocrx_word' id='word_1_152' title='bbox 434 2139 464 2202; x_wconf 90' lang='lat' dir='ltr'>si</span> <span class='ocrx_word' id='word_1_153' title='bbox 488 2161 666 2223; x_wconf 84' lang='lat' dir='ltr'>cognosce</span> <span class='ocrx_word' id='word_1_154' title='bbox 692 2146 757 2209; x_wconf 88' lang='lat' dir='ltr'>che</span> <span class='ocrx_word' id='word_1_155' title='bbox 782 2156 988 2210; x_wconf 88' lang='lat' dir='ltr'>veramente</span> <span class='ocrx_word' id='word_1_156' title='bbox 1014 2167 1059 2209; x_wconf 89' lang='lat' dir='ltr'>un</span> <span class='ocrx_word' id='word_1_157' title='bbox 1083 2150 1179 2210; x_wconf 88' lang='lat' dir='ltr'>buon</span> <span class='ocrx_word' id='word_1_158' title='bbox 1204 2144 1378 2228; x_wconf 90' lang='lat' dir='ltr'>principio</span> <span class='ocrx_word' id='word_1_159' title='bbox 1403 2144 1423 2208; x_wconf 75' lang='grc' dir='ltr'>ὲ</span> <span class='ocrx_word' id='word_1_160' title='bbox 1447 2142 1549 2225; x_wconf 90' lang='lat' dir='ltr'>quasi</span> 
     </span>
     <span class='ocr_line' id='line_1_17' title="bbox 266 2245 1548 2335; baseline 0.007 -30"><span class='ocrx_word' id='word_1_161' title='bbox 266 2245 301 2306; x_wconf 89' lang='lat' dir='ltr'>la</span> <span class='ocrx_word' id='word_1_162' title='bbox 323 2245 417 2309; x_wconf 71' lang='lat' dir='ltr'>meta</span> <span class='ocrx_word' id='word_1_163' title='bbox 441 2247 477 2308; x_wconf 96' lang='lat' dir='ltr'>di</span> <span class='ocrx_word' id='word_1_164' title='bbox 502 2252 621 2329; x_wconf 86' lang='lat' dir='ltr'>quello</span> <span class='ocrx_word' id='word_1_165' title='bbox 646 2254 712 2314; x_wconf 90' lang='lat' dir='ltr'>che</span> <span class='ocrx_word' id='word_1_166' title='bbox 736 2252 766 2315; x_wconf 91' lang='lat' dir='ltr'>si</span> <span class='ocrx_word' id='word_1_167' title='bbox 790 2255 837 2316; x_wconf 88' lang='lat' dir='ltr'>ha</span> <span class='ocrx_word' id='word_1_168' title='bbox 860 2275 882 2316; x_wconf 90' lang='lat' dir='ltr'>a</span> <span class='ocrx_word' id='word_1_169' title='bbox 905 2254 991 2318; x_wconf 84' lang='lat' dir='ltr'>fare¹</span> <span class='ocrx_word' id='word_1_170' title='bbox 1030 2253 1075 2317; x_wconf 88' lang='lat' dir='ltr'>V.</span> <span class='ocrx_word' id='word_1_171' title='bbox 1092 2251 1128 2317; x_wconf 83' lang='lat' dir='ltr'>S.</span> <span class='ocrx_word' id='word_1_172' title='bbox 1153 2253 1287 2317; x_wconf 66' lang='lat' dir='ltr'>vedere</span> <span class='ocrx_word' id='word_1_173' title='bbox 1310 2272 1376 2335; x_wconf 89' lang='lat' dir='ltr'>per</span> <span class='ocrx_word' id='word_1_174' title='bbox 1394 2254 1430 2315; x_wconf 88' lang='lat' dir='ltr'>la</span> <span class='ocrx_word' id='word_1_175' title='bbox 1445 2250 1548 2334; x_wconf 89' lang='lat' dir='ltr'>copia</span> 
     </span>
     <span class='ocr_line' id='line_1_18' title="bbox 267 2352 1548 2443; baseline 0.005 -30"><span class='ocrx_word' id='word_1_176' title='bbox 267 2352 312 2414; x_wconf 92' lang='lat' dir='ltr'>de</span> <span class='ocrx_word' id='word_1_177' title='bbox 344 2352 368 2414; x_wconf 89' lang='lat' dir='ltr'>li</span> <span class='ocrx_word' id='word_1_178' title='bbox 392 2353 482 2417; x_wconf 88' lang='lat' dir='ltr'>avisi</span> <span class='ocrx_word' id='word_1_179' title='bbox 515 2357 580 2419; x_wconf 87' lang='lat' dir='ltr'>che</span> <span class='ocrx_word' id='word_1_180' title='bbox 608 2378 761 2421; x_wconf 88' lang='lat' dir='ltr'>saranno</span> <span class='ocrx_word' id='word_1_181' title='bbox 795 2369 1029 2443; x_wconf 87' lang='lat' dir='ltr'>conquesta,</span> <span class='ocrx_word' id='word_1_182' title='bbox 1066 2362 1184 2443; x_wconf 91' lang='lat' dir='ltr'>quello</span> <span class='ocrx_word' id='word_1_183' title='bbox 1218 2359 1248 2423; x_wconf 88' lang='lat' dir='ltr'>si</span> <span class='ocrx_word' id='word_1_184' title='bbox 1271 2360 1291 2424; x_wconf 77' lang='lat' dir='ltr'>e</span> <span class='ocrx_word' id='word_1_185' title='bbox 1315 2360 1478 2423; x_wconf 91' lang='lat' dir='ltr'>ordinato</span> <span class='ocrx_word' id='word_1_186' title='bbox 1513 2367 1548 2420; x_wconf 92' lang='lat' dir='ltr'>et</span> 
     </span>
     <span class='ocr_line' id='line_1_19' title="bbox 266 2458 1547 2547; baseline 0.005 -28"><span class='ocrx_word' id='word_1_187' title='bbox 266 2458 411 2523; x_wconf 84' lang='lat' dir='ltr'>statuite</span> <span class='ocrx_word' id='word_1_188' title='bbox 434 2460 470 2524; x_wconf 94' lang='lat' dir='ltr'>in</span> <span class='ocrx_word' id='word_1_189' title='bbox 495 2463 626 2527; x_wconf 88' lang='lat' dir='ltr'>diversi</span> <span class='ocrx_word' id='word_1_190' title='bbox 650 2465 773 2547; x_wconf 88' lang='lat' dir='ltr'>luoghi</span> <span class='ocrx_word' id='word_1_191' title='bbox 798 2475 834 2529; x_wconf 89' lang='lat' dir='ltr'>et</span> <span class='ocrx_word' id='word_1_192' title='bbox 857 2467 904 2529; x_wconf 87' lang='lat' dir='ltr'>da</span> <span class='ocrx_word' id='word_1_193' title='bbox 928 2468 1060 2531; x_wconf 90' lang='lat' dir='ltr'>diversi</span> <span class='ocrx_word' id='word_1_194' title='bbox 1084 2489 1105 2530; x_wconf 88' lang='lat' dir='ltr'>a</span> <span class='ocrx_word' id='word_1_195' title='bbox 1128 2466 1302 2531; x_wconf 89' lang='lat' dir='ltr'>beneficio</span> <span class='ocrx_word' id='word_1_196' title='bbox 1326 2467 1372 2530; x_wconf 91' lang='lat' dir='ltr'>de</span> <span class='ocrx_word' id='word_1_197' title='bbox 1396 2467 1431 2528; x_wconf 90' lang='lat' dir='ltr'>la</span> <span class='ocrx_word' id='word_1_198' title='bbox 1454 2465 1547 2547; x_wconf 86' lang='lat' dir='ltr'>fede,</span> 
     </span>
     <span class='ocr_line' id='line_1_20' title="bbox 268 2568 1548 2658; baseline 0.005 -31"><span class='ocrx_word' id='word_1_199' title='bbox 268 2574 304 2628; x_wconf 90' lang='lat' dir='ltr'>et</span> <span class='ocrx_word' id='word_1_200' title='bbox 334 2568 379 2629; x_wconf 89' lang='lat' dir='ltr'>de</span> <span class='ocrx_word' id='word_1_201' title='bbox 408 2570 442 2632; x_wconf 81' lang='lat' dir='ltr'>dl</span> <span class='ocrx_word' id='word_1_202' title='bbox 476 2570 511 2634; x_wconf 90' lang='lat' dir='ltr'>in</span> <span class='ocrx_word' id='word_1_203' title='bbox 545 2574 580 2635; x_wconf 79' lang='lat' dir='ltr'>di</span> <span class='ocrx_word' id='word_1_204' title='bbox 605 2594 711 2658; x_wconf 88' lang='lat' dir='ltr'>spero</span> <span class='ocrx_word' id='word_1_205' title='bbox 746 2576 781 2638; x_wconf 95' lang='lat' dir='ltr'>di</span> <span class='ocrx_word' id='word_1_206' title='bbox 805 2574 936 2657; x_wconf 85' lang='lat' dir='ltr'>meglio</span> <span class='ocrx_word' id='word_1_207' title='bbox 971 2584 1006 2638; x_wconf 91' lang='lat' dir='ltr'>et</span> <span class='ocrx_word' id='word_1_208' title='bbox 1029 2575 1200 2658; x_wconf 89' lang='lat' dir='ltr'>precipue</span> <span class='ocrx_word' id='word_1_209' title='bbox 1232 2594 1298 2657; x_wconf 90' lang='lat' dir='ltr'>per</span> <span class='ocrx_word' id='word_1_210' title='bbox 1331 2574 1449 2657; x_wconf 91' lang='lat' dir='ltr'>quello</span> <span class='ocrx_word' id='word_1_211' title='bbox 1483 2572 1548 2635; x_wconf 89' lang='lat' dir='ltr'>che</span> 
     </span>
     <span class='ocr_line' id='line_1_21' title="bbox 267 2673 1548 2764; baseline 0.005 -29"><span class='ocrx_word' id='word_1_212' title='bbox 267 2673 385 2737; x_wconf 89' lang='lat' dir='ltr'>hanno</span> <span class='ocrx_word' id='word_1_213' title='bbox 410 2676 500 2741; x_wconf 87' lang='lat' dir='ltr'>fatto</span> <span class='ocrx_word' id='word_1_214' title='bbox 524 2680 633 2761; x_wconf 90' lang='lat' dir='ltr'>quelli</span> <span class='ocrx_word' id='word_1_215' title='bbox 658 2682 702 2745; x_wconf 90' lang='lat' dir='ltr'>de</span> <span class='ocrx_word' id='word_1_216' title='bbox 726 2683 850 2763; x_wconf 77' lang='lat' dir='ltr'>Ulmet,</span> <span class='ocrx_word' id='word_1_217' title='bbox 880 2682 916 2744; x_wconf 90' lang='lat' dir='ltr'>di</span> <span class='ocrx_word' id='word_1_218' title='bbox 941 2683 1006 2745; x_wconf 91' lang='lat' dir='ltr'>che</span> <span class='ocrx_word' id='word_1_219' title='bbox 1030 2701 1149 2763; x_wconf 88' lang='lat' dir='ltr'>vengo</span> <span class='ocrx_word' id='word_1_220' title='bbox 1173 2681 1208 2744; x_wconf 94' lang='lat' dir='ltr'>in</span> <span class='ocrx_word' id='word_1_221' title='bbox 1233 2679 1402 2764; x_wconf 89' lang='lat' dir='ltr'>opinione</span> <span class='ocrx_word' id='word_1_222' title='bbox 1425 2681 1491 2743; x_wconf 90' lang='lat' dir='ltr'>che</span> <span class='ocrx_word' id='word_1_223' title='bbox 1514 2680 1548 2741; x_wconf 91' lang='lat' dir='ltr'>le</span> 
     </span>
     <span class='ocr_line' id='line_1_22' title="bbox 267 2783 1548 2872; baseline 0.005 -30"><span class='ocrx_word' id='word_1_224' title='bbox 267 2783 357 2844; x_wconf 86' lang='lat' dir='ltr'>altre</span> <span class='ocrx_word' id='word_1_225' title='bbox 380 2792 474 2847; x_wconf 88' lang='lat' dir='ltr'>terre</span> <span class='ocrx_word' id='word_1_226' title='bbox 498 2789 633 2850; x_wconf 82' lang='lat' dir='ltr'>anchor</span> <span class='ocrx_word' id='word_1_227' title='bbox 656 2789 866 2872; x_wconf 86' lang='lat' dir='ltr'>resipiscent</span> <span class='ocrx_word' id='word_1_228' title='bbox 891 2796 927 2852; x_wconf 91' lang='lat' dir='ltr'>et</span> <span class='ocrx_word' id='word_1_229' title='bbox 950 2809 1017 2852; x_wconf 88' lang='lat' dir='ltr'>con</span> <span class='ocrx_word' id='word_1_230' title='bbox 1042 2809 1176 2851; x_wconf 91' lang='lat' dir='ltr'>summo</span> <span class='ocrx_word' id='word_1_231' title='bbox 1202 2787 1379 2851; x_wconf 89' lang='lat' dir='ltr'>desiderio</span> <span class='ocrx_word' id='word_1_232' title='bbox 1402 2794 1548 2868; x_wconf 89' lang='lat' dir='ltr'>expetto</span> 
     </span>
     <span class='ocr_line' id='line_1_23' title="bbox 267 2887 1548 2976; baseline 0.004 -26"><span class='ocrx_word' id='word_1_233' title='bbox 267 2887 454 2954; x_wconf 89' lang='lat' dir='ltr'>intendere</span> <span class='ocrx_word' id='word_1_234' title='bbox 485 2892 520 2955; x_wconf 92' lang='lat' dir='ltr'>in</span> <span class='ocrx_word' id='word_1_235' title='bbox 546 2904 671 2975; x_wconf 90' lang='lat' dir='ltr'>questo</span> <span class='ocrx_word' id='word_1_236' title='bbox 696 2907 873 2960; x_wconf 90' lang='lat' dir='ltr'>convento</span> <span class='ocrx_word' id='word_1_237' title='bbox 899 2897 965 2958; x_wconf 90' lang='lat' dir='ltr'>che</span> <span class='ocrx_word' id='word_1_238' title='bbox 989 2897 1077 2959; x_wconf 88' lang='lat' dir='ltr'>hora</span> <span class='ocrx_word' id='word_1_239' title='bbox 1106 2894 1215 2958; x_wconf 87' lang='lat' dir='ltr'>fanno</span> <span class='ocrx_word' id='word_1_240' title='bbox 1240 2895 1275 2957; x_wconf 92' lang='lat' dir='ltr'>in</span> <span class='ocrx_word' id='word_1_241' title='bbox 1300 2893 1406 2976; x_wconf 88' lang='lat' dir='ltr'>Spira</span> <span class='ocrx_word' id='word_1_242' title='bbox 1430 2894 1548 2975; x_wconf 90' lang='lat' dir='ltr'>quello</span> 
     </span>
     <span class='ocr_line' id='line_1_24' title="bbox 269 2996 1548 3087; baseline 0.004 -30"><span class='ocrx_word' id='word_1_243' title='bbox 269 2996 335 3058; x_wconf 87' lang='lat' dir='ltr'>che</span> <span class='ocrx_word' id='word_1_244' title='bbox 368 2996 398 3059; x_wconf 87' lang='lat' dir='ltr'>si</span> <span class='ocrx_word' id='word_1_245' title='bbox 428 3002 640 3064; x_wconf 71' lang='lat' dir='ltr'>concludere</span> <span class='ocrx_word' id='word_1_246' title='bbox 676 3013 712 3067; x_wconf 89' lang='lat' dir='ltr'>et</span> <span class='ocrx_word' id='word_1_247' title='bbox 742 3024 808 3087; x_wconf 91' lang='lat' dir='ltr'>per</span> <span class='ocrx_word' id='word_1_248' title='bbox 846 3004 961 3085; x_wconf 86' lang='lat' dir='ltr'>questi</span> <span class='ocrx_word' id='word_1_249' title='bbox 995 3001 1193 3086; x_wconf 88' lang='lat' dir='ltr'>preambuli</span> <span class='ocrx_word' id='word_1_250' title='bbox 1226 3003 1334 3064; x_wconf 88' lang='lat' dir='ltr'>molto</span> <span class='ocrx_word' id='word_1_251' title='bbox 1365 3021 1410 3064; x_wconf 89' lang='lat' dir='ltr'>ne</span> <span class='ocrx_word' id='word_1_252' title='bbox 1443 3019 1548 3081; x_wconf 88' lang='lat' dir='ltr'>spero</span> 
     </span>
     <span class='ocr_line' id='line_1_25' title="bbox 268 3103 1549 3192; baseline 0.005 -28"><span class='ocrx_word' id='word_1_253' title='bbox 268 3103 379 3184; x_wconf 87' lang='lat' dir='ltr'>bene,</span> <span class='ocrx_word' id='word_1_254' title='bbox 415 3113 451 3168; x_wconf 90' lang='lat' dir='ltr'>et</span> <span class='ocrx_word' id='word_1_255' title='bbox 473 3126 574 3170; x_wconf 89' lang='lat' dir='ltr'>come</span> <span class='ocrx_word' id='word_1_256' title='bbox 607 3109 666 3192; x_wconf 83' lang='lat' dir='ltr'>pid</span> <span class='ocrx_word' id='word_1_257' title='bbox 691 3112 788 3174; x_wconf 89' lang='lat' dir='ltr'>volte</span> <span class='ocrx_word' id='word_1_258' title='bbox 821 3113 867 3174; x_wconf 93' lang='lat' dir='ltr'>ho</span> <span class='ocrx_word' id='word_1_259' title='bbox 893 3113 991 3173; x_wconf 89' lang='lat' dir='ltr'>detto</span> <span class='ocrx_word' id='word_1_260' title='bbox 1025 3130 1063 3172; x_wconf 90' lang='lat' dir='ltr'>se</span> <span class='ocrx_word' id='word_1_261' title='bbox 1094 3112 1128 3173; x_wconf 87' lang='lat' dir='ltr'>la</span> <span class='ocrx_word' id='word_1_262' title='bbox 1151 3108 1215 3172; x_wconf 83' lang='lat' dir='ltr'>Mu</span> <span class='ocrx_word' id='word_1_263' title='bbox 1229 3107 1384 3171; x_wconf 85' lang='lat' dir='ltr'>Cesarea</span> <span class='ocrx_word' id='word_1_264' title='bbox 1414 3106 1492 3170; x_wconf 67' lang='lat' dir='ltr'>fari</span> <span class='ocrx_word' id='word_1_265' title='bbox 1525 3107 1549 3170; x_wconf 92' lang='lat' dir='ltr'>il</span> 
     </span>
     <span class='ocr_line' id='line_1_26' title="bbox 270 3211 1549 3303; baseline 0.002 -30"><span class='ocrx_word' id='word_1_266' title='bbox 270 3211 391 3275; x_wconf 89' lang='lat' dir='ltr'>debito</span> <span class='ocrx_word' id='word_1_267' title='bbox 416 3213 555 3277; x_wconf 85' lang='lat' dir='ltr'>almeno</span> <span class='ocrx_word' id='word_1_268' title='bbox 583 3215 617 3279; x_wconf 94' lang='lat' dir='ltr'>in</span> <span class='ocrx_word' id='word_1_269' title='bbox 641 3227 761 3300; x_wconf 86' lang='lat' dir='ltr'>parte,</span> <span class='ocrx_word' id='word_1_270' title='bbox 785 3239 892 3303; x_wconf 90' lang='lat' dir='ltr'>spero</span> <span class='ocrx_word' id='word_1_271' title='bbox 917 3221 982 3281; x_wconf 90' lang='lat' dir='ltr'>che</span> <span class='ocrx_word' id='word_1_272' title='bbox 1007 3226 1131 3299; x_wconf 88' lang='lat' dir='ltr'>queste</span> <span class='ocrx_word' id='word_1_273' title='bbox 1155 3215 1301 3279; x_wconf 90' lang='lat' dir='ltr'>materie</span> <span class='ocrx_word' id='word_1_274' title='bbox 1324 3214 1549 3298; x_wconf 81' lang='lat' dir='ltr'>pigliaranno</span> 
     </span>
     <span class='ocr_line' id='line_1_27' title="bbox 269 3319 1550 3404; baseline 0.002 -24"><span class='ocrx_word' id='word_1_275' title='bbox 269 3320 388 3382; x_wconf 92' lang='lat' dir='ltr'>buono</span> <span class='ocrx_word' id='word_1_276' title='bbox 419 3319 585 3386; x_wconf 88' lang='lat' dir='ltr'>indirizzo</span> <span class='ocrx_word' id='word_1_277' title='bbox 617 3334 653 3387; x_wconf 89' lang='lat' dir='ltr'>et</span> <span class='ocrx_word' id='word_1_278' title='bbox 685 3326 750 3389; x_wconf 86' lang='lat' dir='ltr'>che</span> <span class='ocrx_word' id='word_1_279' title='bbox 778 3327 813 3388; x_wconf 88' lang='lat' dir='ltr'>la</span> <span class='ocrx_word' id='word_1_280' title='bbox 836 3324 951 3388; x_wconf 74' lang='lat' dir='ltr'>verita</span> <span class='ocrx_word' id='word_1_281' title='bbox 982 3323 1076 3387; x_wconf 66' lang='lat' dir='ltr'>stare</span> <span class='ocrx_word' id='word_1_282' title='bbox 1105 3323 1140 3384; x_wconf 92' lang='lat' dir='ltr'>di</span> <span class='ocrx_word' id='word_1_283' title='bbox 1164 3343 1287 3404; x_wconf 87' lang='lat' dir='ltr'>sopra,</span> <span class='ocrx_word' id='word_1_284' title='bbox 1323 3322 1550 3403; x_wconf 88' lang='lat' dir='ltr'>quantunche</span> 
     </span>
     <span class='ocr_line' id='line_1_28' title="bbox 270 3426 1549 3512; baseline 0.004 -26"><span class='ocrx_word' id='word_1_285' title='bbox 270 3426 323 3487; x_wconf 89' lang='lat' dir='ltr'>sia</span> <span class='ocrx_word' id='word_1_286' title='bbox 346 3446 417 3488; x_wconf 85' lang='lat' dir='ltr'>una</span> <span class='ocrx_word' id='word_1_287' title='bbox 441 3448 525 3490; x_wconf 86' lang='lat' dir='ltr'>cosa</span> <span class='ocrx_word' id='word_1_288' title='bbox 547 3430 727 3493; x_wconf 88' lang='lat' dir='ltr'>horrenda</span> <span class='ocrx_word' id='word_1_289' title='bbox 751 3441 787 3495; x_wconf 90' lang='lat' dir='ltr'>et</span> <span class='ocrx_word' id='word_1_290' title='bbox 812 3432 955 3495; x_wconf 89' lang='lat' dir='ltr'>crudele</span> <span class='ocrx_word' id='word_1_291' title='bbox 981 3431 1112 3495; x_wconf 88' lang='lat' dir='ltr'>sentire</span> <span class='ocrx_word' id='word_1_292' title='bbox 1136 3431 1255 3512; x_wconf 87' lang='lat' dir='ltr'>quello</span> <span class='ocrx_word' id='word_1_293' title='bbox 1272 3430 1338 3492; x_wconf 89' lang='lat' dir='ltr'>che</span> <span class='ocrx_word' id='word_1_294' title='bbox 1355 3428 1549 3511; x_wconf 90' lang='lat' dir='ltr'>predicano</span> 
     </span>
     <span class='ocr_line' id='line_1_29' title="bbox 270 3532 1550 3621; baseline 0.003 -27"><span class='ocrx_word' id='word_1_295' title='bbox 270 3532 385 3614; x_wconf 89' lang='lat' dir='ltr'>questi</span> <span class='ocrx_word' id='word_1_296' title='bbox 409 3533 538 3598; x_wconf 89' lang='lat' dir='ltr'>ribaldi</span> <span class='ocrx_word' id='word_1_297' title='bbox 562 3536 655 3619; x_wconf 90' lang='lat' dir='ltr'>preti</span> <span class='ocrx_word' id='word_1_298' title='bbox 679 3547 715 3601; x_wconf 90' lang='lat' dir='ltr'>et</span> <span class='ocrx_word' id='word_1_299' title='bbox 738 3538 892 3621; x_wconf 88' lang='lat' dir='ltr'>apostati</span> <span class='ocrx_word' id='word_1_300' title='bbox 917 3539 982 3601; x_wconf 91' lang='lat' dir='ltr'>che</span> <span class='ocrx_word' id='word_1_301' title='bbox 1007 3536 1053 3600; x_wconf 92' lang='lat' dir='ltr'>mi</span> <span class='ocrx_word' id='word_1_302' title='bbox 1077 3535 1286 3617; x_wconf 84' lang='lat' dir='ltr'>meraviglio</span> <span class='ocrx_word' id='word_1_303' title='bbox 1310 3536 1377 3599; x_wconf 91' lang='lat' dir='ltr'>che</span> <span class='ocrx_word' id='word_1_304' title='bbox 1400 3537 1435 3598; x_wconf 86' lang='lat' dir='ltr'>la</span> <span class='ocrx_word' id='word_1_305' title='bbox 1454 3543 1550 3598; x_wconf 89' lang='lat' dir='ltr'>terra</span> 
     </span>
     <span class='ocr_line' id='line_1_30' title="bbox 270 3640 835 3727; baseline 0.011 -25"><span class='ocrx_word' id='word_1_306' title='bbox 270 3659 341 3702; x_wconf 92' lang='lat' dir='ltr'>non</span> <span class='ocrx_word' id='word_1_307' title='bbox 366 3640 396 3703; x_wconf 89' lang='lat' dir='ltr'>si</span> <span class='ocrx_word' id='word_1_308' title='bbox 419 3661 507 3722; x_wconf 85' lang='lat' dir='ltr'>apra</span> <span class='ocrx_word' id='word_1_309' title='bbox 531 3651 567 3705; x_wconf 92' lang='lat' dir='ltr'>et</span> <span class='ocrx_word' id='word_1_310' title='bbox 590 3664 629 3706; x_wconf 86' lang='lat' dir='ltr'>se</span> <span class='ocrx_word' id='word_1_311' title='bbox 653 3643 677 3706; x_wconf 94' lang='lat' dir='ltr'>li</span> <span class='ocrx_word' id='word_1_312' title='bbox 700 3644 835 3727; x_wconf 82' lang='lat' dir='ltr'>ingelli.</span> 
     </span>
    </p>

    <p class='ocr_par' dir='ltr' id='par_1_3' title="bbox 272 3745 1552 4263">
     <span class='ocr_line' id='line_1_31' title="bbox 360 3745 1550 3834; baseline -0.001 -24"><span class='ocrx_word' id='word_1_313' title='bbox 360 3745 428 3827; x_wconf 83' lang='lat' dir='ltr'>Qui</span> <span class='ocrx_word' id='word_1_314' title='bbox 452 3749 680 3829; x_wconf 89' lang='lat' dir='ltr'>procediamo</span> <span class='ocrx_word' id='word_1_315' title='bbox 704 3752 1013 3834; x_wconf 83' lang='lat' dir='ltr'>gagliardamente</span> <span class='ocrx_word' id='word_1_316' title='bbox 1046 3759 1171 3814; x_wconf 86' lang='lat' dir='ltr'>contra</span> <span class='ocrx_word' id='word_1_317' title='bbox 1194 3748 1310 3832; x_wconf 88' lang='lat' dir='ltr'>questi</span> <span class='ocrx_word' id='word_1_318' title='bbox 1334 3747 1550 3832; x_wconf 84' lang='lat' dir='ltr'>predicatori</span> 
     </span>
     <span class='ocr_line' id='line_1_32' title="bbox 272 3853 1551 3942; baseline 0.003 -27"><span class='ocrx_word' id='word_1_319' title='bbox 272 3864 307 3916; x_wconf 88' lang='lat' dir='ltr'>et</span> <span class='ocrx_word' id='word_1_320' title='bbox 339 3853 530 3918; x_wconf 88' lang='lat' dir='ltr'>habbiamo</span> <span class='ocrx_word' id='word_1_321' title='bbox 563 3856 597 3918; x_wconf 91' lang='lat' dir='ltr'>in</span> <span class='ocrx_word' id='word_1_322' title='bbox 622 3857 787 3941; x_wconf 87' lang='lat' dir='ltr'>prigione</span> <span class='ocrx_word' id='word_1_323' title='bbox 821 3860 854 3922; x_wconf 93' lang='lat' dir='ltr'>el</span> <span class='ocrx_word' id='word_1_324' title='bbox 878 3860 1066 3942; x_wconf 84' lang='lat' dir='ltr'>capellano</span> <span class='ocrx_word' id='word_1_325' title='bbox 1100 3860 1158 3922; x_wconf 89' lang='lat' dir='ltr'>del</span> <span class='ocrx_word' id='word_1_326' title='bbox 1186 3859 1431 3936; x_wconf 84' lang='lat' dir='ltr'>locotenente‚</span> <span class='ocrx_word' id='word_1_327' title='bbox 1467 3857 1551 3938; x_wconf 88' lang='lat' dir='ltr'>qual</span> 
     </span>
     <span class='ocr_line' id='line_1_33' title="bbox 272 3960 1552 4047; baseline 0.002 -25"><span class='ocrx_word' id='word_1_328' title='bbox 272 3960 445 4024; x_wconf 88' lang='lat' dir='ltr'>comincia</span> <span class='ocrx_word' id='word_1_329' title='bbox 476 3982 498 4024; x_wconf 86' lang='lat' dir='ltr'>a</span> <span class='ocrx_word' id='word_1_330' title='bbox 521 3962 754 4028; x_wconf 85' lang='lat' dir='ltr'>riconoscersi</span> <span class='ocrx_word' id='word_1_331' title='bbox 786 3974 822 4029; x_wconf 90' lang='lat' dir='ltr'>et</span> <span class='ocrx_word' id='word_1_332' title='bbox 853 3965 1039 4028; x_wconf 87' lang='lat' dir='ltr'>dimandar</span> <span class='ocrx_word' id='word_1_333' title='bbox 1062 3966 1223 4047; x_wconf 87' lang='lat' dir='ltr'>perdono</span> <span class='ocrx_word' id='word_1_334' title='bbox 1255 3985 1322 4027; x_wconf 86' lang='lat' dir='ltr'>con</span> <span class='ocrx_word' id='word_1_335' title='bbox 1354 3962 1505 4026; x_wconf 85' lang='lat' dir='ltr'>offerirsi</span> <span class='ocrx_word' id='word_1_336' title='bbox 1530 3983 1552 4025; x_wconf 92' lang='lat' dir='ltr'>a</span> 
     </span>
     <span class='ocr_line' id='line_1_34' title="bbox 272 4070 1552 4155; baseline 0.001 -25"><span class='ocrx_word' id='word_1_337' title='bbox 272 4076 456 4133; x_wconf 90' lang='lat' dir='ltr'>sostenere</span> <span class='ocrx_word' id='word_1_338' title='bbox 480 4070 565 4151; x_wconf 85' lang='lat' dir='ltr'>ogni</span> <span class='ocrx_word' id='word_1_339' title='bbox 588 4090 683 4152; x_wconf 86' lang='lat' dir='ltr'>pena</span> <span class='ocrx_word' id='word_1_340' title='bbox 707 4081 743 4135; x_wconf 90' lang='lat' dir='ltr'>et</span> <span class='ocrx_word' id='word_1_341' title='bbox 766 4071 794 4135; x_wconf 91' lang='lat' dir='ltr'>si</span> <span class='ocrx_word' id='word_1_342' title='bbox 818 4071 1011 4155; x_wconf 57' lang='lat' dir='ltr'>procurer&amp;</span> <span class='ocrx_word' id='word_1_343' title='bbox 1033 4074 1167 4136; x_wconf 86' lang='lat' dir='ltr'>auchor</span> <span class='ocrx_word' id='word_1_344' title='bbox 1191 4072 1226 4134; x_wconf 92' lang='lat' dir='ltr'>di</span> <span class='ocrx_word' id='word_1_345' title='bbox 1242 4070 1420 4153; x_wconf 86' lang='lat' dir='ltr'>castigare</span> <span class='ocrx_word' id='word_1_346' title='bbox 1435 4070 1552 4132; x_wconf 88' lang='lat' dir='ltr'>alcuni</span> 
     </span>
     <span class='ocr_line' id='line_1_35' title="bbox 273 4175 1251 4263; baseline 0.003 -25"><span class='ocrx_word' id='word_1_347' title='bbox 273 4175 353 4238; x_wconf 87' lang='lat' dir='ltr'>altri</span> <span class='ocrx_word' id='word_1_348' title='bbox 377 4176 579 4241; x_wconf 86' lang='lat' dir='ltr'>seminatori</span> <span class='ocrx_word' id='word_1_349' title='bbox 604 4177 640 4240; x_wconf 88' lang='lat' dir='ltr'>di</span> <span class='ocrx_word' id='word_1_350' title='bbox 664 4189 789 4259; x_wconf 90' lang='lat' dir='ltr'>questa</span> <span class='ocrx_word' id='word_1_351' title='bbox 812 4188 914 4262; x_wconf 88' lang='lat' dir='ltr'>peste</span> <span class='ocrx_word' id='word_1_352' title='bbox 938 4179 974 4242; x_wconf 92' lang='lat' dir='ltr'>in</span> <span class='ocrx_word' id='word_1_353' title='bbox 998 4189 1124 4262; x_wconf 89' lang='lat' dir='ltr'>queste</span> <span class='ocrx_word' id='word_1_354' title='bbox 1147 4179 1251 4263; x_wconf 88' lang='lat' dir='ltr'>parti.</span> 
     </span>
    </p>

    <p class='ocr_par' dir='ltr' id='par_1_4' title="bbox 274 4282 1557 4887">
     <span class='ocr_line' id='line_1_36' title="bbox 362 4282 1554 4367; baseline -0.002 -20"><span class='ocrx_word' id='word_1_355' title='bbox 362 4284 410 4347; x_wconf 87' lang='lat' dir='ltr'>Al</span> <span class='ocrx_word' id='word_1_356' title='bbox 433 4284 547 4367; x_wconf 90' lang='lat' dir='ltr'>primo</span> <span class='ocrx_word' id='word_1_357' title='bbox 572 4285 630 4348; x_wconf 83' lang='lat' dir='ltr'>del</span> <span class='ocrx_word' id='word_1_358' title='bbox 654 4306 750 4350; x_wconf 91' lang='lat' dir='ltr'>mese</span> <span class='ocrx_word' id='word_1_359' title='bbox 774 4286 931 4350; x_wconf 88' lang='lat' dir='ltr'>receveti</span> <span class='ocrx_word' id='word_1_360' title='bbox 954 4287 988 4350; x_wconf 94' lang='lat' dir='ltr'>le</span> <span class='ocrx_word' id='word_1_361' title='bbox 1013 4287 1048 4349; x_wconf 92' lang='lat' dir='ltr'>di</span> <span class='ocrx_word' id='word_1_362' title='bbox 1073 4285 1117 4350; x_wconf 90' lang='lat' dir='ltr'>V.</span> <span class='ocrx_word' id='word_1_363' title='bbox 1142 4283 1178 4349; x_wconf 90' lang='lat' dir='ltr'>S.</span> <span class='ocrx_word' id='word_1_364' title='bbox 1203 4285 1249 4348; x_wconf 91' lang='lat' dir='ltr'>de</span> <span class='ocrx_word' id='word_1_365' title='bbox 1273 4283 1366 4348; x_wconf 91' lang='lat' dir='ltr'>XIV</span> <span class='ocrx_word' id='word_1_366' title='bbox 1390 4292 1427 4347; x_wconf 90' lang='lat' dir='ltr'>et</span> <span class='ocrx_word' id='word_1_367' title='bbox 1440 4282 1554 4346; x_wconf 89' lang='lat' dir='ltr'>XVII</span> 
     </span>
     <span class='ocr_line' id='line_1_37' title="bbox 274 4390 1553 4476; baseline 0 -22"><span class='ocrx_word' id='word_1_368' title='bbox 274 4392 340 4455; x_wconf 92' lang='lat' dir='ltr'>che</span> <span class='ocrx_word' id='word_1_369' title='bbox 371 4392 416 4454; x_wconf 93' lang='lat' dir='ltr'>mi</span> <span class='ocrx_word' id='word_1_370' title='bbox 447 4392 552 4456; x_wconf 84' lang='lat' dir='ltr'>furon</span> <span class='ocrx_word' id='word_1_371' title='bbox 582 4404 833 4458; x_wconf 89' lang='lat' dir='ltr'>sommamente</span> <span class='ocrx_word' id='word_1_372' title='bbox 858 4403 960 4476; x_wconf 83' lang='lat' dir='ltr'>grate</span> <span class='ocrx_word' id='word_1_373' title='bbox 985 4393 1202 4457; x_wconf 91' lang='lat' dir='ltr'>intendendo</span> <span class='ocrx_word' id='word_1_374' title='bbox 1233 4394 1300 4456; x_wconf 87' lang='lat' dir='ltr'>che</span> <span class='ocrx_word' id='word_1_375' title='bbox 1324 4391 1347 4455; x_wconf 81' lang='lat' dir='ltr'>’l</span> <span class='ocrx_word' id='word_1_376' title='bbox 1376 4390 1553 4474; x_wconf 88' lang='lat' dir='ltr'>principio</span> 
     </span>
     <span class='ocr_line' id='line_1_38' title="bbox 274 4496 1555 4586; baseline 0 -26"><span class='ocrx_word' id='word_1_377' title='bbox 274 4499 358 4561; x_wconf 83' lang='lat' dir='ltr'>dato</span> <span class='ocrx_word' id='word_1_378' title='bbox 390 4501 423 4562; x_wconf 88' lang='lat' dir='ltr'>al</span> <span class='ocrx_word' id='word_1_379' title='bbox 453 4508 684 4564; x_wconf 85' lang='lat' dir='ltr'>trattamento</span> <span class='ocrx_word' id='word_1_380' title='bbox 708 4500 743 4564; x_wconf 93' lang='lat' dir='ltr'>di</span> <span class='ocrx_word' id='word_1_381' title='bbox 767 4502 971 4583; x_wconf 85' lang='lat' dir='ltr'>Ratispona</span> <span class='ocrx_word' id='word_1_382' title='bbox 994 4499 1208 4586; x_wconf 83' lang='lat' dir='ltr'>satisfaceva</span> <span class='ocrx_word' id='word_1_383' title='bbox 1231 4521 1253 4563; x_wconf 89' lang='lat' dir='ltr'>a</span> <span class='ocrx_word' id='word_1_384' title='bbox 1276 4499 1317 4564; x_wconf 92' lang='lat' dir='ltr'>N.</span> <span class='ocrx_word' id='word_1_385' title='bbox 1342 4496 1378 4562; x_wconf 89' lang='lat' dir='ltr'>S.</span> <span class='ocrx_word' id='word_1_386' title='bbox 1411 4499 1447 4562; x_wconf 85' lang='lat' dir='ltr'>le</span> <span class='ocrx_word' id='word_1_387' title='bbox 1469 4501 1555 4580; x_wconf 86' lang='lat' dir='ltr'>qual</span> 
     </span>
     <span class='ocr_line' id='line_1_39' title="bbox 274 4605 1555 4689; baseline 0 -21"><span class='ocrx_word' id='word_1_388' title='bbox 274 4626 358 4669; x_wconf 87' lang='lat' dir='ltr'>cosa</span> <span class='ocrx_word' id='word_1_389' title='bbox 382 4606 427 4669; x_wconf 93' lang='lat' dir='ltr'>mi</span> <span class='ocrx_word' id='word_1_390' title='bbox 451 4606 488 4669; x_wconf 86' lang='lat' dir='ltr'>fa</span> <span class='ocrx_word' id='word_1_391' title='bbox 512 4627 658 4689; x_wconf 85' lang='lat' dir='ltr'>sperare</span> <span class='ocrx_word' id='word_1_392' title='bbox 689 4610 755 4672; x_wconf 87' lang='lat' dir='ltr'>che</span> <span class='ocrx_word' id='word_1_393' title='bbox 772 4609 794 4672; x_wconf 88' lang='lat' dir='ltr'>&#39;l</span> <span class='ocrx_word' id='word_1_394' title='bbox 818 4608 889 4672; x_wconf 90' lang='lat' dir='ltr'>fine</span> <span class='ocrx_word' id='word_1_395' title='bbox 913 4609 1071 4671; x_wconf 87' lang='lat' dir='ltr'>anchora</span> <span class='ocrx_word' id='word_1_396' title='bbox 1093 4609 1128 4671; x_wconf 94' lang='lat' dir='ltr'>le</span> <span class='ocrx_word' id='word_1_397' title='bbox 1153 4607 1233 4671; x_wconf 72' lang='lat' dir='ltr'>sara</span> <span class='ocrx_word' id='word_1_398' title='bbox 1256 4605 1451 4685; x_wconf 69' lang='lat' dir='ltr'>satissime,</span> <span class='ocrx_word' id='word_1_399' title='bbox 1486 4605 1555 4668; x_wconf 88' lang='lat' dir='ltr'>che</span> 
     </span>
     <span class='ocr_line' id='line_1_40' title="bbox 275 4711 1555 4797; baseline 0 -21"><span class='ocrx_word' id='word_1_400' title='bbox 275 4711 349 4776; x_wconf 88' lang='lat' dir='ltr'>cosi</span> <span class='ocrx_word' id='word_1_401' title='bbox 379 4715 488 4777; x_wconf 90' lang='lat' dir='ltr'>molto</span> <span class='ocrx_word' id='word_1_402' title='bbox 513 4714 689 4779; x_wconf 89' lang='lat' dir='ltr'>desidero.</span> <span class='ocrx_word' id='word_1_403' title='bbox 734 4716 805 4779; x_wconf 90' lang='lat' dir='ltr'>Dal</span> <span class='ocrx_word' id='word_1_404' title='bbox 828 4714 1073 4797; x_wconf 88' lang='lat' dir='ltr'>protonotario</span> <span class='ocrx_word' id='word_1_405' title='bbox 1097 4715 1142 4778; x_wconf 89' lang='lat' dir='ltr'>de</span> <span class='ocrx_word' id='word_1_406' title='bbox 1166 4714 1269 4797; x_wconf 83' lang='lat' dir='ltr'>Migli</span> <span class='ocrx_word' id='word_1_407' title='bbox 1302 4733 1390 4777; x_wconf 91' lang='lat' dir='ltr'>sono</span> <span class='ocrx_word' id='word_1_408' title='bbox 1413 4711 1555 4776; x_wconf 86' lang='lat' dir='ltr'>avisato</span> 
     </span>
     <span class='ocr_line' id='line_1_41' title="bbox 275 4817 1557 4887; baseline -0.002 -3"><span class='ocrx_word' id='word_1_409' title='bbox 275 4822 341 4885; x_wconf 92' lang='lat' dir='ltr'>che</span> <span class='ocrx_word' id='word_1_410' title='bbox 364 4823 411 4885; x_wconf 85' lang='lat' dir='ltr'>ha</span> <span class='ocrx_word' id='word_1_411' title='bbox 434 4824 566 4885; x_wconf 84' lang='lat' dir='ltr'>havuto</span> <span class='ocrx_word' id='word_1_412' title='bbox 590 4822 671 4887; x_wconf 84' lang='lat' dir='ltr'>lice</span> <span class='ocrx_word' id='word_1_413' title='bbox 694 4822 812 4887; x_wconf 86' lang='lat' dir='ltr'>fiorini</span> <span class='ocrx_word' id='word_1_414' title='bbox 835 4823 872 4886; x_wconf 89' lang='lat' dir='ltr'>di</span> <span class='ocrx_word' id='word_1_415' title='bbox 886 4822 1033 4886; x_wconf 87' lang='lat' dir='ltr'>Erasmo</span> <span class='ocrx_word' id='word_1_416' title='bbox 1057 4829 1094 4884; x_wconf 90' lang='lat' dir='ltr'>et</span> <span class='ocrx_word' id='word_1_417' title='bbox 1110 4820 1205 4884; x_wconf 85' lang='lat' dir='ltr'>circa</span> <span class='ocrx_word' id='word_1_418' title='bbox 1219 4820 1245 4883; x_wconf 95' lang='lat' dir='ltr'>il</span> <span class='ocrx_word' id='word_1_419' title='bbox 1259 4819 1418 4884; x_wconf 88' lang='lat' dir='ltr'>remedio</span> <span class='ocrx_word' id='word_1_420' title='bbox 1435 4817 1557 4883; x_wconf 87' lang='lat' dir='ltr'>scrissi</span> 
     </span>
    </p>
   </div>
   <div class='ocr_carea' id='block_1_3' title="bbox 0 0 1801 5734">
    <p class='ocr_par' dir='ltr' id='par_1_5' title="bbox 0 0 1801 5734">
     <span class='ocr_line' id='line_1_42' title="bbox 0 0 1801 5734; baseline 0 0"><span class='ocrx_word' id='word_1_421' title='bbox 0 0 1801 5734; x_wconf 95' lang='lat' dir='ltr'> </span> 
     </span>
    </p>
   </div>
  </div>
 </body>
</html>
