3559 5734
821 554 879 606 Μ]
919 556 971 608 244
1010 553 1068 605 lb*

304 699 458 763 Martino
483 699 503 760 l’
520 701 625 761 homo
650 701 706 761 del
733 696 867 780 Spirito
893 699 1020 780 Santo,
1046 700 1176 762 deinde
1201 701 1266 762 che
1290 703 1464 764 haveamo
1489 711 1583 764 rotto

304 807 328 868 il
353 807 635 868 salvocondotto.
683 806 751 867 Noi
785 826 1004 887 pensavamo
1036 807 1101 869 che
1132 806 1153 869 ’l
1179 807 1279 869 Duca
1311 808 1457 872 Saxone
1488 809 1584 871 fusse

304 922 397 974 stato
430 912 478 974 lui
510 913 546 975 in
578 933 685 974 causa
717 933 782 994 per
812 914 911 976 molti
946 914 1089 994 obietti‚
1123 924 1160 977 et
1189 915 1225 977 in
1259 927 1386 996 questa
1417 917 1585 999 opinione

304 1019 396 1082 intro
422 1039 488 1081 con
513 1019 572 1081 noi
597 1030 632 1080 et
658 1019 768 1082 Cesar
792 1030 827 1081 et
851 1020 949 1082 molti
972 1021 1126 1102 principi
1143 1031 1178 1083 et
1195 1022 1295 1103 quasi
1312 1033 1401 1085 tutta
1417 1025 1451 1085 la
1476 1034 1585 1102 corte,

305 1128 350 1188 ad
375 1129 425 1189 tal
443 1128 509 1188 che
527 1126 548 1187 ’l
573 1128 664 1188 duca
681 1124 826 1190 Saxone
843 1127 1039 1190 vedendosi
1064 1149 1162 1190 esser
1179 1140 1340 1210 suspetto
1355 1130 1391 1192 in
1406 1130 1586 1211 frequenti

305 1234 504 1316 principum
520 1253 686 1296 consessu
704 1233 798 1296 disse
815 1235 882 1296 che
900 1234 922 1296 'l
936 1234 1126 1296 iurarebbe
1142 1235 1225 1316 ogni
1242 1236 1438 1299 iuramento
1456 1239 1522 1300 che
1538 1236 1585 1299 lui

305 1363 376 1405 non
401 1361 511 1422 sapea
535 1361 620 1403 cosa
643 1343 770 1403 alcuna
787 1351 822 1403 et
836 1361 946 1422 parea
962 1363 1006 1403 ne
1022 1340 1118 1405 fusse
1138 1345 1247 1405 molto
1262 1343 1423 1423 attonito,
1448 1344 1586 1408 benche

306 1450 349 1512 ne
374 1469 395 1510 a
420 1468 484 1510 sua
506 1447 626 1511 fronte
650 1447 700 1533 (la
724 1450 806 1528 qual
831 1468 972 1529 sempre
997 1448 1067 1510 tien
1093 1447 1167 1511 fixa
1197 1449 1232 1511 in
1258 1447 1367 1535 terra)
1398 1451 1441 1514 ne
1469 1473 1491 1512 a
1522 1471 1585 1513 sue

306 1557 429 1637 parole
461 1555 569 1617 molto
599 1576 636 1616 se
668 1556 685 1617 ἐ
718 1557 763 1616 da
788 1553 896 1633 fider,
930 1555 1115 1636 presertim
1146 1555 1180 1617 in
1207 1556 1355 1619 materia
1388 1558 1585 1620 lutherana.

307 1663 442 1743 Questo
474 1682 592 1724 rumor
624 1662 712 1723 duro
737 1665 808 1723 cosl
835 1661 895 1723 doi
919 1661 1036 1743 giomi
1061 1661 1149 1724 etsi
1175 1661 1369 1744 divulgava
1402 1666 1466 1726 che
1491 1664 1586 1726 veni-

306 1756 504 1831 ano⁰messi
529 1788 636 1850 sopra
660 1768 765 1830 messi
782 1769 846 1830 che
863 1780 1064 1849 portavano
1082 1769 1185 1830 simili
1203 1772 1345 1832 novelle
1369 1772 1434 1832 che
1452 1771 1588 1834 Luther

306 1899 328 1939 a
351 1886 491 1957 quattro
517 1875 679 1956 giornate
705 1876 740 1936 di
764 1875 823 1956 qui
847 1877 964 1938 havea
987 1878 1195 1938 remandato
1220 1879 1254 1938 lo
1279 1878 1427 1940 heraldo
1456 1889 1491 1941 et
1521 1878 1586 1941 fat·

306 1983 367 2047 toli
395 1983 430 2043 di
455 2003 518 2044 sua
542 2004 646 2044 mano
671 1983 835 2063 quitanza
860 1984 956 2045 della
980 2002 1089 2063 carga
1113 1985 1172 2045 del
1196 1986 1295 2046 salvo
1329 1986 1498 2047 condotto
1532 1985 1588 2067 (si-

307 2091 378 2152 cuti
403 2111 529 2152 revera
553 2093 635 2168 est);
667 2090 727 2170 poi
752 2090 845 2151 ando
870 2091 917 2151 ad
941 2110 1010 2151 una
1034 2099 1130 2151 terra
1154 2110 1176 2151 a
1199 2100 1274 2151 otto
1299 2112 1320 2152 o
1345 2091 1381 2152 X
1399 2092 1516 2173 giorni
1541 2093 1587 2154 de

307 2203 365 2279 qul
390 2198 571 2259 nominata
591 2185 782 2277 'Eysenach
812 2197 906 2258 dove
940 2217 977 2258 se
1009 2197 1111 2258 dicea
1135 2197 1214 2258 chel
1245 2197 1390 2278 predico
1422 2199 1455 2261 el
1487 2199 1521 2260 dl
1551 2200 1589 2261 di

307 2303 420 2367 Santa
445 2303 557 2366 Croce
582 2312 618 2365 et
642 2302 713 2365 cosi
738 2306 853 2364 havea
883 2303 974 2365 fatto
999 2314 1124 2365 contra
1151 2303 1174 2364 il
1209 2304 1503 2367 comandamento
1528 2326 1589 2368 ex·

307 2432 431 2494 presso
456 2411 490 2474 di
518 2410 642 2490 Cesar,
669 2423 703 2471 et
728 2409 838 2472 dicesi
869 2412 935 2473 che
967 2412 1086 2472 monto
1111 2412 1186 2472 solo
1219 2410 1253 2471 in
1285 2430 1386 2472 carro
1419 2431 1484 2473 con
1517 2432 1588 2474 uno

308 2539 372 2581 suo
406 2519 569 2596 frate110‚
609 2518 729 2579 lassati
761 2517 785 2578 li
817 2517 898 2579 altri
931 2515 1064 2579 dottori
1095 2525 1129 2579 et
1168 2537 1237 2578 non
1271 2519 1370 2580 volse
1406 2538 1472 2581 con
1504 2539 1588 2583 seco

307 2626 458 2688 nlanche
480 2646 527 2686 un
551 2624 694 2686 fratello
720 2624 754 2685 di
779 2644 843 2685 suo
868 2625 979 2703 padre
1005 2625 1037 2686 el
1062 2624 1167 2704 quale
1192 2626 1225 2686 el
1249 2626 1354 2687 volea
1377 2645 1588 2708 accompag-

308 2753 371 2795 nar
401 2742 436 2793 et
460 2733 525 2793 che
550 2731 598 2792 lui
624 2732 728 2793 volea
759 2730 883 2792 visitar
911 2730 1003 2793 fuori
1036 2731 1070 2793 di
1103 2750 1206 2792 mano
1236 2752 1282 2793 un
1315 2752 1377 2794 suo
1409 2733 1523 2795 amico
1552 2743 1589 2796 et

308 2838 381 2901 cosi
405 2840 441 2900 in
466 2836 604 2899 camino
629 2857 691 2899 era
715 2846 807 2899 stato
832 2857 938 2918 preso
964 2848 999 2898 et
1014 2838 1146 2898 lassato
1173 2840 1203 2898 el
1231 2856 1441 2919 compagnn.
1488 2839 1527 2902 lo
1553 2840 1589 2901 di

308 2955 433 3026 questo
457 2966 503 3007 ne
527 2946 608 3006 havi
633 2956 758 3024 queste
784 2964 900 3005 nuove
924 2945 990 3005 che
1007 2943 1050 3006 V.
1066 2942 1101 3005 S.
1120 2943 1216 3005 Rma
1239 2943 1349 3034 vedri
1371 2965 1438 3026 per
1461 2947 1588 3008 lettere

308 3053 355 3114 dil
382 3053 537 3114 Cochleo
563 3052 628 3113 che
654 3050 699 3112 mi
724 3049 838 3112 scrive
864 3049 899 3111 di
924 3049 1183 3112 Franchfordia
1205 3061 1240 3112 et
1257 3051 1365 3131 quelli
1382 3054 1448 3114 che
1472 3063 1588 3133 porta-

308 3180 401 3221 vano
426 3158 487 3219 tali
506 3178 621 3219 nuove
646 3157 795 3218 diceano
821 3177 918 3218 esser
942 3157 1025 3219 stati
1045 3157 1080 3218 in
1096 3158 1196 3220 detta
1211 3168 1307 3219 terra
1331 3159 1376 3220 de
1400 3159 1589 3241 Eysenach

308 3277 343 3329 et
378 3266 468 3327 visto
505 3265 656 3345 planger
689 3265 721 3325 el
747 3263 821 3324 thio
856 3263 902 3325 de
932 3264 1079 3344 Luther,
1112 3274 1147 3326 et
1179 3264 1402 3326 conveniano
1435 3265 1515 3327 tutti
1543 3268 1589 3328 de

308 3375 397 3452 1000,
423 3373 468 3434 de
493 3371 568 3450 die,
602 3371 646 3432 de
671 3370 826 3452 quinque
852 3370 1031 3451 equitibus
1055 3393 1076 3433 a
1101 3371 1228 3452 quibus
1252 3371 1359 3433 fuerit
1383 3381 1524 3452 captu5‚
1554 3381 1590 3434 et

309 3482 401 3543 delle
426 3482 515 3541 altre
540 3487 630 3540 tutte
655 3479 862 3558 sopradette
887 3477 1086 3559 condition,
1121 3487 1158 3541 et
1181 3478 1277 3559 quivi
1301 3477 1417 3540 alcuni
1441 3478 1589 3559 imputa·

308 3608 402 3649 vano
427 3607 448 3648 a
473 3586 532 3647 noi
557 3587 623 3646 che
647 3584 847 3646 havessimo
872 3585 1056 3647 subornati
1081 3585 1105 3648 li
1130 3586 1208 3647 chel
1233 3584 1419 3666 pilioron0‚
1444 3585 1524 3647 altri
1554 3588 1589 3649 al

310 3694 405 3755 Rmo
439 3692 627 3754 Cardinale
669 3690 883 3772 Moguntino
921 3692 998 3771 (che
1030 3691 1099 3753 Dio
1133 3694 1273 3754 volesse
1310 3691 1406 3754 fusse
1437 3701 1529 3754 stato
1561 3698 1589 3754 sl
1691 3722 1694 3726 ⁷

309 3800 453 3882 ardito);
479 3798 572 3860 assai
597 3798 744 3860 diceano
770 3799 835 3859 che
860 3796 1081 3878 Sichinghen
1106 3798 1126 3859 l'
1152 3800 1268 3860 havea
1291 3798 1381 3860 fatto
1396 3798 1501 3880 piliar
1525 3820 1591 3881 per

309 3910 420 3970 haver
436 3926 530 3985 seen,
547 3926 603 3966 ma
628 3914 754 3984 questo
779 3925 848 3966 non
875 3925 936 3966 era
960 3904 1168 3967 verissimile
1189 3906 1268 3967 chel
1291 3906 1443 3967 havesse
1458 3907 1591 3969 lassato

310 4015 422 4076 andar
450 4015 558 4094 longe
583 4012 619 4073 X
645 4011 823 4093 giornate;
856 4031 927 4074 non
953 4012 1059 4093 pochi
1085 4010 1234 4075 diceano
1259 4032 1357 4074 esser
1388 4022 1501 4074 trama
1533 4013 1591 4075 del

309 4122 412 4183 Duea
436 4121 471 4181 di
503 4118 662 4183 Saxonia
695 4140 760 4200 per
795 4121 935 4201 poterlo
969 4129 1215 4182 securamente
1247 4120 1445 4183 absconder
1470 4119 1590 4182 avanti

311 4230 344 4291 el
376 4227 423 4289 fin
459 4229 518 4289 del
551 4227 842 4306 salvocondotm,
875 4234 911 4289 et
945 4227 1005 4308 poi
1037 4248 1058 4289 o
1083 4228 1275 4289 tenendolo
1307 4248 1327 4288 o
1352 4227 1591 4289 mandandolo

311 4343 455 4416 poterse
487 4352 637 4395 excusar
661 4334 726 4394 che
751 4333 799 4394 lui
824 4354 885 4395 era
910 4343 1001 4395 stato
1027 4354 1132 4414 preso
1165 4335 1211 4395 da
1241 4334 1331 4398 altri.
1378 4333 1444 4396 Poi
1475 4353 1593 4395 venne

313 4462 381 4503 uno
421 4443 486 4503 che
524 4439 619 4501 disse
659 4460 679 4500 a
719 4439 828 4502 Cesar
868 4442 920 4520 (ut
959 4441 1078 4502 retulit
1111 4438 1195 4501 mihi
1229 4436 1427 4523 confessor)
1452 4440 1517 4501 che
1544 4439 1592 4501 lui

312 4568 422 4628 sapea
458 4547 551 4608 dove
586 4546 741 4609 Martino
786 4567 847 4609 era
880 4548 1050 4609 detenuto
1087 4556 1121 4608 et
1158 4547 1223 4607 che
1259 4547 1293 4607 lo
1319 4546 1506 4608 detentore
1531 4566 1594 4608 era

312 4676 381 4717 uno
406 4654 651 4733 gentilhuomo
677 4654 712 4714 di
733 4654 932 4716 Franconia
956 4654 1137 4716 nominato
1172 4653 1308 4715 Hector
1338 4653 1489 4732 Behem‚
1526 4655 1594 4715 che

312 4761 371 4841 gia
401 4759 517 4822 alcuni
549 4759 636 4820 mesi
670 4762 784 4821 havea
809 4760 971 4822 diffidato
996 4762 1020 4822 il
1045 4761 1136 4822 duca
1161 4758 1306 4822 Saxone
1324 4760 1410 4822 etin
1427 4759 1593 4840 despetto

313 4887 376 4934 suo
402 4867 554 4931 l'havea
588 4886 694 4950 preso
719 4867 890 4947 Martin0‚
921 4868 1016 4951 quod
1050 4866 1182 4930 utinam
1212 4866 1355 4948 fuisset,
1384 4866 1594 4949 praesertim
