3559 5734
801 506 1049 562 ttimim&-⁰

285 644 528 727 Altenburgo,
562 655 598 708 et
630 646 742 726 Born,
775 649 931 713 dominio
964 651 1136 716 Friderici
1167 652 1336 735 Saxonis,
1369 666 1485 720 tamen
1521 676 1568 720 eo

283 750 365 812 vivo
390 772 474 814 mox
497 751 640 815 fuerunt
664 756 817 836 repressi

371 858 630 922 Intellexerunt
653 859 759 924 iidem
784 862 969 946 Principes
986 886 1032 929 ex
1049 867 1232 948 Mintzero,
1257 878 1293 931 et
1309 870 1388 932 aliis
1404 870 1570 951 captivis,

285 963 510 1046 Capitaneos,
536 976 572 1027 et
596 966 792 1031 directores
815 970 919 1033 huius
943 974 1085 1053 negocii
1117 996 1196 1039 esse
1228 975 1263 1037 in
1295 977 1428 1057 oppido
1453 977 1569 1059 Impe-

282 1071 369 1133 riale
402 1073 631 1154 Molhausen,
663 1076 790 1155 quibus
826 1078 1008 1141 decretum
1048 1080 1181 1161 fuerat,
1214 1104 1337 1146 omnes
1369 1083 1508 1146 nobiles
1532 1097 1570 1144 et

281 1178 465 1260 principes
489 1180 670 1254 occidere;
697 1182 821 1264 Itaque
847 1184 962 1246 XXII
986 1186 1069 1250 Maii
1103 1189 1217 1252 tribus
1249 1210 1295 1252 ex
1318 1190 1480 1272 partibus
1505 1210 1567 1271 op-

280 1286 402 1368 pidum
428 1286 602 1350 obsident.
651 1289 748 1351 Deus
773 1310 835 1366 eos
858 1289 1027 1359 fortunet.

369 1402 504 1466 Eodem
528 1403 625 1466 Maio
649 1404 792 1467 Rustici
815 1405 850 1467 in
874 1402 1058 1468 Burhonia
1083 1402 1293 1466 seditionem
1328 1412 1491 1484 movent,
1526 1412 1568 1465 et

280 1513 375 1572 bona
405 1511 614 1573 Monasterii
638 1511 826 1574 Fuldensis
848 1512 1041 1575 invadunt:
1080 1511 1225 1573 advolat
1250 1510 1436 1593 Philippus
1460 1509 1568 1572 Lant-

280 1618 425 1699 gravius
442 1617 604 1697 Hassiae,
628 1627 664 1680 et
688 1618 872 1683 seditionis
897 1620 1064 1682 authores
1088 1617 1205 1698 capite
1230 1619 1372 1699 plectit;
1398 1616 1436 1679 fit
1452 1617 1570 1680 maior

280 1745 472 1787 concursus
508 1725 737 1807 rusticorum,
775 1735 809 1788 et
844 1725 1101 1809 Lantgravium
1139 1717 1321 1796 obsident:
1357 1728 1452 1807 quod
1488 1724 1568 1786 eius

279 1832 505 1895 Maschalcus
529 1832 688 1912 audiens,
713 1835 865 1896 collecta
890 1833 1061 1897 nobilium
1085 1852 1189 1894 manu
1214 1831 1365 1895 rusticos
1388 1832 1494 1910 fudit,
1527 1841 1568 1893 et

279 1939 469 2001 Dominum
504 1939 650 2012 liberat:
688 1940 880 2003 desiderati
913 1953 994 2003 sunt
1023 1940 1058 2002 in
1094 1960 1137 2002 ea
1167 1940 1253 2002 sede
1281 1939 1418 2021 aliquot
1441 1939 1566 2001 rustici

279 2067 387 2128 supra
411 2047 481 2107 duo
505 2046 622 2111 millia.
648 2084 693 2093 —
724 2046 873 2128 Aliquos
906 2048 994 2110 alios
1024 2047 1235 2110 seditionem
1266 2047 1453 2109 molientes
1484 2049 1565 2108 abs·

278 2174 347 2236 que
371 2152 523 2233 negocio
547 2151 711 2216 confecit.

368 2261 447 2324 Non
472 2261 642 2342 quievere
673 2282 738 2344 per
774 2261 906 2326 Maium
938 2261 1079 2326 Rustici
1104 2271 1166 2344 qut
1196 2273 1278 2325 sunt
1300 2262 1393 2324 inter
1416 2261 1564 2352 Memin-

278 2389 370 2450 gen,
396 2379 430 2430 et
456 2369 674 2449 Augustam,
706 2372 888 2451 praelatos
921 2379 956 2432 et
985 2370 1124 2432 nobiles
1155 2370 1373 2447 invadendo⁴
1410 2389 1490 2431 nam
1525 2380 1566 2430 et

277 2495 395 2537 arcem
420 2474 574 2537 nobilem
600 2473 739 2538 Stetten
765 2475 934 2558 Episcopi
959 2476 1160 2559 Augustani
1193 2486 1422 2556 exusserunt,
1453 2475 1564 2560 (dam-

278 2603 360 2643 num
396 2580 580 2644 estimatur
611 2584 655 2645 ad
685 2603 772 2660 0000
806 2582 896 2665 flor.)
929 2583 1099 2647 Similiter
1129 2603 1230 2646 arces
1265 2584 1340 2646 eius
1371 2582 1563 2646 Schonech

280 2699 315 2751 et
339 2688 626 2752 Pfassenhausen
653 2700 882 2769 exusserunt,
908 2689 1098 2753 Chunrado
1128 2691 1172 2752 de
1197 2689 1373 2754 Nietheim
1398 2690 1563 2754 Castrum

277 2796 509 2876 Angelherch
533 2796 605 2877 (ubi
630 2796 896 2860 Maximilianus
923 2798 1117 2878 Imperator
1141 2818 1249 2879 saepe
1274 2799 1414 2860 solebat
1446 2798 1576 2872 diver,

275 2899 367 2988 tere)
392 2922 470 2964 cum
495 2922 566 2964 uno
591 2902 661 2965 alio
696 2914 813 2966 castro
838 2925 922 2984 su0,
958 2915 994 2966 et
1024 2903 1138 2986 ipsum
1170 2914 1330 2986 captum,
1362 2913 1398 2966 et
1432 2905 1563 2967 misere

275 3017 464 3070 tractatum
488 3008 611 3071 solutis
636 3030 723 3087 4000
746 3008 891 3072 florenis
914 3010 1013 3073 abire
1037 3010 1282 3091 permiserunt.

369 3115 611 3178 Incenderunt
642 3116 748 3179 etiam
782 3128 935 3180 castrum
960 3118 1244 3180 Minsterhausen
1270 3119 1412 3194 Domini
1444 3119 1561 3182 Chun-

275 3222 353 3285 radi
378 3223 433 3285 De
457 3222 560 3304 Rott‚
585 3234 621 3286 et
637 3223 892 3287 Monasterium
909 3224 1128 3307 Wispergen
1153 3226 1318 3289 incendio
1334 3229 1560 3308 absumptum

276 3340 340 3393 est.
391 3330 621 3410 Invaserunt,
658 3342 694 3394 et
728 3332 926 3412 spoliarunt
960 3342 1113 3394 castrum
1150 3331 1367 3416 Siversperg
1401 3333 1561 3417 Philippi

277 3436 489 3516 Philingers,
502 3458 619 3500 arcem
639 3439 834 3520 Ronsperg
851 3440 956 3502 Adae
972 3439 1017 3502 de
1034 3438 1145 3518 Stein,
1171 3462 1288 3503 arcem
1305 3442 1416 3520 Stein,
1440 3462 1561 3504 arcem

397 3555 433 3605 et
477 3543 741 3608 famatissimam
787 3567 905 3609 arcem
951 3546 1173 3609 Leibenthan
1220 3547 1374 3609 Abbatis
1421 3547 1558 3630 Campi-

274 3650 441 3713 donensis
467 3650 675 3732 spoliarunt,
701 3663 736 3715 et
760 3652 889 3715 deinde
913 3653 996 3734 igne
1021 3656 1307 3735 absumpserunt:
1332 3655 1559 3734 monasteria,

276 3755 510 3836 Sacerdotes,
543 3759 709 3840 Nobiles,
741 3770 777 3822 et
806 3759 953 3823 ditiores
977 3761 1098 3823 rustici
1123 3762 1232 3823 multa
1257 3763 1496 3843 deposuerant
1519 3762 1555 3825 in

275 3886 317 3927 ea
341 3885 434 3942 arce,
460 3885 552 3947 quae
577 3866 695 3928 omnia
717 3877 892 3931 venerunt
915 3867 950 3929 in
975 3888 1099 3930 manus
1123 3868 1351 3947 rusticorum,
1384 3868 1556 3931 extimata

274 3982 327 4044 est
350 3973 476 4052 rapina
499 3973 545 4034 ad
574 3994 683 4050 40000
712 3972 788 4037 flor.
818 3974 1017 4056 Diepoldus
1049 3976 1094 4037 de
1126 3975 1228 4038 Stein
1259 3976 1318 4056 qui
1347 3976 1382 4039 in
1412 3976 1555 4039 confini·

272 4081 339 4140 bus
363 4082 520 4142 habebat
545 4091 723 4143 trecentos
748 4081 905 4163 equiteS,
930 4091 966 4145 et
991 4082 1205 4164 quingentos
1229 4083 1369 4163 pedites
1393 4084 1556 4147 defendit

272 4185 508 4268 Wissenhorn
534 4190 579 4250 ab
605 4187 800 4269 irruptione
823 4188 1051 4268 rusticorum,
1085 4201 1120 4251 et
1152 4190 1353 4252 successivo
1385 4191 1556 4272 plurimos

271 4293 422 4355 rusticos
457 4294 611 4356 confecit
648 4295 691 4357 ad
733 4315 835 4376 1500,
870 4295 974 4357 villas
1015 4295 1151 4377 aliquas
1187 4297 1345 4359 incendit
1381 4298 1416 4359 in
1449 4298 1555 4361 Valle

273 4399 366 4479 Rot,
406 4399 564 4464 similiter
602 4400 795 4465 Castellum
835 4400 1113 4466 Semetzhausen
1151 4413 1186 4465 et
1221 4424 1384 4486 magnam
1422 4405 1554 4468 Villam

272 4507 519 4588 Baltshausen,
545 4528 623 4570 curn
647 4508 809 4589 pluribus
833 4508 920 4572 aliis.

362 4614 496 4677 Eodem
520 4614 617 4677 Maio
641 4617 859 4678 rebellarunt
882 4616 1023 4679 Rustici
1048 4617 1142 4680 circa
1166 4619 1347 4700 Athesim,
1382 4628 1417 4683 et
1446 4620 1552 4684 Isack

271 4720 306 4782 in
331 4719 507 4784 Comitatu
530 4721 672 4804 Tyrolis
695 4722 903 4785 invaserunt
918 4723 1113 4804 Brixinam,
1138 4734 1173 4787 et
1189 4725 1329 4790 Clerum
1344 4728 1553 4809 spoliarunt,

272 4840 308 4897 et
340 4830 475 4914 aliquot
505 4829 724 4896 Monasteria
755 4829 989 4911 Nevenstifft,
1023 4831 1251 4916 Sthlanders,
1297 4831 1332 4896 S.
1366 4835 1553 4904 Michaelis
