3559 5734
851 529 1098 594 0-4340052*

940 828 1014 894 181.

666 943 826 1024 Clemens
853 942 932 1023 VII.
961 942 1059 1024 dard.
1088 942 1283 1046 Campegio.

473 1092 566 1161 (diem
585 1091 646 1150 vu
665 1091 752 1165 apin.
772 1091 810 1150 ad
827 1092 969 1165 Friuolpes
986 1107 1038 1165 pru
1055 1091 1218 1150 dedolatum
1236 1093 1334 1165 nupt.
1352 1091 1398 1149 fol„
1417 1091 1472 1162 35.)

813 1209 848 1264 (1.
870 1203 1026 1251 Decembris
1048 1202 1134 1268 1524.)

425 1327 536 1390 Venit
560 1327 604 1388 ad
628 1346 753 1389 manus
778 1340 918 1390 nostras
942 1329 1144 1410 exemplum
1164 1326 1368 1408 diplomatis
1391 1347 1457 1409 per
1472 1326 1619 1408 Episco-

336 1456 420 1517 pum
445 1433 747 1513 Sambianensem,
772 1443 811 1496 ut
834 1434 957 1496 titulus
982 1435 1211 1514 demonstrat,
1235 1433 1332 1512 facti,
1357 1435 1391 1498 in
1416 1454 1486 1520 quo
1508 1436 1620 1504 multa

337 1542 485 1624 indigna
508 1542 569 1603 illo
593 1542 729 1603 honore
753 1558 857 1622 quern
882 1541 978 1623 gerit
1002 1551 1037 1604 et
1061 1540 1121 1604 illa
1144 1540 1298 1623 pastoris
1328 1561 1483 1622 persona
1513 1561 1620 1623 quarn

338 1649 498 1726 sustinet,
523 1648 656 1710 inserta
680 1657 770 1725 sunt,
803 1647 902 1709 cuius
933 1649 978 1710 ad
1004 1650 1182 1711 sedandos
1205 1650 1375 1712 tumultus
1399 1648 1618 1716 Lutherana-

337 1776 414 1818 rum
438 1755 632 1818 factionum
650 1774 720 1816 non
737 1755 782 1816 ad
799 1756 985 1837 augendos
1010 1766 1045 1818 et
1070 1755 1302 1822 concitandos
1326 1775 1508 1838 propensa
1542 1777 1621 1818 esse

338 1865 494 1926 debebat
518 1861 734 1941 authoritas,
767 1871 806 1923 ut
834 1861 919 1927 fidei
949 1861 1000 1925 illi
1033 1862 1184 1945 serviret
1212 1872 1321 1926 recte*
1344 1872 1379 1930 et
1409 1863 1549 1926 sincere
1574 1863 1621 1925 ad

338 1990 443 2053 quam
480 1981 626 2032 vocatus
658 1980 730 2048 est,
766 1989 836 2031 non
875 1980 915 2031 ut
946 1970 1020 2031 dux
1049 1979 1144 2033 esset
1176 1969 1435 2038 haereticorum
1469 1989 1621 2051 quornm

339 2097 533 2160 oppressor
557 2097 636 2139 esse
661 2077 827 2139 debebat.
874 2076 972 2159 Ergo
996 2076 1031 2139 in
1055 2077 1117 2141 illo
1142 2077 1336 2158 diplomate
1368 2078 1478 2148 multa
1501 2076 1624 2147 insunt

340 2184 471 2247 iudicia
509 2184 753 2264 arrogantiae,
798 2182 1002 2252 testimonia
1034 2181 1240 2266 impietatis;
1276 2204 1356 2254 nam
1394 2194 1430 2246 et
1465 2180 1623 2248 Sanctae

339 2290 425 2353 Sedi
452 2290 682 2371 Apostolicae
711 2291 819 2373 impie
850 2290 1006 2354 detrahit
1037 2301 1072 2353 et
1103 2293 1274 2372 pleraque
1305 2311 1439 2354 summo
1470 2290 1624 2358 consilio

339 2419 360 2460 a
384 2397 525 2460 Sanctis
550 2397 716 2460 Patribus
739 2398 900 2462 instituta
933 2398 976 2459 ad
1007 2397 1241 2464 temeritatem
1272 2397 1325 2460 sui
1358 2396 1495 2468 arbitrii
1526 2417 1624 2468 arro-

338 2513 467 2586 ganter
492 2514 694 2585 commutat,
720 2524 811 2587 quae
836 2506 934 2568 nullo
959 2504 1064 2567 modo
1085 2504 1188 2566 nobis
1211 2524 1318 2586 posse
1340 2504 1426 2568 ferri
1443 2504 1623 2572 videntur.

340 2611 511 2674 Dolemus
535 2631 601 2674 nos
625 2613 766 2693 quidem
792 2615 882 2675 tales
906 2611 1008 2673 nobis
1033 2611 1189 2676 incidere
1215 2611 1462 2688 necessitates,
1495 2621 1535 2674 ut
1572 2632 1622 2674 se-

340 2717 490 2780 veritate
515 2718 683 2781 utendum
707 2718 752 2780 sit
776 2719 918 2799 quando
943 2717 1062 2799 potius
1084 2718 1318 2788 humilitatem
1344 2727 1380 2784 et
1396 2719 1624 2788 clementiam

341 2843 512 2887 exercere
537 2826 725 2900 vellemus3
763 2826 826 2887 sed
851 2823 994 2887 nimium
1026 2824 1128 2907 gravi
1162 2844 1247 2892 cura
1274 2825 1467 2907 premimur
1498 2825 1625 2908 gregis

339 2930 450 2993 nostri
475 2930 607 3011 dilecti,
633 2950 735 3013 quem
761 2951 782 2993 a
806 2933 887 2993 labe
913 2940 948 2993 et
973 2932 1188 3013 contagione
1213 2942 1283 2994 tam
1309 2931 1483 2995 exitiosae
1508 2933 1625 3015 pestis

338 3037 528 3101 immunem
552 3047 659 3119 atque
683 3037 860 3119 integrum
891 3037 1052 3120 cupimus
1083 3058 1307 3102 conservare.
1360 3039 1482 3119 Auget
1513 3039 1626 3103 etiam

339 3145 499 3207 dolorem
524 3154 560 3206 et
583 3143 855 3206 sollicitudinem
880 3154 1037 3209 nostram
1067 3145 1195 3228 ingens
1228 3147 1404 3226 quaedam
1432 3146 1625 3210 admiratio

339 3253 383 3313 de
419 3251 550 3314 dilecto
586 3248 658 3312 filio
698 3251 849 3314 Alberto
884 3251 1088 3316 marchione
1126 3250 1444 3335 Brnndeburgansi
1476 3251 1634 3324 Ordinis

338 3359 474 3422 Beatae
497 3355 633 3421 Mariae
658 3358 958 3421 Theutonieorum
992 3379 1122 3441 magno
1147 3358 1317 3440 magistro
1342 3358 1492 3426 Prusiae
1515 3380 1626 3442 quern

339 3486 404 3529 nos
428 3465 584 3548 amplexi
609 3485 750 3546 semper
774 3465 947 3547 singulari
972 3469 1125 3548 quodam
1149 3486 1270 3532 amore
1294 3476 1330 3530 et
1342 3477 1494 3549 paterna
1510 3468 1625 3534 chari·

338 3585 411 3636 tate
421 3592 551 3652 sumus,
560 3572 659 3633 cuius
673 3570 894 3653 dignitatem,
909 3582 1049 3653 statum,
1062 3572 1353 3655 tranquillitatem
1366 3593 1470 3654 quam
1480 3593 1628 3655 semper

339 3681 436 3743 cordi
462 3678 690 3742 habuerimus
719 3677 824 3743 etiam
853 3689 937 3742 ante
968 3700 1046 3750 cum
1079 3701 1143 3742 nos
1171 3680 1207 3746 in
1238 3679 1433 3746 minoribus
1463 3700 1627 3748 essemus

338 3786 519 3850 constituti
553 3797 587 3850 et
620 3786 835 3874 protectioni
868 3786 922 3849 sui
956 3788 1090 3852 ordinis
1125 3797 1264 3868 gratam
1298 3786 1462 3852 omnibus
1493 3786 1627 3854 officiis

336 3894 432 3957 illam
457 3894 676 3957 servavimus
700 3902 736 3957 et
760 3914 848 3975 quos
872 3895 1031 3972 laboreS,
1064 3914 1152 3976 quas
1183 3913 1249 3975 pro
1283 3914 1325 3956 eo
1358 3893 1627 3975 susceperimus

340 4023 442 4065 curas
466 4002 542 4064 Tua
568 4000 846 4082 Circumspectio
877 4001 1031 4082 optimus
1062 4009 1117 4062 est
1143 4000 1255 4064 testis.
1307 3999 1401 4084 Quid
1427 4000 1520 4063 enim
1546 4015 1628 4074 erat

339 4110 434 4192 quod
467 4109 512 4170 de
549 4129 591 4170 eo
627 4107 730 4169 nobis
766 4110 938 4172 audacter
977 4107 1284 4189 promitterem,
1315 4108 1409 4189 quod
1444 4108 1627 4174 vinculum

339 4216 483 4295 amoris,
520 4234 611 4296 quae
643 4215 768 4276 deerat
800 4215 1026 4281 coniunctio?
1058 4216 1115 4275 vel
1148 4213 1241 4275 enim
1274 4224 1423 4296 propter
1446 4225 1628 4280 vetustam

339 4322 570 4385 Nobilitatem
605 4320 760 4383 familiae
775 4343 872 4402 suae,
897 4324 954 4386 vel
970 4332 1119 4404 propter
1136 4320 1252 4404 „ipsius
1273 4320 1438 4402 proprias
1463 4323 1626 4394 eximias-

338 4449 407 4510 que
431 4428 590 4508 virtutes,
614 4429 672 4490 vel
697 4447 788 4509 quae
813 4440 1012 4494 nostrarum
1036 4429 1203 4496 domuum
1226 4427 1320 4490 inter
1344 4449 1382 4491 se
1398 4437 1519 4496 mutua
1535 4450 1627 4500 sem·

337 4556 403 4618 per
434 4533 633 4597 intercessit
664 4534 935 4617 benevolentia,
967 4535 1059 4597 illius
1090 4555 1148 4598 res
1179 4545 1218 4597 ut
1250 4535 1322 4597 cari
1356 4547 1392 4597 et
1416 4536 1536 4598 dilecti
1559 4536 1627 4600 filii

337 4653 505 4724 tanquam
531 4649 670 4704 nostras
695 4640 878 4722 duximm,
912 4642 1155 4723 habemusque
1185 4640 1221 4704 in
1253 4644 1390 4705 honore
1421 4663 1533 4725 penes
1557 4665 1628 4708 nos

338 4751 428 4812 duos
452 4748 563 4830 ipsius
586 4748 716 4813 fratres
740 4757 776 4813 et
799 4748 941 4830 quidem
965 4747 1069 4811 nobis
1101 4758 1227 4831 gratos
1258 4758 1332 4812 tum
1365 4771 1429 4814 sua
1465 4750 1625 4833 ipsorum

339 4856 468 4920 virtute
499 4866 571 4919 tum
602 4856 709 4918 totius
738 4854 893 4917 familiae
926 4855 1110 4938 dignitate.
1173 4856 1273 4938 Quae
1306 4869 1403 4921 certe
1435 4856 1555 4921 officia
1590 4871 1629 4924 et
