<?xml version="1.0" encoding="UTF-8"?>
<!DOCTYPE html PUBLIC "-//W3C//DTD XHTML 1.0 Transitional//EN"
    "http://www.w3.org/TR/xhtml1/DTD/xhtml1-transitional.dtd">
<html xmlns="http://www.w3.org/1999/xhtml" xml:lang="en" lang="en">
 <head>
  <title>
</title>
<meta http-equiv="Content-Type" content="text/html;charset=utf-8" />
  <meta name='ocr-system' content='tesseract 3.04.00' />
  <meta name='ocr-capabilities' content='ocr_page ocr_carea ocr_par ocr_line ocrx_word'/>
</head>
<body>
  <div class='ocr_page' id='page_1' title='image "./monumentareform01vatigoog/monumentareform01vatigoog_0417.png"; bbox 0 0 3559 5734; ppageno 0'>
   <div class='ocr_carea' id='block_1_1' title="bbox 668 524 916 582">
    <p class='ocr_par' dir='ltr' id='par_1_1' title="bbox 668 524 916 582">
     <span class='ocr_line' id='line_1_1' title="bbox 668 524 916 582; baseline -0.008 0"><span class='ocrx_word' id='word_1_1' title='bbox 668 524 916 582; x_wconf 47' lang='lat' dir='ltr'>edim&amp;</span> 
     </span>
    </p>
   </div>
   <div class='ocr_carea' id='block_1_2' title="bbox 151 671 1445 3749">
    <p class='ocr_par' dir='ltr' id='par_1_2' title="bbox 151 671 1445 3749">
     <span class='ocr_line' id='line_1_2' title="bbox 151 671 1435 756; baseline -0.001 -21"><span class='ocrx_word' id='word_1_2' title='bbox 151 671 388 756; x_wconf 89' lang='lat' dir='ltr'>perpetratis,</span> <span class='ocrx_word' id='word_1_3' title='bbox 418 671 631 756; x_wconf 91' lang='lat' dir='ltr'>commissis,</span> <span class='ocrx_word' id='word_1_4' title='bbox 668 683 704 737; x_wconf 89' lang='lat' dir='ltr'>et</span> <span class='ocrx_word' id='word_1_5' title='bbox 727 672 896 755; x_wconf 84' lang='lat' dir='ltr'>incursis,</span> <span class='ocrx_word' id='word_1_6' title='bbox 931 676 1110 753; x_wconf 85' lang='lat' dir='ltr'>rebusque</span> <span class='ocrx_word' id='word_1_7' title='bbox 1133 671 1229 753; x_wconf 88' lang='lat' dir='ltr'>aliis,</span> <span class='ocrx_word' id='word_1_8' title='bbox 1264 671 1300 734; x_wconf 92' lang='lat' dir='ltr'>in</span> <span class='ocrx_word' id='word_1_9' title='bbox 1336 672 1435 750; x_wconf 92' lang='lat' dir='ltr'>actis,</span> 
     </span>
     <span class='ocr_line' id='line_1_3' title="bbox 152 778 1434 862; baseline 0 -20"><span class='ocrx_word' id='word_1_10' title='bbox 152 801 258 842; x_wconf 90' lang='lat' dir='ltr'>cause</span> <span class='ocrx_word' id='word_1_11' title='bbox 292 788 327 843; x_wconf 92' lang='lat' dir='ltr'>et</span> <span class='ocrx_word' id='word_1_12' title='bbox 352 799 536 842; x_wconf 86' lang='lat' dir='ltr'>causarum</span> <span class='ocrx_word' id='word_1_13' title='bbox 568 779 788 860; x_wconf 90' lang='lat' dir='ltr'>huiusmodi,</span> <span class='ocrx_word' id='word_1_14' title='bbox 820 800 940 843; x_wconf 91' lang='lat' dir='ltr'>coram</span> <span class='ocrx_word' id='word_1_15' title='bbox 969 780 1090 861; x_wconf 91' lang='lat' dir='ltr'>nobis,</span> <span class='ocrx_word' id='word_1_16' title='bbox 1123 779 1228 842; x_wconf 90' lang='lat' dir='ltr'>latius</span> <span class='ocrx_word' id='word_1_17' title='bbox 1262 778 1434 862; x_wconf 91' lang='lat' dir='ltr'>deductis,</span> 
     </span>
     <span class='ocr_line' id='line_1_4' title="bbox 152 886 1434 970; baseline -0.001 -21"><span class='ocrx_word' id='word_1_18' title='bbox 152 896 188 950; x_wconf 93' lang='lat' dir='ltr'>et</span> <span class='ocrx_word' id='word_1_19' title='bbox 212 886 319 949; x_wconf 90' lang='lat' dir='ltr'>etiam</span> <span class='ocrx_word' id='word_1_20' title='bbox 343 906 408 968; x_wconf 92' lang='lat' dir='ltr'>per</span> <span class='ocrx_word' id='word_1_21' title='bbox 429 888 572 949; x_wconf 90' lang='lat' dir='ltr'>eosdem</span> <span class='ocrx_word' id='word_1_22' title='bbox 589 886 750 970; x_wconf 79' lang='lat' dir='ltr'>singulos</span> <span class='ocrx_word' id='word_1_23' title='bbox 766 886 1003 964; x_wconf 88' lang='lat' dir='ltr'>adversarios,</span> <span class='ocrx_word' id='word_1_24' title='bbox 1028 886 1229 970; x_wconf 83' lang='lat' dir='ltr'>respective</span> <span class='ocrx_word' id='word_1_25' title='bbox 1250 886 1434 967; x_wconf 86' lang='lat' dir='ltr'>confessis,</span> 
     </span>
     <span class='ocr_line' id='line_1_5' title="bbox 153 991 1435 1076; baseline 0.001 -21"><span class='ocrx_word' id='word_1_26' title='bbox 153 1004 188 1055; x_wconf 89' lang='lat' dir='ltr'>et</span> <span class='ocrx_word' id='word_1_27' title='bbox 211 993 351 1056; x_wconf 90' lang='lat' dir='ltr'>illorum</span> <span class='ocrx_word' id='word_1_28' title='bbox 384 991 572 1055; x_wconf 85' lang='lat' dir='ltr'>occasione</span> <span class='ocrx_word' id='word_1_29' title='bbox 607 993 769 1074; x_wconf 88' lang='lat' dir='ltr'>partibus</span> <span class='ocrx_word' id='word_1_30' title='bbox 799 1003 846 1056; x_wconf 70' lang='lat' dir='ltr'>ex</span> <span class='ocrx_word' id='word_1_31' title='bbox 876 993 948 1057; x_wconf 90' lang='lat' dir='ltr'>alia</span> <span class='ocrx_word' id='word_1_32' title='bbox 979 1014 1044 1076; x_wconf 90' lang='lat' dir='ltr'>per</span> <span class='ocrx_word' id='word_1_33' title='bbox 1077 993 1257 1076; x_wconf 91' lang='lat' dir='ltr'>predictos</span> <span class='ocrx_word' id='word_1_34' title='bbox 1287 992 1435 1076; x_wconf 84' lang='lat' dir='ltr'>Georgi-</span> 
     </span>
     <span class='ocr_line' id='line_1_6' title="bbox 152 1095 1435 1184; baseline 0.002 -22"><span class='ocrx_word' id='word_1_35' title='bbox 152 1121 211 1163; x_wconf 87' lang='lat' dir='ltr'>um</span> <span class='ocrx_word' id='word_1_36' title='bbox 236 1109 271 1162; x_wconf 92' lang='lat' dir='ltr'>et</span> <span class='ocrx_word' id='word_1_37' title='bbox 296 1100 488 1162; x_wconf 89' lang='lat' dir='ltr'>Hectorem</span> <span class='ocrx_word' id='word_1_38' title='bbox 512 1109 679 1180; x_wconf 85' lang='lat' dir='ltr'>rectores,</span> <span class='ocrx_word' id='word_1_39' title='bbox 705 1119 747 1163; x_wconf 94' lang='lat' dir='ltr'>ac</span> <span class='ocrx_word' id='word_1_40' title='bbox 766 1095 1014 1184; x_wconf 76' lang='lat' dir='ltr'>Volfgangum</span> <span class='ocrx_word' id='word_1_41' title='bbox 1037 1102 1209 1183; x_wconf 81' lang='lat' dir='ltr'>priorem,</span> <span class='ocrx_word' id='word_1_42' title='bbox 1234 1102 1435 1164; x_wconf 85' lang='lat' dir='ltr'>exadverso</span> 
     </span>
     <span class='ocr_line' id='line_1_7' title="bbox 152 1206 1436 1290; baseline 0 -20"><span class='ocrx_word' id='word_1_43' title='bbox 152 1206 391 1289; x_wconf 84' lang='lat' dir='ltr'>principales,</span> <span class='ocrx_word' id='word_1_44' title='bbox 417 1216 597 1269; x_wconf 91' lang='lat' dir='ltr'>eteorum</span> <span class='ocrx_word' id='word_1_45' title='bbox 622 1207 834 1289; x_wconf 89' lang='lat' dir='ltr'>quemlibet,</span> <span class='ocrx_word' id='word_1_46' title='bbox 868 1206 903 1270; x_wconf 94' lang='lat' dir='ltr'>in</span> <span class='ocrx_word' id='word_1_47' title='bbox 930 1215 966 1272; x_wconf 89' lang='lat' dir='ltr'>et</span> <span class='ocrx_word' id='word_1_48' title='bbox 989 1208 1085 1270; x_wconf 88' lang='lat' dir='ltr'>circa</span> <span class='ocrx_word' id='word_1_49' title='bbox 1107 1208 1299 1290; x_wconf 89' lang='lat' dir='ltr'>premisssa</span> <span class='ocrx_word' id='word_1_50' title='bbox 1324 1207 1436 1270; x_wconf 91' lang='lat' dir='ltr'>multi·</span> 
     </span>
     <span class='ocr_line' id='line_1_8' title="bbox 153 1312 1437 1398; baseline 0.002 -23"><span class='ocrx_word' id='word_1_51' title='bbox 153 1312 296 1395; x_wconf 79' lang='lat' dir='ltr'>pliciter</span> <span class='ocrx_word' id='word_1_52' title='bbox 319 1312 430 1376; x_wconf 86' lang='lat' dir='ltr'>fuisse</span> <span class='ocrx_word' id='word_1_53' title='bbox 453 1324 490 1377; x_wconf 91' lang='lat' dir='ltr'>et</span> <span class='ocrx_word' id='word_1_54' title='bbox 514 1334 591 1377; x_wconf 88' lang='lat' dir='ltr'>esse</span> <span class='ocrx_word' id='word_1_55' title='bbox 616 1324 789 1395; x_wconf 82' lang='lat' dir='ltr'>erratum,</span> <span class='ocrx_word' id='word_1_56' title='bbox 821 1331 863 1378; x_wconf 89' lang='lat' dir='ltr'>ac</span> <span class='ocrx_word' id='word_1_57' title='bbox 897 1333 1086 1398; x_wconf 82' lang='lat' dir='ltr'>perperam</span> <span class='ocrx_word' id='word_1_58' title='bbox 1118 1324 1154 1377; x_wconf 90' lang='lat' dir='ltr'>et</span> <span class='ocrx_word' id='word_1_59' title='bbox 1184 1316 1277 1378; x_wconf 76' lang='lat' dir='ltr'>male</span> <span class='ocrx_word' id='word_1_60' title='bbox 1304 1313 1437 1377; x_wconf 88' lang='lat' dir='ltr'>facturn</span> 
     </span>
     <span class='ocr_line' id='line_1_9' title="bbox 154 1419 1437 1504; baseline -0.002 -19"><span class='ocrx_word' id='word_1_61' title='bbox 154 1428 192 1485; x_wconf 88' lang='lat' dir='ltr'>et</span> <span class='ocrx_word' id='word_1_62' title='bbox 220 1421 404 1492; x_wconf 71' lang='lat' dir='ltr'>delictumz</span> <span class='ocrx_word' id='word_1_63' title='bbox 441 1424 584 1485; x_wconf 89' lang='lat' dir='ltr'>eosdem</span> <span class='ocrx_word' id='word_1_64' title='bbox 617 1442 760 1504; x_wconf 91' lang='lat' dir='ltr'>quoque</span> <span class='ocrx_word' id='word_1_65' title='bbox 784 1420 999 1504; x_wconf 82' lang='lat' dir='ltr'>Georgium,</span> <span class='ocrx_word' id='word_1_66' title='bbox 1032 1422 1245 1502; x_wconf 83' lang='lat' dir='ltr'>Hectorem,</span> <span class='ocrx_word' id='word_1_67' title='bbox 1278 1431 1315 1484; x_wconf 88' lang='lat' dir='ltr'>et</span> <span class='ocrx_word' id='word_1_68' title='bbox 1338 1419 1437 1483; x_wconf 89' lang='lat' dir='ltr'>Volf·</span> 
     </span>
     <span class='ocr_line' id='line_1_10' title="bbox 153 1527 1436 1611; baseline 0 -20"><span class='ocrx_word' id='word_1_69' title='bbox 153 1547 329 1609; x_wconf 79' lang='lat' dir='ltr'>gangum‚</span> <span class='ocrx_word' id='word_1_70' title='bbox 355 1529 555 1591; x_wconf 80' lang='lat' dir='ltr'>exadverso</span> <span class='ocrx_word' id='word_1_71' title='bbox 589 1527 804 1611; x_wconf 69' lang='lat' dir='ltr'>principales</span> <span class='ocrx_word' id='word_1_72' title='bbox 814 1578 825 1610; x_wconf 95' lang='lat'>,</span> <span class='ocrx_word' id='word_1_73' title='bbox 857 1537 894 1593; x_wconf 86' lang='lat' dir='ltr'>et</span> <span class='ocrx_word' id='word_1_74' title='bbox 923 1529 1118 1611; x_wconf 86' lang='lat' dir='ltr'>quemlibet</span> <span class='ocrx_word' id='word_1_75' title='bbox 1149 1549 1270 1592; x_wconf 91' lang='lat' dir='ltr'>eorum</span> <span class='ocrx_word' id='word_1_76' title='bbox 1295 1539 1436 1610; x_wconf 89' lang='lat' dir='ltr'>propte·</span> 
     </span>
     <span class='ocr_line' id='line_1_11' title="bbox 154 1633 1437 1717; baseline 0 -19"><span class='ocrx_word' id='word_1_77' title='bbox 154 1656 218 1698; x_wconf 87' lang='lat' dir='ltr'>res</span> <span class='ocrx_word' id='word_1_78' title='bbox 241 1634 495 1716; x_wconf 78' lang='lat' dir='ltr'>inobedientia,</span> <span class='ocrx_word' id='word_1_79' title='bbox 519 1645 555 1697; x_wconf 85' lang='lat' dir='ltr'>et</span> <span class='ocrx_word' id='word_1_80' title='bbox 578 1635 784 1699; x_wconf 87' lang='lat' dir='ltr'>rebellionis</span> <span class='ocrx_word' id='word_1_81' title='bbox 807 1633 940 1699; x_wconf 81' lang='lat' dir='ltr'>Sancte</span> <span class='ocrx_word' id='word_1_82' title='bbox 964 1635 1125 1699; x_wconf 85' lang='lat' dir='ltr'>Ecclesia</span> <span class='ocrx_word' id='word_1_83' title='bbox 1149 1634 1305 1717; x_wconf 84' lang='lat' dir='ltr'>prefate,</span> <span class='ocrx_word' id='word_1_84' title='bbox 1329 1644 1437 1717; x_wconf 87' lang='lat' dir='ltr'>atque</span> 
     </span>
     <span class='ocr_line' id='line_1_12' title="bbox 156 1741 1436 1824; baseline 0.002 -21"><span class='ocrx_word' id='word_1_85' title='bbox 156 1751 289 1819; x_wconf 89' lang='lat' dir='ltr'>nostre,</span> <span class='ocrx_word' id='word_1_86' title='bbox 313 1762 355 1804; x_wconf 90' lang='lat' dir='ltr'>ac</span> <span class='ocrx_word' id='word_1_87' title='bbox 371 1741 545 1805; x_wconf 81' lang='lat' dir='ltr'>scismatis</span> <span class='ocrx_word' id='word_1_88' title='bbox 562 1742 719 1824; x_wconf 89' lang='lat' dir='ltr'>crimina,</span> <span class='ocrx_word' id='word_1_89' title='bbox 740 1759 879 1806; x_wconf 84' lang='lat' dir='ltr'>necnon</span> <span class='ocrx_word' id='word_1_90' title='bbox 896 1741 1270 1806; x_wconf 75' lang='lat' dir='ltr'>excommunicationis</span> <span class='ocrx_word' id='word_1_91' title='bbox 1293 1742 1436 1805; x_wconf 86' lang='lat' dir='ltr'>maioris</span> 
     </span>
     <span class='ocr_line' id='line_1_13' title="bbox 155 1848 1437 1931; baseline 0.001 -20"><span class='ocrx_word' id='word_1_92' title='bbox 155 1849 380 1929; x_wconf 85' lang='lat' dir='ltr'>sententiam,</span> <span class='ocrx_word' id='word_1_93' title='bbox 405 1858 441 1912; x_wconf 89' lang='lat' dir='ltr'>et</span> <span class='ocrx_word' id='word_1_94' title='bbox 455 1863 597 1912; x_wconf 89' lang='lat' dir='ltr'>suarum</span> <span class='ocrx_word' id='word_1_95' title='bbox 613 1849 892 1931; x_wconf 83' lang='lat' dir='ltr'>parrochialium</span> <span class='ocrx_word' id='word_1_96' title='bbox 907 1870 949 1912; x_wconf 91' lang='lat' dir='ltr'>ac</span> <span class='ocrx_word' id='word_1_97' title='bbox 966 1848 1069 1912; x_wconf 83' lang='lat' dir='ltr'>offitii</span> <span class='ocrx_word' id='word_1_98' title='bbox 1085 1849 1275 1931; x_wconf 78' lang='lat' dir='ltr'>prioratus,</span> <span class='ocrx_word' id='word_1_99' title='bbox 1298 1865 1437 1931; x_wconf 82' lang='lat' dir='ltr'>respec-</span> 
     </span>
     <span class='ocr_line' id='line_1_14' title="bbox 156 1955 1439 2038; baseline 0.001 -19"><span class='ocrx_word' id='word_1_100' title='bbox 156 1955 231 2019; x_wconf 87' lang='lat' dir='ltr'>tive</span> <span class='ocrx_word' id='word_1_101' title='bbox 245 1955 456 2038; x_wconf 78' lang='lat' dir='ltr'>privationis</span> <span class='ocrx_word' id='word_1_102' title='bbox 468 1975 591 2038; x_wconf 80' lang='lat' dir='ltr'>penae,</span> <span class='ocrx_word' id='word_1_103' title='bbox 605 1957 855 2020; x_wconf 84' lang='lat' dir='ltr'>damnabiliter</span> <span class='ocrx_word' id='word_1_104' title='bbox 867 1956 1034 2020; x_wconf 86' lang='lat' dir='ltr'>incidisse</span> <span class='ocrx_word' id='word_1_105' title='bbox 1059 1966 1095 2021; x_wconf 86' lang='lat' dir='ltr'>et</span> <span class='ocrx_word' id='word_1_106' title='bbox 1118 1955 1319 2036; x_wconf 87' lang='lat' dir='ltr'>incurrisse,</span> <span class='ocrx_word' id='word_1_107' title='bbox 1344 1978 1385 2018; x_wconf 87' lang='lat' dir='ltr'>ac</span> <span class='ocrx_word' id='word_1_108' title='bbox 1401 1966 1439 2020; x_wconf 90' lang='lat' dir='ltr'>ut</span> 
     </span>
     <span class='ocr_line' id='line_1_15' title="bbox 154 2061 1439 2146; baseline 0.002 -21"><span class='ocrx_word' id='word_1_109' title='bbox 154 2064 248 2126; x_wconf 85' lang='lat' dir='ltr'>tales</span> <span class='ocrx_word' id='word_1_110' title='bbox 271 2061 426 2125; x_wconf 81' lang='lat' dir='ltr'>Sanctae</span> <span class='ocrx_word' id='word_1_111' title='bbox 448 2063 608 2126; x_wconf 80' lang='lat' dir='ltr'>Ecclesia</span> <span class='ocrx_word' id='word_1_112' title='bbox 624 2075 659 2126; x_wconf 89' lang='lat' dir='ltr'>et</span> <span class='ocrx_word' id='word_1_113' title='bbox 676 2073 818 2126; x_wconf 90' lang='lat' dir='ltr'>nostros</span> <span class='ocrx_word' id='word_1_114' title='bbox 832 2063 1080 2127; x_wconf 86' lang='lat' dir='ltr'>inobedientes</span> <span class='ocrx_word' id='word_1_115' title='bbox 1096 2072 1132 2125; x_wconf 84' lang='lat' dir='ltr'>et</span> <span class='ocrx_word' id='word_1_116' title='bbox 1155 2065 1309 2127; x_wconf 86' lang='lat' dir='ltr'>rebelles</span> <span class='ocrx_word' id='word_1_117' title='bbox 1332 2074 1439 2146; x_wconf 87' lang='lat' dir='ltr'>atque</span> 
     </span>
     <span class='ocr_line' id='line_1_16' title="bbox 156 2169 1440 2251; baseline 0.001 -18"><span class='ocrx_word' id='word_1_118' title='bbox 156 2170 378 2234; x_wconf 89' lang='lat' dir='ltr'>scismaticos</span> <span class='ocrx_word' id='word_1_119' title='bbox 419 2187 485 2232; x_wconf 90' lang='lat' dir='ltr'>nec</span> <span class='ocrx_word' id='word_1_120' title='bbox 521 2190 591 2233; x_wconf 86' lang='lat' dir='ltr'>non</span> <span class='ocrx_word' id='word_1_121' title='bbox 629 2170 971 2249; x_wconf 82' lang='lat' dir='ltr'>excommunicatos,</span> <span class='ocrx_word' id='word_1_122' title='bbox 1006 2189 1048 2234; x_wconf 86' lang='lat' dir='ltr'>ac</span> <span class='ocrx_word' id='word_1_123' title='bbox 1086 2169 1369 2251; x_wconf 80' lang='lat' dir='ltr'>parrochialibus</span> <span class='ocrx_word' id='word_1_124' title='bbox 1404 2180 1440 2234; x_wconf 90' lang='lat' dir='ltr'>et</span> 
     </span>
     <span class='ocr_line' id='line_1_17' title="bbox 157 2275 1439 2359; baseline 0 -20"><span class='ocrx_word' id='word_1_125' title='bbox 157 2277 320 2359; x_wconf 86' lang='lat' dir='ltr'>prioratu</span> <span class='ocrx_word' id='word_1_126' title='bbox 355 2275 526 2359; x_wconf 79' lang='lat' dir='ltr'>predictis</span> <span class='ocrx_word' id='word_1_127' title='bbox 559 2276 760 2358; x_wconf 88' lang='lat' dir='ltr'>respective</span> <span class='ocrx_word' id='word_1_128' title='bbox 791 2277 954 2359; x_wconf 84' lang='lat' dir='ltr'>privatos</span> <span class='ocrx_word' id='word_1_129' title='bbox 975 2275 1118 2358; x_wconf 87' lang='lat' dir='ltr'>publice</span> <span class='ocrx_word' id='word_1_130' title='bbox 1147 2277 1439 2356; x_wconf 88' lang='lat' dir='ltr'>denunctiandos,</span> 
     </span>
     <span class='ocr_line' id='line_1_18' title="bbox 158 2382 1439 2464; baseline 0 -17"><span class='ocrx_word' id='word_1_131' title='bbox 158 2394 194 2448; x_wconf 92' lang='lat' dir='ltr'>et</span> <span class='ocrx_word' id='word_1_132' title='bbox 218 2387 265 2447; x_wconf 90' lang='lat' dir='ltr'>ab</span> <span class='ocrx_word' id='word_1_133' title='bbox 291 2384 454 2447; x_wconf 90' lang='lat' dir='ltr'>omnibus</span> <span class='ocrx_word' id='word_1_134' title='bbox 478 2382 608 2447; x_wconf 83' lang='lat' dir='ltr'>Christi</span> <span class='ocrx_word' id='word_1_135' title='bbox 631 2383 807 2464; x_wconf 88' lang='lat' dir='ltr'>fidelibus,</span> <span class='ocrx_word' id='word_1_136' title='bbox 831 2383 963 2446; x_wconf 72' lang='lat' dir='ltr'>arctim</span> <span class='ocrx_word' id='word_1_137' title='bbox 987 2382 1185 2463; x_wconf 87' lang='lat' dir='ltr'>evitandos,</span> <span class='ocrx_word' id='word_1_138' title='bbox 1204 2383 1282 2446; x_wconf 87' lang='lat' dir='ltr'>fore</span> <span class='ocrx_word' id='word_1_139' title='bbox 1297 2393 1334 2447; x_wconf 90' lang='lat' dir='ltr'>et</span> <span class='ocrx_word' id='word_1_140' title='bbox 1350 2405 1439 2464; x_wconf 85' lang='lat' dir='ltr'>esse,</span> 
     </span>
     <span class='ocr_line' id='line_1_19' title="bbox 159 2491 1440 2573; baseline -0.002 -17"><span class='ocrx_word' id='word_1_141' title='bbox 159 2492 384 2556; x_wconf 88' lang='lat' dir='ltr'>declaramus</span> <span class='ocrx_word' id='word_1_142' title='bbox 405 2502 511 2573; x_wconf 88' lang='lat' dir='ltr'>atque</span> <span class='ocrx_word' id='word_1_143' title='bbox 536 2491 751 2572; x_wconf 89' lang='lat' dir='ltr'>mandamus,</span> <span class='ocrx_word' id='word_1_144' title='bbox 776 2492 914 2555; x_wconf 84' lang='lat' dir='ltr'>litteras</span> <span class='ocrx_word' id='word_1_145' title='bbox 938 2491 1043 2554; x_wconf 87' lang='lat' dir='ltr'>etiam</span> <span class='ocrx_word' id='word_1_146' title='bbox 1068 2491 1222 2572; x_wconf 84' lang='lat' dir='ltr'>desuper</span> <span class='ocrx_word' id='word_1_147' title='bbox 1246 2501 1440 2573; x_wconf 80' lang='lat' dir='ltr'>oportunae</span> 
     </span>
     <span class='ocr_line' id='line_1_20' title="bbox 158 2596 1440 2681; baseline 0 -21"><span class='ocrx_word' id='word_1_148' title='bbox 158 2598 393 2678; x_wconf 88' lang='lat' dir='ltr'>decernimus,</span> <span class='ocrx_word' id='word_1_149' title='bbox 411 2598 597 2662; x_wconf 84' lang='lat' dir='ltr'>ulteriores</span> <span class='ocrx_word' id='word_1_150' title='bbox 614 2618 755 2681; x_wconf 90' lang='lat' dir='ltr'>quoque</span> <span class='ocrx_word' id='word_1_151' title='bbox 772 2596 1096 2661; x_wconf 87' lang='lat' dir='ltr'>administrationes</span> <span class='ocrx_word' id='word_1_152' title='bbox 1110 2596 1440 2660; x_wconf 81' lang='lat' dir='ltr'>Ecclesiasticorum</span> 
     </span>
     <span class='ocr_line' id='line_1_21' title="bbox 159 2701 1440 2786; baseline -0.001 -19"><span class='ocrx_word' id='word_1_153' title='bbox 159 2701 483 2786; x_wconf 86' lang='lat' dir='ltr'>Sacramentorum,</span> <span class='ocrx_word' id='word_1_154' title='bbox 508 2725 574 2768; x_wconf 87' lang='lat' dir='ltr'>nec</span> <span class='ocrx_word' id='word_1_155' title='bbox 599 2726 669 2769; x_wconf 91' lang='lat' dir='ltr'>non</span> <span class='ocrx_word' id='word_1_156' title='bbox 694 2705 975 2768; x_wconf 86' lang='lat' dir='ltr'>ceremoniarum</span> <span class='ocrx_word' id='word_1_157' title='bbox 999 2715 1035 2766; x_wconf 91' lang='lat' dir='ltr'>et</span> <span class='ocrx_word' id='word_1_158' title='bbox 1059 2703 1295 2767; x_wconf 87' lang='lat' dir='ltr'>sacerdotalia</span> <span class='ocrx_word' id='word_1_159' title='bbox 1315 2703 1440 2785; x_wconf 88' lang='lat' dir='ltr'>quevis</span> 
     </span>
     <span class='ocr_line' id='line_1_22' title="bbox 159 2808 1440 2894; baseline -0.002 -19"><span class='ocrx_word' id='word_1_160' title='bbox 159 2810 286 2891; x_wconf 84' lang='lat' dir='ltr'>offitia,</span> <span class='ocrx_word' id='word_1_161' title='bbox 311 2810 445 2875; x_wconf 87' lang='lat' dir='ltr'>eisdem</span> <span class='ocrx_word' id='word_1_162' title='bbox 469 2809 642 2893; x_wconf 77' lang='lat' dir='ltr'>Georgii),</span> <span class='ocrx_word' id='word_1_163' title='bbox 671 2810 828 2889; x_wconf 87' lang='lat' dir='ltr'>Hectori,</span> <span class='ocrx_word' id='word_1_164' title='bbox 854 2819 890 2875; x_wconf 91' lang='lat' dir='ltr'>et</span> <span class='ocrx_word' id='word_1_165' title='bbox 912 2809 1140 2894; x_wconf 81' lang='lat' dir='ltr'>Volfgaugo,</span> <span class='ocrx_word' id='word_1_166' title='bbox 1171 2808 1312 2891; x_wconf 89' lang='lat' dir='ltr'>penitus</span> <span class='ocrx_word' id='word_1_167' title='bbox 1336 2810 1440 2874; x_wconf 88' lang='lat' dir='ltr'>inter-</span> 
     </span>
     <span class='ocr_line' id='line_1_23' title="bbox 160 2915 1440 2999; baseline 0.001 -20"><span class='ocrx_word' id='word_1_168' title='bbox 160 2917 321 2980; x_wconf 92' lang='lat' dir='ltr'>dicimus.</span> <span class='ocrx_word' id='word_1_169' title='bbox 368 2918 550 2982; x_wconf 86' lang='lat' dir='ltr'>Noverum</span> <span class='ocrx_word' id='word_1_170' title='bbox 574 2938 660 2982; x_wconf 90' lang='lat' dir='ltr'>vero</span> <span class='ocrx_word' id='word_1_171' title='bbox 684 2926 872 2998; x_wconf 88' lang='lat' dir='ltr'>rectorum,</span> <span class='ocrx_word' id='word_1_172' title='bbox 897 2918 943 2979; x_wconf 88' lang='lat' dir='ltr'>ad</span> <span class='ocrx_word' id='word_1_173' title='bbox 964 2915 1076 2979; x_wconf 88' lang='lat' dir='ltr'>dictas</span> <span class='ocrx_word' id='word_1_174' title='bbox 1098 2915 1341 2999; x_wconf 85' lang='lat' dir='ltr'>parrochiales</span> <span class='ocrx_word' id='word_1_175' title='bbox 1363 2937 1440 2999; x_wconf 89' lang='lat' dir='ltr'>pre·</span> 
     </span>
     <span class='ocr_line' id='line_1_24' title="bbox 160 3024 1440 3111; baseline -0.002 -23"><span class='ocrx_word' id='word_1_176' title='bbox 160 3026 394 3108; x_wconf 87' lang='lat' dir='ltr'>sentationes,</span> <span class='ocrx_word' id='word_1_177' title='bbox 418 3037 454 3091; x_wconf 90' lang='lat' dir='ltr'>et</span> <span class='ocrx_word' id='word_1_178' title='bbox 476 3028 726 3111; x_wconf 88' lang='lat' dir='ltr'>institutiones,</span> <span class='ocrx_word' id='word_1_179' title='bbox 749 3048 791 3091; x_wconf 90' lang='lat' dir='ltr'>ac</span> <span class='ocrx_word' id='word_1_180' title='bbox 815 3027 946 3110; x_wconf 90' lang='lat' dir='ltr'>prioris</span> <span class='ocrx_word' id='word_1_181' title='bbox 972 3026 1175 3090; x_wconf 86' lang='lat' dir='ltr'>monasterii</span> <span class='ocrx_word' id='word_1_182' title='bbox 1199 3024 1329 3108; x_wconf 82' lang='lat' dir='ltr'>prefati</span> <span class='ocrx_word' id='word_1_183' title='bbox 1353 3024 1440 3087; x_wconf 87' lang='lat' dir='ltr'>elec·</span> 
     </span>
     <span class='ocr_line' id='line_1_25' title="bbox 160 3130 1442 3219; baseline -0.003 -23"><span class='ocrx_word' id='word_1_184' title='bbox 160 3133 307 3214; x_wconf 91' lang='lat' dir='ltr'>tionem,</span> <span class='ocrx_word' id='word_1_185' title='bbox 333 3145 368 3198; x_wconf 85' lang='lat' dir='ltr'>et</span> <span class='ocrx_word' id='word_1_186' title='bbox 383 3135 683 3219; x_wconf 81' lang='lat' dir='ltr'>subrogationem,</span> <span class='ocrx_word' id='word_1_187' title='bbox 707 3135 758 3199; x_wconf 88' lang='lat' dir='ltr'>illi</span> <span class='ocrx_word' id='word_1_188' title='bbox 781 3136 839 3198; x_wconf 91' lang='lat' dir='ltr'>vel</span> <span class='ocrx_word' id='word_1_189' title='bbox 863 3134 932 3198; x_wconf 89' lang='lat' dir='ltr'>illis</span> <span class='ocrx_word' id='word_1_190' title='bbox 955 3132 1128 3216; x_wconf 86' lang='lat' dir='ltr'>personis,</span> <span class='ocrx_word' id='word_1_191' title='bbox 1153 3133 1280 3214; x_wconf 89' lang='lat' dir='ltr'>quibus</span> <span class='ocrx_word' id='word_1_192' title='bbox 1304 3132 1350 3192; x_wconf 92' lang='lat' dir='ltr'>de</span> <span class='ocrx_word' id='word_1_193' title='bbox 1366 3130 1442 3193; x_wconf 92' lang='lat' dir='ltr'>iure</span> 
     </span>
     <span class='ocr_line' id='line_1_26' title="bbox 161 3236 1442 3324; baseline -0.003 -22"><span class='ocrx_word' id='word_1_194' title='bbox 161 3242 318 3303; x_wconf 86' lang='lat' dir='ltr'>debetur</span> <span class='ocrx_word' id='word_1_195' title='bbox 341 3251 377 3304; x_wconf 86' lang='lat' dir='ltr'>et</span> <span class='ocrx_word' id='word_1_196' title='bbox 396 3243 576 3324; x_wconf 87' lang='lat' dir='ltr'>competit,</span> <span class='ocrx_word' id='word_1_197' title='bbox 599 3243 711 3306; x_wconf 88' lang='lat' dir='ltr'>libere</span> <span class='ocrx_word' id='word_1_198' title='bbox 735 3244 859 3305; x_wconf 87' lang='lat' dir='ltr'>damus</span> <span class='ocrx_word' id='word_1_199' title='bbox 883 3251 920 3305; x_wconf 88' lang='lat' dir='ltr'>et</span> <span class='ocrx_word' id='word_1_200' title='bbox 934 3240 1161 3304; x_wconf 87' lang='lat' dir='ltr'>concedimus</span> <span class='ocrx_word' id='word_1_201' title='bbox 1208 3236 1328 3301; x_wconf 84' lang='lat' dir='ltr'>Salvis</span> <span class='ocrx_word' id='word_1_202' title='bbox 1342 3236 1442 3300; x_wconf 92' lang='lat' dir='ltr'>nihil·</span> 
     </span>
     <span class='ocr_line' id='line_1_27' title="bbox 161 3347 1443 3432; baseline -0.002 -22"><span class='ocrx_word' id='word_1_203' title='bbox 161 3347 303 3410; x_wconf 90' lang='lat' dir='ltr'>ominus</span> <span class='ocrx_word' id='word_1_204' title='bbox 327 3347 433 3412; x_wconf 89' lang='lat' dir='ltr'>etiam</span> <span class='ocrx_word' id='word_1_205' title='bbox 457 3350 535 3413; x_wconf 85' lang='lat' dir='ltr'>aliis</span> <span class='ocrx_word' id='word_1_206' title='bbox 558 3349 717 3416; x_wconf 86' lang='lat' dir='ltr'>censuris</span> <span class='ocrx_word' id='word_1_207' title='bbox 741 3359 777 3412; x_wconf 94' lang='lat' dir='ltr'>et</span> <span class='ocrx_word' id='word_1_208' title='bbox 795 3349 909 3432; x_wconf 87' lang='lat' dir='ltr'>penis,</span> <span class='ocrx_word' id='word_1_209' title='bbox 924 3360 996 3411; x_wconf 89' lang='lat' dir='ltr'>tam</span> <span class='ocrx_word' id='word_1_210' title='bbox 1013 3347 1312 3430; x_wconf 88' lang='lat' dir='ltr'>Apostolicarum,</span> <span class='ocrx_word' id='word_1_211' title='bbox 1337 3363 1443 3427; x_wconf 87' lang='lat' dir='ltr'>quam</span> 
     </span>
     <span class='ocr_line' id='line_1_28' title="bbox 159 3454 1443 3536; baseline -0.004 -19"><span class='ocrx_word' id='word_1_212' title='bbox 159 3454 405 3536; x_wconf 86' lang='lat' dir='ltr'>Imperialium</span> <span class='ocrx_word' id='word_1_213' title='bbox 417 3457 622 3536; x_wconf 90' lang='lat' dir='ltr'>litterarum,</span> <span class='ocrx_word' id='word_1_214' title='bbox 642 3466 766 3520; x_wconf 89' lang='lat' dir='ltr'>contra</span> <span class='ocrx_word' id='word_1_215' title='bbox 783 3455 914 3520; x_wconf 89' lang='lat' dir='ltr'>similes</span> <span class='ocrx_word' id='word_1_216' title='bbox 931 3455 1178 3536; x_wconf 81' lang='lat' dir='ltr'>delinquentes</span> <span class='ocrx_word' id='word_1_217' title='bbox 1194 3471 1443 3516; x_wconf 86' lang='lat' dir='ltr'>concessarum</span> 
     </span>
     <span class='ocr_line' id='line_1_29' title="bbox 161 3556 1445 3646; baseline -0.005 -22"><span class='ocrx_word' id='word_1_218' title='bbox 161 3573 198 3624; x_wconf 91' lang='lat' dir='ltr'>et</span> <span class='ocrx_word' id='word_1_219' title='bbox 225 3573 468 3627; x_wconf 88' lang='lat' dir='ltr'>emanatarum</span> <span class='ocrx_word' id='word_1_220' title='bbox 492 3564 625 3646; x_wconf 84' lang='lat' dir='ltr'>vigere,</span> <span class='ocrx_word' id='word_1_221' title='bbox 650 3574 711 3626; x_wconf 89' lang='lat' dir='ltr'>aut</span> <span class='ocrx_word' id='word_1_222' title='bbox 734 3563 822 3626; x_wconf 88' lang='lat' dir='ltr'>alias</span> <span class='ocrx_word' id='word_1_223' title='bbox 845 3561 1128 3644; x_wconf 88' lang='lat' dir='ltr'>quomodolibet,</span> <span class='ocrx_word' id='word_1_224' title='bbox 1158 3581 1180 3622; x_wconf 87' lang='lat' dir='ltr'>a</span> <span class='ocrx_word' id='word_1_225' title='bbox 1194 3559 1270 3621; x_wconf 90' lang='lat' dir='ltr'>iure</span> <span class='ocrx_word' id='word_1_226' title='bbox 1284 3556 1445 3639; x_wconf 87' lang='lat' dir='ltr'>prolatis,</span> 
     </span>
     <span class='ocr_line' id='line_1_30' title="bbox 161 3665 1251 3749; baseline -0.006 -16"><span class='ocrx_word' id='word_1_227' title='bbox 161 3679 198 3733; x_wconf 91' lang='lat' dir='ltr'>et</span> <span class='ocrx_word' id='word_1_228' title='bbox 225 3668 378 3749; x_wconf 87' lang='lat' dir='ltr'>inflictis,</span> <span class='ocrx_word' id='word_1_229' title='bbox 403 3672 545 3736; x_wconf 87' lang='lat' dir='ltr'>easdem</span> <span class='ocrx_word' id='word_1_230' title='bbox 570 3669 699 3733; x_wconf 88' lang='lat' dir='ltr'>debitis</span> <span class='ocrx_word' id='word_1_231' title='bbox 724 3667 977 3733; x_wconf 87' lang='lat' dir='ltr'>executoribus</span> <span class='ocrx_word' id='word_1_232' title='bbox 1000 3665 1251 3747; x_wconf 86' lang='lat' dir='ltr'>relinquentes.</span> 
     </span>
    </p>
   </div>
   <div class='ocr_carea' id='block_1_3' title="bbox 257 3787 1446 3881">
    <p class='ocr_par' dir='ltr' id='par_1_3' title="bbox 257 3787 1446 3881">
     <span class='ocr_line' id='line_1_31' title="bbox 257 3787 1446 3881; baseline -0.01 -21"><span class='ocrx_word' id='word_1_233' title='bbox 257 3797 312 3860; x_wconf 88' lang='lat' dir='ltr'>Ita</span> <span class='ocrx_word' id='word_1_234' title='bbox 335 3796 639 3881; x_wconf 82' lang='lat' dir='ltr'>pronuntiavimus</span> <span class='ocrx_word' id='word_1_235' title='bbox 668 3815 734 3858; x_wconf 88' lang='lat' dir='ltr'>nos</span> <span class='ocrx_word' id='word_1_236' title='bbox 757 3793 973 3877; x_wconf 85' lang='lat' dir='ltr'>Wygandus</span> <span class='ocrx_word' id='word_1_237' title='bbox 996 3790 1197 3874; x_wconf 90' lang='lat' dir='ltr'>Episcopus</span> <span class='ocrx_word' id='word_1_238' title='bbox 1229 3787 1347 3868; x_wconf 83' lang='lat' dir='ltr'>Judex</span> <span class='ocrx_word' id='word_1_239' title='bbox 1378 3795 1446 3849; x_wconf 87' lang='lat' dir='ltr'>etc.</span> 
     </span>
    </p>
   </div>
   <div class='ocr_carea' id='block_1_4' title="bbox 0 0 1802 5734">
    <p class='ocr_par' dir='ltr' id='par_1_4' title="bbox 0 0 1802 5734">
     <span class='ocr_line' id='line_1_32' title="bbox 0 0 1802 5734; baseline 0 0"><span class='ocrx_word' id='word_1_240' title='bbox 0 0 1802 5734; x_wconf 95' lang='lat' dir='ltr'> </span> 
     </span>
    </p>
   </div>
  </div>
 </body>
</html>
