3559 5734
719 545 967 603 enare&

203 703 242 756 ut
262 692 453 759 novissime
470 692 708 757 renuntiatum
724 704 788 772 est,
813 696 859 756 ab
876 695 1002 756 eodem
1019 695 1114 757 clero
1133 692 1345 757 erfordiensi
1361 693 1483 755 decem

204 800 299 862 milia
330 820 518 863 aureorum
542 799 763 863 Renensium
794 820 872 863 cum
897 809 1070 882 perpetua
1097 800 1328 864 ecclesiarum
1351 798 1484 862 ibidem

203 907 339 973 iactura
359 927 426 988 per
449 906 654 973 violentiam
678 917 917 986 extorserunt,
942 927 984 970 ac
1009 908 1199 990 plerosque
1224 928 1269 969 ex
1294 905 1484 971 sacerdoti-

204 1017 271 1079 bus
294 1014 420 1096 oppidi
443 1014 478 1076 in
503 1013 647 1081 exilium
672 1023 832 1096 egerunt.
881 1014 940 1077 Ad
957 1016 1047 1079 haec
1072 1012 1283 1076 seditiosum
1307 1014 1485 1094 quendam

205 1121 493 1187 concionatorem
509 1120 742 1203 professionis
759 1119 881 1185 Sancti
899 1121 1100 1204 Augustini
1117 1121 1176 1203 qui
1200 1128 1325 1185 contra
1350 1118 1484 1183 Sancti·

204 1229 288 1297 tatis
304 1228 349 1297 V.
374 1228 595 1295 maiestatem
619 1238 743 1295 contra
764 1228 894 1293 dictam
919 1237 1118 1292 creaturam
1141 1237 1296 1292 vestram
1321 1248 1363 1291 ac
1387 1227 1485 1291 cleri-

206 1338 317 1403 calem
333 1346 463 1399 statum
480 1345 515 1398 et
539 1335 750 1417 dignitatem
773 1336 938 1401 viliorem
962 1336 1104 1418 plebem
1129 1334 1263 1401 tristius
1287 1334 1419 1415 incitat,
1445 1354 1487 1398 ac

206 1445 251 1506 ad
274 1442 461 1524 perfidiam
484 1443 629 1525 pellicet
653 1445 749 1525 apud
773 1465 811 1507 se
835 1444 945 1509 fovet.

293 1585 535 1669 Magdeburgi
567 1594 755 1666 praeterea
784 1585 933 1668 singulis
956 1584 1033 1648 fere
1058 1585 1221 1648 noctibus
1245 1587 1354 1649 aedes
1379 1596 1414 1648 et
1438 1587 1485 1648 fe·

206 1702 344 1756 nestrae
368 1693 591 1756 sacerdotum
609 1692 737 1754 aemuli
756 1693 898 1777 quidam
913 1691 1166 1775 perfregerunt
1182 1703 1217 1755 et
1234 1692 1386 1755 interdiu
1404 1713 1486 1774 quo-

207 1821 276 1882 que
309 1799 384 1862 ausi
416 1799 560 1862 fuerunt
590 1799 732 1862 ianuam
760 1799 957 1864 sacerdotis
981 1801 1162 1863 cuiusdam
1187 1799 1333 1863 violare.
1382 1800 1486 1862 Prae-

207 1918 305 1970 terea
340 1906 491 1990 exigunt
525 1906 657 1989 passim
690 1928 711 1968 a
746 1907 993 1970 sacerdotibus
1027 1916 1065 1969 ut
1098 1928 1137 1969 se
1161 1907 1341 1969 fateantur
1364 1905 1487 1969 favere

208 2013 531 2076 Martinoluthero
556 2024 592 2075 et
609 2013 644 2075 id
668 2033 782 2095 genus
807 2014 1047 2081 molestiarum
1071 2014 1265 2077 intulerunt
1280 2016 1388 2094 clem,
1413 2016 1487 2096 plu-

207 2121 331 2184 rimum
355 2120 450 2182 dicta
473 2129 591 2183 tamen
616 2131 778 2185 creatura
802 2132 923 2185 vestra
947 2122 1021 2204 egit
1045 2133 1082 2184 ut
1107 2132 1395 2204 compesceretur
1417 2122 1487 2184 iam

207 2227 363 2309 gliscens
386 2229 554 2289 tumultus
578 2247 619 2290 ac
643 2227 873 2310 insigniorem
899 2230 974 2292 eius
1004 2230 1212 2312 tragaediae
1236 2239 1417 2293 auctorem
1442 2230 1488 2291 ad

207 2335 330 2398 turrim
355 2334 453 2398 dedit
476 2333 525 2397 ita
548 2344 586 2397 ut
610 2356 701 2398 nunc
726 2337 844 2418 aliqua
868 2337 1105 2421 tranquillitas
1130 2338 1232 2401 adsit.

297 2459 418 2543 Lipsie
442 2460 576 2523 ordinis
601 2461 772 2525 minorum
789 2462 1080 2529 concionatorum
1098 2472 1133 2526 et
1149 2462 1238 2525 alius
1255 2461 1389 2524 ordinis
1414 2460 1487 2522 divi

209 2567 400 2651 Augustini
424 2568 666 2653 Magdeburgi
697 2571 838 2637 nomine
870 2570 1057 2634 islebensis
1090 2571 1233 2652 publice
1266 2573 1312 2633 de
1335 2573 1487 2632 ambone

207 2675 328 2738 testati
361 2685 443 2738 sunt
473 2697 552 2739 cum
576 2677 743 2760 lacrymis
768 2698 806 2742 se
830 2678 1003 2740 hactenus
1028 2677 1191 2740 docuisse
1207 2697 1347 2739 errores
1368 2686 1404 2738 et
1428 2676 1487 2741 im-

207 2803 387 2866 pugnasse
412 2783 625 2848 catholicum
654 2784 769 2848 virum
794 2785 1000 2869 Martinum,
1025 2783 1289 2866 miserabilique
1315 2803 1405 2846 voce
1429 2783 1489 2845 im·

208 2892 394 2972 plorarunt
423 2893 594 2973 populum
626 2892 671 2954 ad
707 2891 999 2954 intercedendum
1034 2892 1130 2974 apud
1154 2892 1269 2954 Deum
1294 2911 1359 2972 pro
1384 2890 1490 2953 venia

207 3007 306 3060 tante
330 2995 532 3078 impietatis,
557 3018 671 3080 eoque
695 2998 777 3061 fuco
801 2998 869 3061 sibi
885 2999 1075 3063 maximum
1091 3019 1301 3063 concursum
1317 2997 1489 3061 fecerunt.

208 3105 286 3167 Tali
310 3104 456 3185 ingenio
481 3125 538 3167 res
558 3106 676 3186 agitur
700 3106 800 3168 etsie
817 3105 1040 3170 insanissima
1056 3105 1173 3170 studia
1189 3104 1288 3189 vulgi
1302 3107 1490 3169 vehemen-

207 3212 277 3275 tius
300 3210 534 3274 inflamantur.

297 3345 514 3410 Sacerdotes
538 3347 697 3411 nonnulli
727 3367 858 3410 uxores
890 3349 1090 3421 duxerunt;
1128 3368 1256 3429 nempe
1281 3347 1489 3431 Archipres·

207 3454 301 3521 biter
326 3453 361 3519 in
386 3455 577 3536 Komberg
600 3454 734 3536 oppido
760 3453 905 3517 ditionis
936 3453 1164 3518 Illustrissimi
1197 3454 1308 3517 Ducis
1332 3452 1490 3521 Saxonie

207 3560 385 3627 Electoris
419 3561 455 3625 in
488 3560 580 3623 facie
609 3559 790 3624 Ecclesiae
826 3561 1085 3624 matrimonium
1120 3562 1265 3642 publice
1301 3562 1492 3644 contraxit,

208 3670 307 3732 cuius
344 3680 462 3731 tamen
494 3667 666 3750 puniendi
704 3676 864 3748 potestas
902 3688 973 3730 non
997 3669 1101 3731 datur
1139 3678 1302 3732 creature
1338 3677 1491 3733 vestrae.

209 3775 313 3841 Alius
336 3785 479 3838 curatus
504 3775 645 3856 quidam
671 3777 737 3837 sub
762 3774 896 3837 ditione
920 3786 1097 3838 certorum
1114 3776 1288 3838 Comitum
1314 3778 1358 3838 de
1374 3775 1490 3838 Mans-

208 3882 274 3948 felt
304 3882 394 3947 citra
425 3892 543 3946 tamen
575 3881 834 3945 solemnitatem
866 3902 945 3945 cum
975 3880 1099 3946 infami
1130 3882 1277 3945 muliere
1301 3882 1491 3963 contraxit,

209 4010 314 4071 quem
337 3989 453 4052 dictus
477 3988 640 4051 dominus
664 3989 835 4052 Albertus
852 3988 1052 4052 Cardinalis
1068 3990 1102 4053 in
1128 3989 1279 4052 vinculis
1295 3998 1330 4053 et
1346 4010 1491 4053 carcere

209 4097 365 4169 detinet;
390 4096 512 4159 statuit
535 4105 653 4159 tamen
679 4097 831 4159 eundem
855 4096 884 4158 si
910 4117 1067 4160 errorem
1091 4117 1189 4159 suum
1207 4095 1397 4179 agnoverit
1420 4095 1490 4160 adi·

209 4212 289 4267 ecta
312 4201 432 4283 aliqua
455 4203 781 4285 animadversione,
812 4224 892 4268 cum
924 4206 1068 4287 aliquod
1101 4204 1194 4269 inter
1225 4226 1308 4268 suos
1338 4206 1423 4268 boni
1447 4206 1493 4268 sit

208 4307 371 4389 nomime,
395 4310 440 4372 ad
467 4309 670 4375 eorumdem
696 4310 870 4377 Comitum
899 4310 1195 4397 supplicationem
1228 4322 1264 4375 et
1287 4312 1490 4376 instantiam

209 4416 456 4499 emanciparer
488 4417 776 4499 quandoquidem
808 4419 914 4481 valde
947 4427 1187 4499 opportunum
1216 4419 1400 4483 videretur
1432 4419 1491 4481 ubi

209 4524 446 4611 resipisceret,
470 4533 691 4604 retractaret,
717 4536 753 4590 et
777 4526 1015 4591 detestaretur
1031 4523 1168 4588 facinus
1185 4525 1420 4608 designatum,
1445 4528 1491 4588 ad

210 4632 491 4717 compescendos
519 4632 624 4715 alios,
655 4631 715 4717 qui
749 4652 795 4695 ex
826 4652 869 4695 eo
900 4632 1121 4697 incarcerato
1147 4652 1314 4714 magnum
1337 4632 1491 4695 animum

210 4739 411 4820 ardensque
435 4738 588 4807 studium
612 4739 658 4803 ad
681 4759 740 4805 res
763 4740 950 4807 novandas
974 4738 1115 4805 iamiam
1140 4739 1348 4821 concepisse
1371 4739 1491 4802 viden-

210 4857 277 4906 tur.
324 4844 541 4927 Expectabit
573 4855 691 4908 tamen
720 4867 828 4928 super
851 4847 919 4908 hoc
943 4847 1146 4909 mandatum
1173 4843 1380 4913 Sanctitatis
1403 4846 1489 4913 Ves-
