3559 5734
695 525 753 582 ⁶⁴3
793 513 841 584 tiit
882 513 941 582 {5⁶

176 687 224 753 eS,
248 666 426 735 audivisse
451 669 591 734 credis?
631 671 724 735 Vide
741 694 845 755 quam
871 674 905 737 in
931 686 966 737 te
983 671 1100 738 nullus
1125 667 1168 738 sit
1192 669 1326 754 modus,
1352 688 1456 759 quam

176 778 412 862 temperantia
435 800 586 861 quamve
611 782 785 843 modestia
809 780 842 843 in
868 796 904 845 te
930 783 1160 846 desideretur.
1208 783 1311 864 Quod
1337 795 1455 847 autem

176 908 241 968 pro
273 887 531 951 deliberatione
561 899 638 967 tua,
673 907 776 970 quam
813 889 970 951 dicturus
1002 910 1097 952 eras:
1135 890 1238 953 Velle
1270 911 1315 951 ne
1346 890 1456 952 libros

176 1015 263 1076 quos
287 1014 354 1075 pro
379 993 447 1056 tuis
471 993 667 1075 agnovisti,
702 1005 737 1057 et
768 1005 936 1058 contenta
968 995 1003 1058 in
1038 995 1170 1058 eisdem
1201 1006 1396 1059 retractare
1420 1007 1456 1059 et

175 1104 370 1164 revocare?
417 1100 654 1182 Conquereris
679 1101 833 1183 iniquius
857 1111 974 1164 tecum
998 1103 1068 1184 agi,
1093 1104 1123 1165 si
1147 1124 1270 1166 omnes
1294 1105 1395 1168 simul
1421 1115 1456 1166 et

176 1209 380 1272 indistincte
413 1228 584 1271 revocare
615 1208 799 1287 artareriS,
833 1230 910 1272 cum
942 1230 1012 1273 non
1046 1230 1168 1273 omnes
1197 1213 1266 1274 sint
1299 1211 1474 1275 eiusdem

175 1314 289 1378 farine
314 1325 349 1378 et
373 1314 527 1397 generis,
553 1317 615 1376 sed
640 1315 776 1378 trifarie
801 1336 862 1378 eos
887 1316 1046 1397 partiris;
1072 1338 1151 1380 esse
1171 1319 1263 1381 enim
1288 1339 1357 1382 non
1382 1322 1455 1382 nul·

175 1424 238 1503 los,
263 1423 297 1485 in
324 1421 451 1504 quibus
477 1432 511 1485 et
536 1442 670 1485 morum
696 1435 731 1485 et
755 1422 837 1484 fidei
855 1423 1038 1486 materiam
1063 1425 1270 1506 simpliciter
1294 1427 1396 1504 ade0‚
1420 1437 1455 1488 et

174 1529 313 1593 sincere
347 1528 627 1610 evangelicaque
652 1530 879 1606 tractaveris,
918 1542 956 1592 ut
981 1533 1037 1593 vel
1073 1535 1119 1594 ab
1145 1532 1295 1595 inimicis
1319 1533 1454 1596 innoxii

174 1638 384 1699 habeantur.
425 1635 517 1716 Quin
535 1648 570 1698 et
587 1637 689 1699 Bulla
706 1639 915 1717 apostolica,
939 1636 1097 1719 alioquin
1122 1659 1208 1703 seva
1232 1650 1267 1702 et
1292 1641 1454 1719 crudelis,

174 1743 309 1824 aliquot
333 1763 455 1805 eorum
488 1753 590 1805 extra
623 1764 752 1807 noxam
785 1755 905 1826 ponat.
954 1744 991 1807 Si
1017 1747 1098 1808 illos
1122 1766 1330 1825 revocares,
1367 1748 1453 1810 nihil

175 1852 271 1912 aliud
296 1869 445 1930 ageres,
483 1871 586 1933 quam
619 1861 657 1912 ut
681 1871 724 1913 ea
748 1853 936 1914 damnares
969 1863 1038 1942 que
1069 1853 1173 1915 amici
1197 1854 1297 1916 iuxta
1332 1864 1368 1916 et
1391 1854 1455 1916 ini·

174 1958 256 2020 mici
279 1960 536 2039 approbarunt.

265 2064 368 2127 Alios
392 2065 468 2128 eius
491 2065 635 2146 generis
659 2086 755 2145 esse,
781 2065 908 2147 quibus
939 2067 973 2129 in
1000 2068 1152 2148 Papam,
1182 2087 1310 2150 resque
1337 2067 1454 2149 papis·

174 2184 287 2234 tarum
313 2182 351 2234 ut
375 2170 504 2233 diceris
528 2172 715 2252 inveheris,
739 2173 949 2254 illorumque
974 2195 1100 2254 moreS,
1124 2174 1219 2254 vitia,
1244 2175 1382 2238 abissus
1402 2186 1454 2258 ty-

174 2279 358 2340 rannidem
385 2287 420 2340 et
443 2278 477 2340 id
503 2297 617 2358 genus
641 2279 711 2340 alia
735 2281 862 2361 carpis,
896 2301 1011 2362 neque
1034 2283 1101 2344 hos
1124 2280 1189 2343 tibi
1213 2301 1383 2345 revocare
1406 2283 1455 2344 in·

174 2396 314 2465 tegrum
339 2406 429 2464 esse,
455 2406 499 2448 ne
523 2386 703 2467 tyrannidi
728 2390 837 2449 robur
860 2388 1034 2450 adiecisse
1059 2388 1230 2451 videaris:

267 2491 425 2554 Tertium
450 2514 528 2555 esse
553 2513 685 2571 eorum,
710 2514 778 2575 que
803 2495 839 2555 in
863 2498 1052 2557 nonnullos
1075 2495 1300 2577 tyrannidem
1325 2495 1455 2558 Rorna-

174 2619 256 2661 nam
291 2599 486 2661 defendere
520 2611 555 2661 et
590 2600 669 2682 pias
707 2601 888 2663 doctrinas
924 2605 1002 2664 tu'as
1027 2603 1245 2665 labefactare
1271 2602 1456 2665 molientes

173 2705 355 2786 scripsisti,
380 2707 461 2768 hinc
485 2706 568 2768 inde
592 2707 626 2769 in
652 2708 944 2771 altercationibus
966 2709 1207 2772 consistentia.
1255 2709 1333 2800 Que
1358 2709 1387 2772 si
1404 2731 1454 2772 re-

173 2833 335 2890 vocares,
358 2811 460 2875 fieret
486 2823 524 2875 ut
548 2825 608 2875 tuo
633 2814 831 2894 patrocinio
848 2815 1024 2897 'l'yrannis
1041 2816 1207 2879 Romana
1228 2816 1456 2898 impotentius

174 2931 359 3000 regnaret,
385 2941 490 3001 quam
515 2941 668 3001 unquam
693 2931 797 2984 antea
821 2923 1037 3003 regnaverit.

266 3025 345 3089 Non
371 3027 425 3089 his
449 3027 603 3089 Martiae
628 3029 797 3109 dogmata
821 3038 892 3109 tua,
928 3041 963 3090 et
979 3030 1089 3093 libros
1104 3029 1322 3093 sufficienter
1338 3029 1455 3092 distin·

171 3133 266 3196 xisti.
318 3133 404 3196 Cum
429 3133 500 3213 illa,
537 3154 605 3214 que
629 3147 711 3214 post
736 3135 869 3198 Summi
895 3135 1077 3199 Pontificis
1102 3137 1311 3200 sententiam
1339 3136 1455 3199 edide-

174 3241 237 3320 ris,
267 3241 376 3322 longe
408 3242 523 3323 magis
556 3243 767 3304 detestanda
801 3244 868 3305 sint
893 3254 930 3305 et
954 3247 1172 3325 execranda,
1197 3265 1302 3326 quam
1326 3243 1456 3326 priora,

174 3367 243 3427 que
287 3347 412 3410 merito
455 3349 657 3411 damnanda
700 3349 913 3430 scripseras,
958 3359 1081 3431 utpote
1124 3353 1335 3431 reprobatas
1374 3350 1457 3414 olim

173 3456 319 3516 hereses
343 3455 515 3534 Johannis
541 3456 678 3538 Huysz,
714 3457 909 3519 catholicos
943 3477 1021 3520 esse
1063 3457 1222 3520 veritatis
1251 3458 1456 3536 asserentia,

175 3572 210 3622 et
234 3565 446 3624 auctoritate
471 3583 611 3625 omnem
635 3565 770 3643 pariter
794 3575 827 3625 et
846 3565 1070 3645 majestatem
1087 3563 1322 3626 Conciliorum
1338 3564 1456 3646 poeni·

173 3680 230 3729 tus
253 3668 475 3731 succidentia
500 3681 533 3730 et
559 3671 775 3733 enervantia.
823 3671 948 3752 Neque
971 3672 1026 3734 his
1043 3669 1261 3733 sufficienter
1283 3674 1327 3733 ad
1352 3670 1455 3733 inter·

173 3786 300 3858 rogata
325 3797 403 3838 mea
427 3777 662 3858 respondisti:
697 3778 781 3840 Esto
806 3780 916 3858 enim,
953 3779 1022 3841 sint
1055 3778 1165 3860 aliqui
1189 3788 1327 3840 tuorum
1353 3779 1454 3840 libro-

176 3903 251 3945 rum
287 3886 398 3960 tales,
434 3884 493 3964 qui
531 3904 627 3947 noxa
651 3896 805 3964 careant,
840 3888 935 3967 quod
967 3899 1083 3949 tamen
1114 3906 1185 3948 non
1210 3884 1453 3956 concedimus;

175 3991 260 4052 tolle
290 3989 424 4052 infecta
455 4002 489 4053 et
523 4002 700 4054 venenata
723 3993 910 4074 dogmata,
936 3995 1021 4055 tolle
1045 3992 1163 4074 impia,
1189 3994 1274 4055 tolle
1298 3993 1454 4070 hereses,

177 4106 212 4157 et
235 4100 398 4159 heresum
424 4097 577 4178 favoreS,
602 4100 687 4161 tolle
712 4101 922 4162 catholicam
945 4100 1050 4162 fidem
1076 4100 1249 4172 ledentia;
1283 4100 1328 4161 de
1359 4099 1455 4161 sanis

175 4203 261 4265 nihil
286 4206 353 4267 erit
377 4205 535 4286 periculi.
584 4206 760 4268 Caesarea
784 4228 885 4269 sacra
902 4207 1070 4288 Majestas
1086 4206 1358 4270 clementissime
1375 4226 1453 4268 cum

174 4310 244 4372 illis
267 4313 457 4392 agendum,
482 4332 597 4393 neque
625 4317 739 4393 proba
764 4335 831 4376 una
856 4335 933 4376 cum
965 4314 1150 4396 improbis
1182 4314 1211 4375 si
1244 4314 1453 4376 sententiam

175 4419 385 4498 mutaveris,
424 4421 610 4501 perdenda
643 4432 677 4481 et
710 4422 888 4482 abolenda
919 4423 1013 4502 apud
1039 4421 1219 4483 Summum
1244 4419 1452 4483 Pontificem

175 4526 391 4606 procurabit.
438 4525 476 4588 Si
502 4546 587 4589 vero
613 4527 647 4589 in
673 4527 819 4589 notoriis
843 4527 913 4591 tuis
928 4528 1108 4590 erroribus
1125 4539 1160 4589 et
1176 4527 1360 4589 heresibus
1375 4546 1453 4607 per-

176 4632 352 4714 vicaciter,
377 4642 415 4695 ut
439 4633 588 4714 coepisti
613 4633 815 4697 inseverare
840 4654 982 4716 perges,
1007 4634 1168 4712 indubie,
1194 4645 1232 4695 ut
1256 4634 1368 4696 omnis
1392 4644 1453 4696 tua

176 4759 197 4801 e
221 4741 336 4803 medio
361 4742 505 4804 tollatur
530 4741 699 4803 memoria
724 4754 759 4802 et
783 4763 869 4804 sana
894 4752 930 4804 et
953 4742 1078 4804 insana
1102 4741 1238 4822 omnia,
1271 4762 1349 4804 cum
1373 4761 1451 4804 auc·

177 4856 254 4909 tore
278 4868 341 4909 suo
378 4850 649 4910 damnabuntur.
697 4849 770 4910 Nec
806 4851 874 4911 hoc
913 4869 1041 4911 novum
1072 4859 1124 4910 est
1160 4861 1219 4911 aut
1247 4848 1453 4928 inauditum,
