3559 5734
796 741 848 806 68.

279 850 370 929 Acta
398 851 668 951 comparationis
694 850 843 930 Lutheri
871 849 911 928 in
939 849 1067 928 Diaeta
1094 840 1357 925 wormatiensi.

592 999 675 1064 (Arte
692 997 909 1056 wormaciensis
927 995 972 1054 lot
990 996 1056 1067 116.)

182 1135 339 1214 Joannes
355 1137 399 1197 de
416 1135 515 1214 Acie,
541 1137 668 1199 artium
685 1148 720 1199 et
735 1137 798 1199 iur.
816 1147 881 1198 utr.
899 1139 1025 1197 doctor
1040 1131 1203 1210 officialis
1220 1127 1462 1193 Treverensis.

570 1251 737 1315 Notarius
761 1261 872 1334 ponat
896 1251 1069 1314 formalia.

272 1383 490 1446 Constitutus
516 1386 673 1447 notarius
690 1387 762 1448 alta
779 1395 814 1447 et
831 1385 1047 1467 intelligibili
1064 1405 1152 1446 voce
1169 1382 1278 1445 latine
1302 1380 1462 1462 primum,

183 1492 313 1553 deinde
343 1492 547 1570 germanice
584 1492 680 1554 iussu
724 1493 899 1555 Caesaree
933 1490 1044 1554 Sacre
1080 1490 1276 1573 Maiestatis
1307 1487 1397 1550 dixit
1428 1496 1464 1549 et

184 1598 369 1678 proposuit
393 1598 426 1659 in
444 1599 548 1678 hunc,
574 1610 634 1661 aut
658 1599 692 1661 in
716 1599 845 1662 effectu
870 1600 1030 1680 similem,
1055 1599 1114 1681 qui
1136 1597 1293 1679 sequitur
1312 1596 1462 1657 modum.

272 1704 425 1767 Martiae
455 1705 600 1784 Lutere,
632 1707 744 1769 Sacra
773 1718 808 1767 et
838 1707 971 1769 invicta
997 1706 1173 1769 Caesarea
1203 1703 1388 1782 Maiestas,
1419 1704 1462 1764 de

184 1813 332 1875 consilio
358 1813 509 1875 omnium
535 1813 626 1875 sacri
645 1813 800 1876 Romani
825 1814 962 1895 imperii
980 1813 1153 1891 ordinum,
1178 1812 1222 1872 ad
1240 1811 1365 1874 solium
1378 1829 1463 1872 suae

185 1919 377 2000 majestatis
407 1922 475 1982 huc
506 1922 628 1983 vocari
659 1933 693 1983 te
723 1921 832 1983 iussit.
894 1921 943 1982 Ut
976 1920 1085 1982 libros
1115 1930 1187 1982 tam
1217 1918 1326 1981 latine
1358 1938 1462 1997 quam

184 2026 389 2108 germanice
414 2030 529 2089 abste
552 2028 690 2090 aeditos
714 2039 751 2090 et
775 2028 922 2109 sparsim
949 2028 1152 2108 divulgatos
1176 2035 1412 2105 contentaque
1429 2023 1462 2086 in

185 2135 318 2195 eisdem
342 2144 557 2197 retractares
581 2144 616 2197 et
640 2145 844 2198 recantares
869 2136 969 2198 iuxta
986 2135 1054 2197 vim
1071 2135 1219 2197 formam
1245 2143 1280 2194 et
1303 2145 1462 2194 tenorem

182 2240 335 2303 citatorii
360 2242 532 2320 mandati,
566 2251 690 2304 contra
723 2254 758 2304 te
792 2264 813 2304 a
845 2243 1034 2305 Maiestate
1063 2262 1126 2303 sua
1158 2240 1308 2316 decreti,
1333 2259 1375 2301 ac
1400 2238 1463 2300 tibi

184 2348 357 2429 legittime
381 2348 558 2428 insinuati,
583 2352 629 2411 ob
654 2371 758 2430 quam
783 2370 857 2412 rem
883 2349 1059 2412 Caesarea
1076 2348 1272 2430 Maiestatis
1297 2356 1333 2409 et
1352 2347 1463 2427 Impe-

185 2455 225 2517 rii
249 2475 437 2536 procerum
464 2456 678 2532 nominibus,
717 2457 767 2518 'se
792 2458 974 2538 interrogo
1004 2457 1151 2539 primurn
1184 2455 1330 2520 fatearis
1354 2454 1464 2516 libros

182 2563 248 2624 hos
283 2573 490 2644 praesentes
526 2563 636 2644 (fasce
672 2563 841 2626 librorum
878 2586 1020 2626 suorum
1051 2564 1159 2625 latine
1199 2573 1234 2624 et
1269 2561 1463 2624 alemanice

183 2669 394 2750 scriptorum
421 2669 452 2731 ei
478 2673 635 2749 ostenso)
660 2672 803 2750 publice
835 2671 899 2732 tibi
933 2681 968 2733 et
998 2670 1202 2751 singulatim
1235 2689 1326 2730 nunc
1357 2668 1462 2730 nomi·

184 2788 303 2855 natos,
335 2777 394 2857 qui
424 2788 484 2838 tuo
521 2778 662 2839 nomine
694 2777 891 2858 pretitulati
927 2777 1220 2840 circumferuntur
1253 2786 1332 2838 tuos
1368 2797 1462 2846 esse3

183 2885 334 2964 illosque
359 2904 424 2964 pro
449 2885 517 2944 tuis
543 2904 717 2964 agnoscas
743 2907 807 2946 nec
829 2907 888 2955 ne;
914 2885 1044 2948 deinde
1061 2907 1105 2946 an
1123 2886 1202 2946 illos
1220 2894 1254 2945 et
1271 2883 1464 2946 eorundem

184 3000 352 3052 contenta
376 3002 571 3052 retractare
597 3003 631 3052 et
656 3012 827 3053 revocare
854 2994 910 3054 vel
935 2993 1098 3054 inherere
1124 2991 1255 3053 eisdem
1281 2990 1405 3070 pocius
1430 2999 1465 3050 et

182 3097 387 3160 inseverare
404 3098 501 3160 velis.
543 3097 622 3177 Qua
638 3098 919 3179 interrogatione
938 3121 1002 3180 per
1019 3100 1214 3161 Lutherum
1231 3098 1263 3160 in
1284 3100 1371 3159 duas
1386 3117 1463 3178 par·

184 3215 237 3266 tes
261 3215 360 3266 secta
384 3216 420 3266 et
443 3205 588 3285 partita,
614 3207 659 3267 ad
690 3206 837 3286 primam
871 3206 1081 3288 interrogati
1106 3217 1243 3288 partem
1269 3204 1464 3286 respondit,

184 3313 295 3373 libros
319 3311 386 3373 sibi
411 3321 570 3373 ostentos
595 3321 630 3375 et
654 3312 755 3374 titulo
781 3324 883 3375 tenus
902 3316 1080 3395 prelectos
1097 3314 1204 3376 latine
1223 3322 1258 3375 et
1270 3311 1464 3374 alemanice

185 3419 346 3500 scriptos,
372 3439 453 3480 suos
478 3440 572 3498 esse,
604 3419 698 3481 domi
723 3441 784 3482 sue
811 3421 943 3500 editos,
979 3431 1014 3483 et
1039 3421 1189 3484 feturam
1215 3441 1312 3482 suam
1337 3440 1464 3501 agnos-

186 3546 283 3604 cere,
307 3535 344 3588 et
367 3526 568 3606 agniturum
594 3547 744 3610 semper.
779 3532 827 3608 (et
852 3550 920 3590 non
937 3530 1052 3590 nullos
1075 3528 1184 3591 adhuc
1207 3526 1294 3589 ulrirs
1317 3525 1372 3590 lzr'c
1395 3549 1464 3589 non

187 3633 376 3695 nominales
407 3653 487 3693 suos
515 3654 584 3695 csse·
615 3632 851 3696 srrmnrrsrrirrc
880 3634 1075 3718 eliquanto,
1105 3636 1167 3697 sed
1194 3633 1231 3696 z'n
1256 3631 1470 3719 r'rrlcllrgr'bilr‘

185 3761 258 3803 voce
281 3738 411 3817 clr'xr‘l.¹)

274 3848 333 3908 Ad
358 3845 528 3927 reliquam
561 3868 646 3908 vero
680 3848 888 3930 interrogati
921 3859 1076 3930 partem,
1110 3870 1154 3911 an
1189 3850 1333 3911 eosdem
1361 3859 1397 3910 et
1429 3845 1462 3909 in

186 3954 237 4015 eis
269 3963 436 4014 contenta
468 3963 681 4033 retractare,
719 3977 759 4016 ac
793 3955 1010 4036 palinodiam
1043 3977 1170 4018 canere
1201 3958 1305 4036 velit,
1339 3976 1463 4018 causas

186 4071 345 4138 nectere,
375 4070 410 4121 et
434 4059 582 4138 diffugia
614 4081 763 4141 querere
789 4063 923 4145 coepit;
958 4077 1120 4144 paratum
1146 4087 1183 4126 se
1208 4064 1299 4126 dixit
1323 4063 1463 4126 Petenti

186 4188 262 4228 eum
289 4188 331 4227 ex
359 4166 468 4228 sacris
492 4167 619 4228 litteris
644 4169 835 4232 informare
859 4170 1032 4233 assentire
1058 4183 1093 4233 et
1107 4172 1343 4252 acquiescere,
1368 4173 1462 4252 quod

186 4294 261 4335 cum
285 4276 458 4336 hactenus
482 4274 587 4335 toties
612 4274 776 4338 offerenti
801 4298 871 4338 non
898 4278 1101 4358 contigerit,
1128 4291 1162 4340 et
1187 4281 1231 4340 de
1255 4300 1293 4340 re
1319 4276 1463 4339 difficile

185 4401 225 4441 ac
250 4382 377 4459 ardua,
401 4380 470 4442 imo
496 4380 648 4444 maxima
672 4385 724 4459 (ut
748 4393 831 4463 pote
857 4384 903 4446 de
926 4384 1027 4466 fide),
1056 4395 1220 4466 rogetur,
1245 4406 1283 4446 se
1309 4406 1354 4447 ex
1378 4395 1460 4446 tem·

186 4508 271 4568 pore
296 4497 333 4549 et
355 4486 640 4567 impremeditate
672 4492 892 4569 respondere
927 4512 996 4553 non
1030 4512 1146 4572 posse.
1204 4490 1351 4572 Sibique
1383 4512 1460 4572 pro·

185 4603 308 4674 pterea
324 4593 545 4656 deliberandi
562 4595 720 4677 spacium
737 4596 813 4659 dari
831 4609 865 4659 et
882 4599 1030 4661 concedi
1056 4599 1286 4661 demisissime
1310 4599 1461 4679 rogavit.

216 4803 238 4850 'l
260 4799 312 4848 Hic
337 4800 478 4848 adnotatur
501 4801 528 4848 in
554 4802 670 4862 margine
696 4802 846 4850 charactere
872 4805 1039 4853 teuthonico:
1068 4805 1225 4864 ,Addidit“,
1255 4805 1302 4855 rite
1327 4806 1459 4862 recordor,

255 4880 304 4928 nisi
325 4882 412 4928 forsan
432 4881 561 4943 quispiam
583 4882 721 4945 quicquam
741 4882 794 4930 illis
813 4884 951 4933 inseruerit
970 4886 1069 4936 libris*
