3559 5734
803 511 1050 572 eddim&

900 698 944 764 45

677 816 849 896 carolus
877 816 917 897 V.
945 752 1173 912 luthorol.

673 1044 677 1057 .
737 956 820 1028 (Acta
838 954 972 1014 woman
992 953 1037 1013 toi
1054 954 1120 1026 110.)

792 1064 846 1133 (11.
866 1067 956 1116 Martii
981 1070 1065 1128 1521.)

374 1191 606 1255 Honorabilis
630 1193 760 1254 devote
785 1191 933 1254 dilecte:
964 1191 1139 1272 Quoniam
1157 1190 1232 1253 Nos
1256 1202 1292 1253 et
1315 1189 1407 1252 sacri
1432 1190 1569 1271 imperii

285 1309 399 1362 status
422 1299 480 1361 hic
505 1299 717 1381 congregati
734 1298 960 1377 intendimus
985 1307 1021 1361 et
1037 1298 1273 1361 conclusimus
1287 1297 1426 1360 ratione
1442 1298 1567 1360 doctri·

284 1427 425 1487 narum,
461 1415 497 1468 et
528 1407 698 1469 librorum
729 1405 789 1488 qui
820 1426 885 1487 per
919 1405 1065 1487 aliquod
1099 1417 1239 1486 tempus
1262 1426 1284 1468 a
1307 1414 1342 1466 te
1367 1404 1453 1467 editi
1477 1414 1569 1483 sunt,

284 1522 390 1576 exte
415 1513 661 1577 certitudinem
688 1514 870 1596 accipere:
905 1513 991 1576 Ideo
1016 1512 1090 1574 Nos
1115 1513 1177 1576 tibi
1202 1514 1270 1576 huc
1295 1512 1509 1576 adveniendi
1534 1523 1570 1575 et

283 1622 330 1682 ab
350 1619 433 1683 hinc
450 1621 577 1682 iterum
591 1620 784 1683 recedendi
799 1621 846 1683 ad
861 1630 957 1682 tuam
973 1640 1135 1682 securam
1152 1619 1387 1699 securitatem,
1412 1629 1569 1683 nostrum

239 1810 243 1815 Ι
283 1738 320 1789 et
345 1727 437 1789 sacri
461 1726 599 1809 imperii
624 1727 790 1806 liberum,
823 1736 859 1789 et
882 1727 1090 1808 expeditum
1114 1727 1250 1788 salvum
1274 1726 1487 1788 conductum
1512 1726 1569 1811 de·

284 1834 416 1915 dimus,
449 1854 554 1915 quem
587 1832 688 1896 iuxta
711 1844 898 1915 presentes
923 1834 968 1895 ad
993 1846 1028 1896 te
1052 1831 1236 1896 mittimus:
1278 1832 1464 1915 Cupiendo
1488 1822 1570 1915 qua·

283 1952 385 2003 tenus
410 1950 446 2002 te
471 1940 641 2003 maturius
665 1942 782 2003 leves:
812 1939 861 2003 ita
886 1942 982 2021 quod
1008 1939 1042 2002 in
1066 1938 1194 2021 viginti
1218 1949 1254 2001 et
1278 1959 1348 2002 uno
1373 1940 1511 2021 diebus,
1535 1940 1570 2003 in

283 2047 483 2111 huiusmodi
514 2057 637 2110 nostro
671 2047 771 2110 salvo
804 2047 983 2109 conductu
1017 2045 1224 2126 nominatis,
1258 2055 1357 2111 certo
1388 2046 1445 2110 hic
1474 2049 1571 2129 apud

284 2174 349 2217 nos
380 2154 533 2226 existas;
568 2162 604 2215 et
636 2174 680 2216 ne
710 2156 841 2216 absens
874 2173 1038 2231 maneaS,
1074 2162 1109 2215 et
1141 2152 1206 2215 tibi
1241 2155 1285 2215 de
1318 2153 1488 2217 violentia
1511 2155 1571 2217 vel

284 2261 412 2324 iniuria
435 2261 533 2324 nullo
557 2262 663 2323 modo
683 2258 826 2323 timeas:
852 2259 945 2341 Quia
959 2280 1024 2321 nos
1040 2277 1127 2339 erga
1142 2268 1177 2321 te
1193 2258 1393 2340 praefatum
1411 2272 1571 2324 nostrum

284 2370 421 2432 salvum
445 2368 658 2431 conductum
682 2366 829 2431 firmiter
853 2368 1016 2430 obtinere
1041 2368 1218 2447 volumus,
1242 2388 1350 2449 super
1370 2368 1570 2432 huiusmodi

284 2475 390 2537 etiam
421 2475 578 2538 adventu
610 2487 671 2537 tuo
703 2495 767 2537 nos
798 2475 941 2537 omnino
972 2475 1178 2537 tundamus:
1214 2474 1258 2536 Et
1291 2485 1328 2538 tu
1352 2475 1442 2538 facis
1466 2477 1500 2538 in
1526 2498 1569 2539 eo

284 2592 442 2646 nostram
475 2583 644 2645 seriosam
675 2583 913 2645 voluntatem:
947 2582 1078 2644 Datum
1110 2581 1145 2643 in
1170 2580 1324 2644 Civitate
1355 2594 1478 2646 nostra
1509 2584 1569 2646 im-

284 2689 411 2771 periali
435 2687 636 2752 Wormatia
666 2688 734 2750 Die
759 2689 817 2750 XI
847 2688 978 2751 mensis
1011 2688 1131 2750 Martii
1160 2688 1333 2750 MDXXI
1357 2690 1570 2769 Regnorum

284 2807 484 2861 nostrorum
509 2796 666 2859 Romani
690 2797 848 2859 secundo
873 2806 1097 2859 coeterorum
1123 2796 1180 2857 X⁰
1203 2793 1334 2859 Sexto:

374 2903 586 2967 Honorabili
618 2905 749 2966 devoto
783 2903 886 2965 nobis
911 2903 1041 2966 dilecto
1067 2902 1204 2966 doctori
1230 2903 1385 2965 Martino
1412 2904 1570 2967 Luthero

284 3011 418 3074 ordinis
442 3009 565 3073 Sancti
591 3011 795 3092 Augustini.

899 3430 953 3496 46.

584 3553 718 3636 Salvus
747 3555 943 3635 conductus
971 3555 1078 3635 datus
1105 3554 1269 3636 Lulhoio.

728 3694 813 3764 (aila
831 3692 966 3752 woman.
984 3691 1030 3752 iol.
1048 3692 1120 3764 108.)

373 3822 521 3885 Carolus
537 3832 603 3887 etc.
626 3821 946 3905 Recognoscimus,
964 3842 1042 3884 curn
1061 3821 1134 3884 Nos
1151 3842 1197 3884 ex
1211 3823 1438 3885 moventibus
1451 3822 1570 3885 causis

284 3930 474 3993 Martinum
500 3930 693 3993 Lutherum
719 3929 853 3992 ordinis
877 3930 991 3992 sancti
1016 3929 1219 4011 Augustini,
1244 3930 1312 3993 huc
1333 3928 1570 3992 Wormatiam

284 4039 329 4099 ad
355 4058 420 4099 nos
444 4037 701 4115 vocaverimus,
725 4038 820 4118 quod
847 4036 878 4098 ei
903 4035 996 4097 illius
1020 4036 1220 4114 occasione,
1246 4047 1404 4098 nostrum
1427 4048 1462 4098 et
1478 4036 1570 4098 sacri

285 4143 423 4225 imperii
447 4142 607 4224 liberum,
633 4142 849 4225 expeditum,
875 4145 1011 4204 salvum
1036 4144 1259 4224 conductum,
1285 4155 1319 4204 et
1344 4142 1570 4205 securitatem

283 4251 456 4313 adversus
480 4269 722 4331 quoscumque
747 4250 996 4330 concessimus,
1021 4258 1057 4312 et
1081 4249 1298 4313 addiximus:
1336 4259 1370 4312 et
1395 4253 1462 4313 hoc
1486 4249 1570 4312 faci·

284 4378 361 4420 mus
386 4378 431 4418 ex
456 4356 634 4419 Caesarea
658 4366 854 4438 potestate,
889 4378 935 4419 ex
962 4366 1061 4418 certa
1084 4355 1249 4435 scientia,
1282 4368 1319 4419 et
1342 4367 1466 4419 tenore
1491 4378 1568 4439 pre-

285 4464 445 4527 sentium.
493 4463 546 4525 Ita
571 4484 677 4544 quum
701 4462 778 4545 ipse
803 4461 896 4525 inira
921 4463 1074 4544 spatium
1091 4462 1188 4525 XXI
1212 4463 1359 4544 dierum,
1384 4474 1467 4546 post
1490 4484 1570 4545 pre·

285 4569 518 4633 sentationem
535 4572 658 4633 harum
675 4582 875 4632 nostrarum
891 4570 1098 4650 litterarum,
1114 4571 1182 4632 huc
1197 4569 1432 4633 Wormatiam
1447 4570 1570 4634 venire

386 4706 484 4713 -—.-.-

319 4764 337 4831 ¹)
358 4769 419 4814 Hoc
445 4767 631 4815 documentum
656 4782 709 4814 non
735 4782 825 4830 parum
851 4766 878 4814 in
904 4765 1017 4815 lectione
1043 4766 1131 4815 differt
1154 4781 1170 4814 a
1195 4782 1248 4830 quo
1268 4767 1337 4815 inter
1359 4782 1440 4832 opera
1460 4766 1570 4816 Lutheri

357 4857 418 4909 Vol.
438 4858 474 4904 11.
493 4863 571 4908 extat.
