3559 5734
700 524 929 582 carerem

176 677 219 737 de
249 675 350 737 detta
373 677 458 737 sede
483 686 519 736 et
544 675 577 736 lo
601 673 817 738 Elettorato:
853 685 888 738 et
913 676 969 737 del
995 672 1154 737 Concilio
1179 674 1223 736 de
1248 671 1456 735 Constantia

176 793 207 845 et
232 781 267 844 di
291 781 442 845 Bohemi
466 791 502 844 et
525 783 634 844 molte
659 784 749 845 altre
773 802 856 845 cose
882 785 948 845 che
973 783 1125 844 sarebbe
1150 782 1259 862 longo
1283 791 1318 843 et
1342 800 1455 861 pocco

175 887 376 952 necessario
400 909 422 950 a
447 897 622 970 repetere.

261 996 415 1059 Eranoci
450 996 608 1078 presenti
644 996 743 1058 molti
779 996 933 1078 principi
968 996 1097 1077 grandi
1133 994 1326 1058 Lutherani
1362 1005 1397 1057 et
1432 996 1454 1056 li

174 1102 362 1166 Secretarii
391 1105 448 1166 del
472 1104 575 1166 Duca
599 1103 760 1181 Saxone,
794 1104 852 1184 qui
879 1103 1110 1185 excipiebant
1135 1104 1260 1182 multa,
1295 1100 1456 1183 quamvis

174 1213 254 1273 dum
287 1210 394 1273 timeo
428 1230 472 1272 ne
503 1209 586 1273 mihi
620 1218 760 1291 tempus
793 1211 935 1274 deesset
969 1212 1014 1271 ad
1040 1210 1181 1273 modum
1206 1209 1312 1273 celeri
1338 1219 1457 1271 uterer

174 1317 335 1379 oratione
359 1326 395 1380 et
418 1314 480 1398 gia
503 1316 650 1379 intendo
676 1318 741 1380 che
765 1320 842 1380 loro
867 1317 1017 1380 diceano
1035 1319 1100 1380 che
1117 1317 1151 1380 io
1169 1327 1319 1379 toccava
1335 1316 1358 1379 il
1379 1318 1456 1378 loro

172 1424 333 1506 principe
357 1422 617 1503 odiosamente,
651 1425 746 1506 quod
771 1424 899 1488 falsum
925 1434 996 1505 est,
1028 1428 1055 1487 sl
1081 1444 1181 1487 come
1206 1443 1338 1487 ancora
1362 1444 1455 1486 men-

172 1531 263 1594 tirno
288 1552 309 1594 a
326 1530 475 1594 Colonia
494 1532 640 1612 quando
666 1534 779 1613 parlai
804 1534 858 1594 nel
885 1543 1071 1614 presentat
1095 1533 1152 1594 del
1171 1532 1288 1594 Breve
1304 1533 1337 1594 al
1354 1532 1456 1593 Duca

172 1640 338 1719 predetto
362 1637 588 1721 presentibus
603 1638 820 1720 Caracci010,
842 1639 1056 1722 Tergestino
1081 1650 1117 1700 et
1132 1639 1341 1701 Tridentino
1366 1637 1453 1721 epis·

171 1746 272 1826 copis
294 1765 361 1827 per
385 1752 511 1827 questo
535 1746 702 1808 chiamati
726 1747 772 1809 da
796 1766 852 1809 me
867 1766 968 1809 come
985 1766 1051 1827 per
1065 1746 1267 1810 testimonio
1285 1746 1320 1808 di
1337 1747 1455 1827 quello

171 1854 204 1914 io
225 1873 285 1914 era
300 1873 366 1934 per
383 1852 476 1924 dire:
503 1852 546 1915 ne
570 1853 616 1915 mi
641 1855 741 1916 valse
766 1874 869 1916 usare
895 1855 1009 1917 anche
1033 1856 1147 1916 allora
1172 1851 1257 1936 ogni
1280 1852 1458 1916 modestia

172 1962 238 2022 che
262 1959 388 2041 dopoi,
423 1959 658 2022 mandandoci
683 1963 716 2023 el
740 1961 842 2023 Duca
875 1963 911 2023 la
943 1961 1098 2041 risposta
1128 1959 1222 2023 disse
1254 1978 1319 2041 per
1348 1958 1454 2022 infor·

172 2066 327 2128 matione
352 2065 388 2127 di
413 2076 538 2147 questo
563 2068 756 2130 medesimo
780 2068 936 2147 ribaldo,
962 2067 1021 2149 qui
1045 2067 1121 2130 heri
1146 2067 1366 2148 excipiebat,
1389 2068 1456 2129 che

173 2173 231 2236 noi
259 2174 434 2236 haveamo
460 2174 558 2237 detto
583 2176 674 2237 male
699 2173 757 2236 del
781 2176 858 2237 loro
883 2174 1060 2257 Principe.
1108 2173 1169 2237 Ma
1193 2183 1317 2256 queste
1341 2174 1455 2237 bestie

172 2300 314 2362 semper
347 2278 422 2342 cosi
452 2280 678 2362 impudenter
706 2281 846 2363 fingunt
869 2302 935 2364 per
958 2284 1069 2347 havet
1093 2302 1200 2346 causa
1225 2281 1260 2344 di
1285 2283 1354 2344 mal
1379 2282 1455 2344 dire

172 2399 207 2449 et
241 2387 342 2450 iritar
375 2389 408 2451 el
441 2389 518 2450 loro
546 2387 724 2470 principe,
758 2409 859 2452 come
891 2410 1031 2475 sempre
1056 2390 1103 2453 lin
1128 2389 1187 2471 qui
1211 2392 1329 2453 hanno
1353 2388 1455 2468 fatto,

172 2495 326 2557 essendo
351 2494 374 2557 li
399 2495 477 2558 suoi
501 2495 581 2557 tutti
605 2495 890 2559 lutheranissimi.
939 2497 1015 2559 Ben
1041 2497 1121 2559 dico
1146 2499 1212 2560 che
1236 2518 1274 2560 se
1304 2497 1329 2559 il
1355 2497 1456 2559 Duce

171 2601 267 2664 fosse
291 2610 385 2664 stato
409 2614 594 2682 presente,
628 2602 662 2665 io
696 2623 763 2666 con
796 2604 880 2685 ogni
907 2604 1095 2684 modestia,
1129 2604 1217 2686 perd
1241 2625 1312 2668 non
1337 2615 1453 2667 tamen

173 2708 262 2771 citra
286 2709 472 2785 decorum,
505 2708 526 2769 l'
543 2710 660 2773 harrei
684 2730 731 2772 un
756 2712 948 2792 pocchetto
973 2732 1106 2789 morso,
1140 2710 1273 2793 perche
1298 2712 1454 2774 horamai

173 2836 242 2878 non
268 2816 296 2878 c’
320 2815 340 2878 e
363 2813 422 2897 pin
448 2834 622 2896 speranza
638 2816 674 2878 di
689 2819 839 2879 mutarlo
856 2838 923 2901 per
937 2820 1054 2881 buone
1075 2820 1199 2900 parole
1224 2828 1261 2882 et
1279 2831 1379 2881 tanto
1394 2818 1454 2901 piu

171 2922 193 2984 l’
209 2922 328 2986 harrei
351 2922 442 2985 fatto
457 2922 589 3004 perche
606 2923 738 2987 Caesar
754 2936 789 2987 et
803 2925 973 2989 Chievres
989 2925 1125 2989 dissero
1141 2927 1174 2988 al
1190 2924 1229 2987 Sr
1248 2926 1455 2989 Carrazzolo

172 3031 286 3111 primo
311 3040 348 3091 et
370 3028 430 3111 poi
454 3043 476 3092 a
499 3050 565 3110 me,
591 3040 626 3092 et
650 3030 723 3094 cosi
748 3035 781 3095 el
806 3032 1030 3113 Mogontino,
1059 3035 1125 3095 che
1150 3032 1184 3095 io
1208 3053 1279 3095 non
1303 3042 1455 3097 temesse

172 3157 236 3218 per
269 3137 390 3199 niente
419 3137 475 3199 dir
499 3147 608 3219 tutto,
640 3141 706 3202 che
732 3139 777 3202 mi
801 3159 913 3221 parea
936 3139 990 3202 far
1015 3162 1037 3203 a
1060 3139 1262 3222 proposit0,
1293 3142 1388 3221 quod
1420 3154 1456 3203 et

171 3243 239 3306 leci
264 3265 330 3326 per
354 3245 469 3308 Deum
491 3244 749 3326 imperterritus
757 3295 766 3327 ‚
796 3268 896 3309 come
920 3246 955 3310 io
980 3246 1076 3310 fusse
1100 3257 1193 3310 stato
1221 3268 1242 3309 a
1266 3250 1360 3311 lezer
1385 3269 1455 3312 una

173 3350 318 3415 lettione
343 3373 365 3413 a
389 3351 467 3414 XX
490 3351 660 3417 fanciulli.
685 3354 862 3417 ancorche
885 3355 920 3418 io
944 3356 1095 3417 vedesse
1119 3355 1153 3417 la
1177 3354 1275 3418 molti
1297 3356 1455 3437 Principi

175 3457 383 3538 Lutherani,
416 3458 441 3520 li
474 3458 570 3540 quali
602 3479 657 3523 me
687 3459 838 3524 faceano
870 3462 906 3523 di
938 3462 1049 3525 brutti
1080 3461 1145 3524 visi
1177 3472 1213 3524 et
1245 3481 1310 3543 per
1335 3462 1454 3523 avanti

173 3585 295 3647 spesso
331 3586 385 3627 me
417 3565 589 3628 habbiino
619 3565 710 3629 fatto
735 3567 943 3648 minaccinr,
978 3589 1035 3630 ma
1064 3582 1161 3630 certo
1186 3589 1256 3631 non
1281 3567 1384 3631 stimo
1410 3587 1454 3630 un

174 3675 256 3753 pelo
279 3673 387 3736 morir
411 3693 476 3754 per
500 3675 534 3735 la
558 3671 641 3735 fede
666 3684 701 3738 et
726 3695 790 3756 per
815 3675 838 3736 li
862 3676 943 3738 miei
962 3674 1114 3756 patroni.
1149 3675 1370 3738 Wormatiae
1388 3686 1454 3739 etc.

707 3852 816 3865 W*
822 3855 913 3865 ’ΜΝ-Μ

789 4086 832 4150 23

569 4191 748 4272 Alenndu
774 4135 908 4275 loonui
934 4193 1052 4275 Balio.

404 4317 457 4387 (lix
474 4319 585 4378 minute
603 4320 701 4393 origin
719 4321 748 4380 lu
766 4321 823 4381 oud.
842 4322 915 4381 suu.
934 4322 1025 4383 Vetto.
1044 4322 1111 4384 3913
1129 4324 1173 4385 iol
1193 4324 1229 4397 ³.)

681 4422 735 4488 (16.
755 4425 834 4479 Febr.
856 4430 943 4489 1521.)

279 4528 497 4592 Reverende
523 4540 557 4591 et
581 4530 785 4594 doctissime
809 4532 864 4596 vir
888 4536 997 4599 salve.
1036 4534 1162 4616 Neque
1186 4535 1272 4599 istas
1295 4557 1384 4618 quas
1408 4538 1453 4600 ad

176 4654 230 4696 me
261 4634 363 4698 binas
395 4635 535 4698 dedisse
567 4635 692 4700 scribis
724 4639 861 4703 litteras
892 4640 1033 4722 accepi,
1066 4642 1242 4704 tabellarii
1273 4645 1326 4723 (ut
1353 4644 1453 4725 puto)

176 4741 291 4825 culpa:
317 4762 433 4823 neque
457 4742 611 4806 vicissim
635 4764 705 4825 ego
730 4746 776 4808 ad
800 4746 851 4809 Te
875 4750 965 4811 ullas
990 4748 1072 4811 dedi
1096 4749 1273 4813 tabellarii
1298 4749 1451 4814 defectu.

177 4847 323 4912 Potuisti
341 4860 459 4912 tamen
478 4849 612 4931 aliquid
637 4851 682 4914 de
707 4851 810 4916 nobis
830 4854 933 4935 scire,
948 4858 1005 4919 vel
1025 4857 1172 4938 vulgata
1186 4857 1342 4920 incendii
1357 4857 1453 4921 fama
