3559 5734
839 532 1069 588 0-{560ffl

312 678 348 740 id
373 679 467 760 quod
493 679 655 759 superius
680 679 725 741 de
750 679 892 741 Martini
918 678 1017 741 libris
1042 678 1181 756 audisti,
1206 678 1337 741 factum
1363 689 1427 755 est,
1454 698 1522 739 non
1546 677 1593 740 fa·

312 785 379 849 cile
404 786 545 867 quidem
571 786 699 849 alicubi
723 797 872 868 propter
892 786 1129 868 importunam
1144 788 1410 850 lutheranorum
1426 786 1507 865 uim,
1531 788 1594 847 sed

312 891 370 973 pie
393 901 512 955 tamen
537 894 668 976 ubique
692 904 728 957 et
752 906 884 972 sancte,
907 915 977 957 non
1004 895 1049 957 ad
1075 894 1193 957 odium
1219 905 1253 956 et
1270 893 1474 972 vindictam,
1499 892 1595 974 quod

314 1000 506 1063 Lutherani
531 1000 676 1080 faciunt,
702 1002 764 1064 sed
790 1001 851 1083 (ita
875 1022 931 1064 me
954 1002 1053 1063 iuvet
1077 998 1189 1086 Deus)
1213 1003 1259 1063 ad
1283 1000 1367 1064 fidei
1391 1010 1535 1063 nostrae
1560 1010 1596 1062 et

312 1107 454 1187 pietatis
479 1107 735 1186 defensionem,
760 1108 921 1189 quamvis
945 1107 1122 1170 lutherani
1146 1109 1238 1170 hanc
1263 1117 1415 1170 mentem
1438 1117 1594 1169 nostram

312 1215 402 1276 male
427 1214 703 1295 interpretantes
728 1216 852 1278 dolore
876 1217 1030 1296 quodam
1055 1215 1158 1277 huius
1174 1214 1226 1277 rei
1242 1214 1506 1295 disrumpantur
1522 1212 1594 1294 (qui

311 1320 443 1384 utinam
477 1324 622 1385 tandem
650 1322 861 1403 resipiscant
893 1334 928 1384 et
953 1323 987 1384 In
1012 1320 1192 1404 antiquam
1216 1332 1422 1402 rectamque
1446 1323 1596 1384 redeant

312 1429 426 1509 viam).
465 1428 567 1490 Nunc
592 1438 629 1490 ut
655 1450 784 1491 novum
810 1431 1014 1493 mandatum
1030 1428 1192 1492 Caesaris
1217 1429 1364 1491 consilio
1389 1438 1425 1491 et
1449 1448 1595 1491 assensu

311 1535 511 1617 principum
530 1536 693 1617 prodeat,
716 1548 938 1618 procuratur.
980 1536 1084 1617 Quod
1106 1556 1192 1600 vero
1211 1557 1296 1599 mox
1316 1536 1472 1599 futurum
1494 1535 1539 1598 sit
1560 1546 1597 1597 et

312 1662 415 1723 quem
432 1641 477 1704 sit
492 1664 549 1705 res
573 1643 652 1724 ipsa
676 1643 809 1706 exitum
834 1644 1008 1723 habitura,
1034 1664 1236 1706 successum
1252 1655 1441 1724 praeterea
1458 1642 1596 1705 consilii

311 1760 347 1811 et
363 1770 495 1832 operae
511 1771 611 1813 meae
636 1750 722 1813 nulli
746 1771 862 1833 neque
887 1751 1009 1834 obligo
1034 1772 1149 1833 neque
1173 1751 1360 1832 pollice0r;
1386 1759 1511 1832 utpote
1535 1750 1595 1831 qui

312 1855 414 1919 nobis
431 1858 573 1938 quidem
591 1869 734 1919 strenue
750 1859 995 1937 laborandum,
1015 1862 1146 1921 bonum
1162 1869 1281 1921 autem
1296 1867 1464 1922 eventum
1479 1879 1500 1920 a
1515 1859 1594 1920 Deo

311 1985 474 2026 censeam
507 1965 761 2046 expetendum
797 1966 856 2046 qui
889 1966 918 2029 si
950 1986 1020 2028 non
1053 1985 1310 2048 usquequaque
1342 1977 1402 2029 aut
1427 1976 1594 2028 nontam

312 2071 382 2134 cito
406 2071 558 2135 fortasse
583 2081 621 2134 ut
645 2092 829 2153 speramus
854 2082 890 2135 et
914 2083 1077 2154 optamus
1101 2072 1252 2152 eveniat,
1278 2072 1364 2136 illud
1389 2092 1444 2134 me
1469 2073 1594 2134 saltem

311 2180 483 2241 solabitur
516 2180 612 2260 quod
644 2197 823 2260 cognosco
857 2200 912 2242 me
944 2179 1084 2242 sincero
1117 2181 1233 2242 animo
1266 2188 1301 2241 et
1332 2181 1410 2242 solo
1435 2177 1534 2260 pacis
1559 2186 1595 2241 et

311 2286 574 2366 tranquillitatis
607 2286 785 2349 desiderio
816 2288 907 2349 hanc
932 2285 985 2371 (ut
1008 2286 1086 2370 ipse
1111 2288 1243 2367 optime
1268 2287 1373 2367 nosti)
1398 2307 1468 2349 non
1493 2306 1515 2349 a
1537 2306 1594 2349 me

310 2393 492 2474 quesitam,
518 2396 581 2456 sed
605 2394 688 2456 mihi
713 2415 734 2456 a
758 2414 844 2456 vero
869 2393 967 2456 Petri
991 2413 1198 2457 successore
1222 2405 1257 2456 et
1276 2392 1406 2457 Christi
1430 2393 1465 2457 in
1490 2393 1595 2455 terris

310 2499 454 2580 vicarie,
479 2504 635 2563 oblatam
660 2512 695 2564 et
719 2501 911 2563 iniunctam
932 2500 1164 2583 provinciam,
1189 2510 1227 2562 ut
1244 2502 1347 2563 decet
1362 2501 1593 2563 christianum

310 2607 487 2670 hominem
519 2619 555 2669 et
581 2607 722 2671 fidelem
747 2628 887 2670 servum
915 2629 984 2671 non
1008 2607 1158 2671 invitum
1182 2609 1382 2691 suscepisse
1407 2619 1442 2672 et
1465 2607 1593 2670 fidelis-

310 2714 396 2777 sime
421 2714 762 2796 diligentissimeque
786 2725 972 2794 tractasse,
998 2717 1092 2796 quod
1117 2715 1280 2797 profecto
1304 2727 1342 2778 ut
1367 2716 1473 2779 etiam
1498 2715 1542 2777 de
1557 2725 1594 2776 te

311 2822 436 2885 sentio.
471 2822 526 2884 Ita
550 2842 656 2903 spero
681 2832 716 2884 et
740 2841 806 2903 pro
831 2832 1014 2904 comperto
1036 2824 1153 2886 habeo
1171 2824 1268 2886 Petri
1285 2824 1483 2886 naviculam
1501 2842 1594 2902 quae

311 2928 543 2991 Photinianas
567 2939 694 3010 syrteS,
720 2949 811 3010 quae
836 2930 1015 3011 carybdes
1039 2929 1271 3008 nestorianas,
1296 2951 1388 3011 quae
1409 2929 1594 2991 arrhianas

310 3037 580 3118 symplegadaS,
617 3055 708 3117 quae
744 3037 897 3118 denique
934 3037 1086 3099 omniurn
1122 3037 1381 3100 haereticorum
1415 3038 1594 3118 procellas

310 3146 482 3205 hactenus
513 3143 614 3223 vicit,
648 3143 752 3206 facile
784 3153 820 3207 et
849 3144 937 3207 istos
967 3145 1174 3207 lutheranos
1196 3143 1323 3206 fluctus
1347 3151 1594 3225 superaturam

311 3261 346 3311 et
372 3251 563 3313 lutherum
595 3249 709 3331 ipsum
742 3260 778 3313 et
809 3258 984 3332 quotquot
1009 3252 1164 3314 Luthero
1188 3250 1312 3313 favent
1337 3261 1372 3313 et
1396 3252 1594 3312 adhaerent

311 3359 404 3420 haud
429 3357 479 3420 ita
502 3358 612 3420 multo
637 3366 719 3438 post
743 3357 885 3420 meritas
910 3359 1056 3420 daturos
1080 3377 1225 3439 poenas,

418 3464 528 3543 Vale,
561 3463 607 3527 mi
631 3464 732 3544 Ecci,
757 3476 792 3527 et
816 3483 881 3545 per
904 3464 1093 3527 amicitiam
1119 3476 1275 3527 nostram
1300 3466 1364 3527 has
1387 3464 1524 3527 litteras
1550 3484 1594 3527 ne

312 3573 475 3652 divulges
500 3572 563 3634 sed
586 3570 651 3633 tibi
675 3571 735 3633 uni
760 3581 795 3633 et
818 3572 942 3653 paucis
967 3572 1054 3651 aliis,
1079 3591 1168 3652 quos
1192 3573 1306 3634 bonos
1323 3571 1475 3650 noveris,
1500 3592 1591 3633 com·

312 3699 434 3741 munes
458 3678 570 3740 facias
594 3690 712 3760 atque,
736 3677 765 3742 si
790 3678 873 3741 mihi
899 3699 971 3740 rem
997 3678 1232 3760 gratissimam
1258 3679 1377 3741 facere
1394 3678 1505 3760 cupis,
1532 3694 1593 3740 eas

312 3805 456 3867 prorsus
498 3784 709 3867 supprimas.
774 3784 818 3847 ui
853 3784 965 3848 facias
1001 3806 1070 3849 non
1108 3795 1143 3848 te
1179 3788 1310 3848 bonum
1346 3786 1495 3847 amicum
1531 3805 1592 3866 pu·
1652 3858 1654 3861 Ι

311 3905 391 3957 tem.
430 3893 558 3955 Iterum
583 3894 663 3955 vale
680 3892 765 3955 Ecci
789 3892 923 3974 (velint,
948 3893 1060 3955 nolint
1084 3893 1280 3956 adversarii
1302 3890 1366 3975 tui)
1387 3892 1593 3973 ingeniosis-

311 4001 397 4063 sime
421 4010 457 4062 et
481 3999 693 4064 doctissime.
745 4000 998 4081 Berbetomagi
1023 3999 1251 4081 Vangionum
1276 3998 1367 4061 XIII
1393 4000 1475 4061 Kal.
1501 3998 1591 4061 Mar·

312 4108 378 4170 tias
402 4105 584 4172 llIDXXI.
