3559 5734
777 570 927 626 &3567
966 569 1023 625 &0

262 717 592 799 quomodocumque
624 716 843 799 accipiantur
867 720 979 780 verba
1006 737 1103 797 mea,
1135 714 1219 778 mihi
1251 715 1338 779 satis
1370 735 1449 777 esse
1480 734 1541 796 pu-

261 825 347 887 tabo
382 823 478 906 quod
509 833 605 886 recte
635 824 783 886 sentiam
819 824 865 886 de
897 824 940 887 V.
969 824 1031 886 But
1058 823 1222 905 illiusque
1250 824 1359 886 reum·
1392 820 1541 884 dominis

263 930 522 1013 Cardinalibus,
546 950 613 1013 pro
637 951 707 1012 qua
731 939 767 994 et
791 930 877 1011 ipsis
903 930 997 993 omni
1021 941 1182 1011 tempore
1205 950 1277 993 non
1302 931 1450 993 cessabo
1468 927 1540 991 ubi·

262 1058 412 1120 cumque
441 1038 543 1101 fuero
572 1037 681 1100 officii
713 1037 782 1100 mei
816 1037 975 1100 debitum
1007 1037 1232 1120 impendere,
1268 1056 1357 1121 quos
1388 1035 1540 1098 maxime

261 1154 447 1207 curaturus
471 1166 546 1207 sum
571 1145 666 1226 apud
690 1157 810 1207 ser¹¹¹¹¹m
834 1144 1032 1228 principem
1056 1146 1102 1207 ad
1127 1164 1231 1226 quem
1255 1142 1357 1206 brevi
1381 1163 1436 1205 me
1460 1162 1541 1224 pro·

264 1251 372 1314 ficisci
408 1258 550 1335 oportet
588 1251 715 1315 litteris
748 1262 786 1314 ut
820 1251 1067 1333 frequentibus
1091 1252 1141 1315 ita
1173 1249 1444 1314 vehementibus
1476 1268 1539 1312 sue

264 1358 466 1422 serenitatis
481 1359 736 1442 interpellatus.
755 1407 763 1424 .
781 1414 786 1423 .
827 1359 882 1421 Ex
898 1359 1069 1422 Tridento
1085 1358 1143 1421 die
1159 1357 1208 1420 X.
1224 1357 1314 1421 Nov.
1338 1354 1540 1419 MDXXV.

795 1519 805 1530 t
810 1521 829 1530 m
836 1519 960 1531 emarxuxxVA
965 1520 997 1530 Λή,

862 1699 939 1765 265.

704 1825 876 1906 liuterius
905 1824 1076 1906 smum.

661 1971 804 2040 (varior.
833 1971 878 2030 ad
905 1972 1001 2030 tlon.
1024 1971 1062 2029 11.
1087 1971 1138 2040 u.)

726 2092 778 2148 (16.
798 2094 957 2141 Novembris
980 2103 1008 2154 15
1032 2091 1067 2158 5.)

350 2215 488 2279 Scrisse
512 2215 573 2297 gia
597 2216 659 2298 piir
682 2216 799 2298 giorni
824 2239 845 2280 a
868 2218 913 2280 V.
938 2217 974 2280 S.
999 2218 1075 2280 R¹¹¹⁸
1099 2218 1143 2279 de
1168 2224 1300 2298 quanto
1324 2222 1494 2297 pertenea
1517 2233 1539 2275 a

262 2324 296 2384 la
320 2323 440 2385 futura
470 2323 567 2385 dieta
595 2322 776 2406 imperial,
807 2325 849 2386 nc
880 2325 993 2406 perho
1024 2322 1137 2386 finora
1166 2323 1186 2387 ὲ
1218 2323 1370 2385 alchuna
1401 2332 1539 2384 certeza

260 2430 325 2492 che
349 2430 373 2492 li
397 2429 552 2493 habiano
577 2451 598 2491 a
622 2430 723 2493 venir
746 2430 904 2513 Principi
921 2430 1075 2494 Electori
1089 2430 1387 2512 personalmente,
1404 2428 1539 2490 anchor

260 2538 326 2598 che
351 2536 492 2600 alchuni
516 2537 561 2599 de
586 2538 681 2599 lorro
704 2537 812 2600 habia
835 2537 895 2619 gii
918 2538 979 2619 piu
1010 2537 1126 2620 giomi
1151 2537 1326 2600 conducto
1351 2534 1538 2598 iuramenti

259 2643 408 2707 voriano
433 2643 621 2706 volentieri
652 2644 717 2705 che
748 2645 782 2705 la
806 2643 904 2707 fusse
928 2646 962 2707 in
986 2665 1057 2707 una
1081 2647 1172 2707 altra
1196 2655 1293 2707 terra
1316 2642 1536 2716 transferita;

258 2770 325 2832 pur
349 2772 370 2813 a
393 2751 428 2813 la
451 2750 521 2813 fine
546 2770 616 2813 non
648 2771 838 2813 mancaran
872 2751 917 2814 de
950 2753 1098 2815 mandar
1128 2751 1152 2814 li
1183 2750 1332 2831 oratori,
1365 2750 1422 2813 nel
1455 2749 1537 2831 qual

259 2876 342 2919 caso
367 2878 437 2920 non
461 2856 491 2921 si
514 2859 576 2939 pol
601 2868 772 2939 expectar
795 2860 885 2921 altro
911 2860 977 2923 che
1000 2859 1154 2922 habiano
1179 2879 1201 2922 a
1228 2866 1361 2921 tracter
1392 2866 1428 2919 et
1457 2876 1536 2919 con·

258 2965 381 3027 cludet
404 2964 561 3028 secundo
586 2966 620 3027 la
643 2965 799 3047 maligna
823 2965 972 3028 volunta
996 2968 1040 3028 de
1065 2967 1099 3029 le
1122 2976 1216 3028 terre
1240 2964 1402 3045 franche,
1438 2970 1537 3025 etse

151 3081 155 3090 '
259 3070 368 3134 Cesar
391 3092 458 3134 con
483 3072 516 3134 el
539 3071 641 3135 venir
664 3071 699 3134 in
723 3071 917 3135 Germania
941 3093 1011 3136 non
1037 3073 1061 3135 li
1077 3072 1244 3153 remedia,
1270 3093 1308 3136 se
1332 3073 1392 3152 pol
1408 3088 1535 3150 expec-

260 3191 316 3241 tar
339 3199 409 3242 una
433 3178 571 3261 magior
595 3180 697 3242 ruina
721 3181 765 3241 de
790 3181 909 3262 quella
932 3179 980 3242 fin
1004 3182 1093 3242 hora
1117 3181 1135 3242 ὸ
1159 3189 1214 3242 sta
1238 3178 1402 3242 iudicatu.

347 3286 389 3348 Li
412 3285 705 3368 Norimbergensi
728 3288 822 3349 hano
847 3288 942 3350 facto
967 3308 1037 3350 uno
1062 3287 1179 3352 edicto
1200 3289 1244 3349 de
1261 3287 1396 3349 directo
1413 3293 1536 3346 contra

257 3393 435 3475 imperial,
468 3392 546 3456 cioe
579 3396 644 3456 che
673 3394 781 3457 niuno
805 3394 961 3478 presumi
986 3397 1030 3457 de
1054 3395 1189 3458 vender
1213 3393 1292 3456 libri
1316 3391 1411 3474 quali
1434 3390 1534 3454 siano

257 3509 381 3562 contra
405 3500 449 3562 de
473 3500 616 3565 Luther.

345 3605 390 3669 El
404 3607 569 3690 Principe
585 3607 726 3689 partiva
738 3607 782 3670 de
793 3608 853 3690 qui
868 3628 933 3690 per
951 3610 1113 3689 Augusta
1128 3626 1274 3689 apresso
1287 3605 1426 3669 dimane
1442 3614 1478 3668 et
1489 3606 1535 3668 de

257 3715 282 3776 li
305 3717 461 3778 secondo
485 3716 700 3778 succederan
725 3717 758 3778 le
783 3735 882 3778 cosse
907 3736 951 3778 ne
976 3714 1062 3778 dari
1086 3715 1185 3778 aviso
1209 3735 1231 3776 a
1254 3710 1337 3778 V.S.
1362 3712 1448 3776 ΚΜ.

345 3821 533 3905 Tubingae
557 3821 615 3884 die
639 3820 740 3887 XVI.
765 3821 977 3886 Novembris
1007 3843 1099 3902 1525·

470 4338 765 4440 Archiepisoopus
792 4231 1000 4441 Mogiriiiae
1028 4338 1200 4419 Clementi
1228 4339 1305 4419 VH„

667 4467 766 4543 (rpus
783 4468 870 4543 pma
888 4468 940 4527 111.
958 4468 1024 4541 rm
1043 4465 1114 4540 au.)

771 4573 822 4633 (12.
842 4573 910 4620 Dec.
933 4568 1019 4637 1525.)

346 4685 421 4748 Etsi
445 4684 532 4748 nihil
556 4685 601 4748 sit
624 4688 718 4768 quod
744 4687 867 4750 timere
893 4687 1024 4749 debeat
1054 4707 1153 4750 mens
1177 4685 1244 4750 sibi
1268 4686 1411 4750 conscia
1434 4688 1532 4768 recti,

257 4793 446 4856 admodum
477 4805 595 4856 tamen
626 4794 693 4857 be⁵⁸
715 4805 766 4855 v⁸⁰
795 4793 912 4856 littere
937 4793 1099 4875 proxime
1132 4794 1169 4856 in
1204 4794 1319 4857 forma
1342 4793 1462 4858 brevis
1486 4797 1533 4859 ad

257 4921 312 4964 me
341 4903 423 4963 date
447 4921 502 4963 me
526 4902 708 4964 consolate
732 4911 823 4981 sunt,
848 4921 927 4965 cum
950 4900 1046 4982 quod
1070 4921 1116 4963 ex
1140 4900 1274 4964 eisdem
1296 4900 1533 4965 intellexerim
