3559 5734
1392 561 1886 620 0-43361&

358 705 428 768 lo
475 707 707 771 honor
736 728 864 771 suo
910 710 1143 772 havea
1175 711 1508 773 mandato
1541 730 1674 791 per
1704 709 2070 792 gratificat
2110 730 2153 773 a
2182 713 2249 775 la
2283 710 2561 772 Maesta
2591 708 2917 783 Cesarea,

360 822 431 874 et
480 834 610 875 sua
657 815 964 879 serenita
1010 820 1202 880 resto
1251 828 1479 881 morto
1528 818 1834 881 maxime
1883 818 1972 880 de
2022 818 2091 879 la
2141 819 2402 880 sorella
2456 825 2527 880 et
2573 838 2681 879 me
2733 819 2917 879 diez-e

359 922 614 983 alcune
663 924 1017 1005 suspicion
1069 927 1299 989 havea
1345 927 1612 988 havuto
1662 926 1732 989 di
1780 926 1873 988 lei
1922 925 2203 1008 quando
2251 925 2325 988 fu
2365 925 2437 987 in
2469 924 2921 1003 Norinbcrgo

361 1036 434 1090 et
494 1049 606 1091 me
673 1032 1036 1111 rengratio
1102 1032 1223 1113 piis
1286 1035 1479 1095 volte
1545 1034 1709 1114 quel
1770 1032 2073 1095 havesse
2140 1031 2331 1095 facto
2397 1032 2741 1095 intender.
2845 1031 2921 1091 El

362 1135 619 1216 giorno
669 1150 1010 1219 sequente
1056 1160 1240 1202 vene
1290 1160 1332 1201 a
1380 1161 1546 1203 casa
1596 1141 1713 1203 del
1738 1139 1931 1202 Rmo
1966 1140 2240 1221 Legato
2290 1149 2361 1202 et
2408 1141 2499 1201 da
2547 1159 2624 1201 se
2673 1139 2717 1199 li
2765 1139 2921 1199 fece.

360 1241 694 1307 intendet
750 1247 880 1308 che
929 1247 1139 1308 volea
1201 1248 1290 1309 de
1339 1268 1497 1310 man
1562 1267 1689 1309 sua
1738 1246 2056 1309 scriverli
2120 1267 2196 1309 se
2243 1267 2383 1308 non
2432 1256 2717 1308 mutava
2765 1267 2919 1327 pro-

363 1350 600 1431 posito
667 1355 801 1416 che
848 1374 986 1416 non
1039 1376 1161 1417 era
1226 1375 1357 1437 per
1403 1356 1697 1417 haverla
1759 1375 1890 1436 per
1938 1355 2235 1434 sorella,
2299 1354 2384 1417 ne
2432 1356 2642 1416 volea
2693 1340 2825 1415 mai
2877 1355 2921 1415 ii

362 1457 650 1522 venisse
711 1461 1031 1541 davanti‚
1098 1471 1168 1524 et
1216 1462 1634 1524 similrnente
1682 1464 1891 1524 volea
1939 1461 2208 1524 scriver
2258 1482 2296 1523 a
2341 1463 2411 1523 la
2459 1461 2925 1523 Serenissima

367 1564 698 1630 Madama
730 1566 1143 1649 Margareta
1190 1570 1320 1632 che
1370 1569 1418 1631 li
1465 1569 1743 1632 facesse
1795 1589 2191 1651 cognoscet
2237 1570 2306 1631 lo
2357 1589 2553 1631 error
2587 1589 2733 1631 suo.
2813 1567 2925 1631 Ha

365 1669 560 1733 facto
609 1677 961 1754 prendere
1011 1675 1270 1738 diversi
1321 1676 1391 1737 in
1442 1686 1691 1757 questa
1739 1685 1960 1755 terra,
2010 1675 2242 1738 alcuni
2293 1696 2421 1758 per
2465 1677 2685 1739 haver
2733 1675 2925 1735 facts]

364 1779 767 1859 profession
818 1783 908 1844 de
959 1802 1153 1845 esser
1200 1783 1572 1861 lutherani,
1624 1783 1784 1846 altri
1831 1803 1960 1865 per
2006 1784 2227 1846 haver
2271 1785 2585 1845 venduto
2634 1783 2793 1845 libri
2837 1783 2925 1843 de

368 1886 681 1949 Luthero
744 1898 815 1950 et
863 1909 1074 1970 spero
1136 1890 1244 1951 fra
1308 1893 1543 1972 pocho
1592 1903 1832 1971 tempo
1895 1894 1966 1954 la
2011 1891 2289 1952 haeresi
2338 1892 2709 1952 lutherana
2769 1891 2921 1951 sara

367 1991 684 2057 funditus
746 1996 1103 2077 extirpata
1161 2000 1275 2060 nel
1325 1997 1749 2080 patrimonio
1814 2017 1941 2060 suo
2005 1997 2362 2060 mediante
2429 1999 2498 2060 la
2545 1999 2773 2080 gratia
2837 1999 2925 2059 de

367 2099 507 2163 Dio
557 2112 628 2162 et
677 2103 743 2163 la
792 2123 1013 2184 opera
1061 2115 1131 2165 et
1178 2105 1558 2186 prudentia
1606 2106 1718 2167 del
1771 2105 1961 2167 Rmo
2011 2105 2306 2186 LegatO.
2361 2153 2421 2170 ..
2456 2152 2470 2167 .
2508 2154 2522 2169 .

549 2224 871 2291 Viennae
922 2229 1036 2292 die
1086 2230 1330 2292 ultima
1378 2229 1544 2307 Julii
1592 2229 2029 2293 MDXXIV.

1445 2426 1735 2440 Μυκη-κω
1739 2428 1758 2438 -·-
1777 2427 1797 2438 s
1805 2428 1859 2440 ΛΑ

1587 2641 1731 2708 164.

814 2754 1007 2837 card.
1067 2757 1490 2860 Campegius
1547 2757 2088 2858 Archiepisoopo
2145 2756 2496 2858 capuano,

1150 2905 1435 2976 (Nuntiat.
1475 2906 1726 2965 German.
1764 2904 1913 2963 2111.
1950 2904 2040 2963 fol.
2081 2906 2152 2975 8.)

1356 3022 1463 3094 (12.
1502 3026 1737 3088 Augusti
1782 3026 1954 3092 1524.)

553 3163 767 3246 Dopo
830 3165 936 3228 ch'
969 3166 1036 3228 io
1087 3188 1260 3230 sono
1309 3167 1378 3231 in
1447 3177 1699 3249 questa
1748 3167 2148 3249 legatione,
2221 3166 2290 3230 io
2341 3188 2480 3230 non
2531 3170 2624 3230 ho
2673 3167 2929 3251 giamaz

376 3281 750 3353 expettato
817 3293 951 3335 con
1017 3283 1215 3336 tanto
1275 3273 1630 3337 desiderio
1696 3274 2006 3355 risposta
2073 3276 2163 3335 ad
2212 3276 2464 3337 alcune
2533 3278 2621 3337 de
2689 3279 2753 3335 Ie
2805 3275 2933 3335 mie

378 3380 634 3442 lettere
684 3361 961 3461 quanto*
997 3382 1174 3444 hora
1222 3403 1264 3445 a
1310 3383 1378 3444 le
1427 3383 1517 3445 de
1557 3381 1696 3444 VII
1744 3382 1817 3444 di
1867 3381 2121 3462 Luglio
2172 3402 2301 3444 con
2350 3383 2418 3444 le
2466 3381 2657 3463 quali
2705 3383 2937 3443 scr-issi

380 3487 471 3548 de
533 3487 604 3549 la
670 3488 1122 3551 conclusione
1186 3491 1304 3552 del
1368 3499 1722 3552 convento
1790 3489 1858 3550 di
1908 3488 2348 3570 Ratispona‚
2410 3490 2479 3551 la
2542 3491 2749 3570 quale
2801 3511 2937 3551 non

379 3594 687 3657 essendo
736 3592 879 3657 fino
929 3616 970 3657 a
1019 3607 1270 3678 questa
1316 3598 1492 3659 hora
1541 3595 1853 3677 capitata
1907 3595 1982 3657 fa
2030 3596 2188 3657 chio
2239 3616 2381 3658 non
2428 3615 2643 3676 posso
2693 3615 2941 3675 pass-ar

381 3720 594 3763 senza
641 3701 1059 3783 dispiacere‚
1110 3713 1181 3766 et
1228 3704 1335 3766 ch'
1372 3704 1441 3767 io
1477 3724 1616 3766 non
1650 3704 1743 3766 mi
1776 3702 1914 3766 stia
1943 3711 2126 3765 tutto
2161 3723 2477 3783 suspeso,
2527 3703 2937 3783 parendomi

380 3828 518 3890 pur
565 3809 969 3872 necessario
1021 3812 1149 3873 che
1199 3811 1271 3873 di
1320 3812 1555 3892 quelle
1604 3831 1770 3873 cose
1820 3812 1865 3872 li
1916 3809 2244 3872 ordinate
2291 3810 2359 3871 io
2407 3830 2498 3872 ne
2546 3811 2825 3872 hai-essi
2877 3811 2941 3871 la

382 3928 620 3979 mente
688 3917 760 3979 di
806 3916 891 3982 N.
943 3917 1011 3980 S.
1082 3940 1159 3981 se
1206 3918 1400 3981 forse
1467 3917 1577 3981 cio
1627 3938 1766 3979 non
1817 3918 2012 3980 fusse
2081 3918 2211 3979 che
2259 3916 2327 3979 in
2381 3917 2677 3997 qualche
2741 3931 2941 3999 pat-te

384 4044 524 4086 non
588 4024 967 4087 havessino
1017 4025 1380 4088 satisfacto
1445 4025 1679 4106 quelle
1742 4022 2038 4104 actioni,
2111 4024 2218 4085 ch'
2247 4024 2315 4086 io
2377 4043 2516 4085 non
2569 4023 2761 4085 vot-ei
2829 4023 2941 4103 ¹qia

383 4150 513 4212 per
564 4130 735 4212 ogni
783 4151 962 4213 gran
1012 4152 1212 4204 cosa;
1287 4142 1358 4194 et
1406 4134 1691 4212 quando
1739 4151 1874 4212 pur
1923 4131 2061 4209 sia,
2114 4150 2326 4214 spero
2375 4129 2777 4193 facilmenm²
2829 4135 2941 4191 ha-

382 4258 605 4300 verne
651 4238 863 4301 venia
927 4239 1019 4301 da
1068 4237 1214 4301 Sua
1261 4239 1733 4318 beatitudine,
1807 4239 1876 4300 la
1923 4240 2087 4319 qual
2137 4258 2337 4301 come
2400 4238 2945 4318 prudentiffisiffla

383 4345 651 4409 havera
701 4346 1149 4409 considerato
1200 4368 1242 4409 a
1291 4349 1422 4409 che
1473 4355 1730 4429 ternp0,
1783 4366 1914 4408 con
1966 4346 2078 4408 cui
2127 4353 2198 4409 et
2245 4345 2317 4407 in
2348 4346 2478 4407 che
2512 4347 2801 4407 materia
2853 4347 2941 4403 im

384 4456 652 4516 havuto
703 4474 743 4515 a
790 4454 1175 4534 negociare
1234 4464 1304 4516 et
1353 4455 1484 4516 che
1531 4463 1714 4516 tutto
1764 4455 1858 4515 da
1906 4474 2015 4515 me
2067 4454 2101 4515 ὲ
2153 4461 2337 4514 stato
2385 4452 2565 4513 fatto
2615 4472 2745 4512 con
2797 4451 2937 4511 dili-

388 4560 635 4642 gentia
683 4570 754 4622 et
801 4580 932 4623 con
983 4560 1216 4623 animo
1265 4560 1336 4622 di
1383 4563 1524 4623 ben
1572 4559 1759 4633 fare-3
1811 4571 1882 4621 et
1929 4580 2004 4621 se
2039 4558 2126 4621 V.
2177 4556 2279 4621 5ἰιι
2320 4558 2513 4621 fusse
2562 4566 2745 4620 stata
2797 4579 2941 4635 pre-

389 4675 592 4731 sente
659 4668 799 4730 alle
850 4667 1181 4730 dimande
1249 4671 1379 4730 che
1426 4669 1519 4730 mi
1588 4687 1806 4730 erano
1852 4667 2029 4729 fatte
2098 4675 2169 4728 et
2217 4666 2324 4728 ch'
2350 4666 2419 4730 io
2469 4667 2749 4727 dovessi
2813 4675 2945 4723 sta-

387 4775 575 4838 tuire
639 4784 710 4838 et
758 4795 891 4838 con
943 4775 1185 4856 quanti
1250 4785 1322 4838 et
1369 4774 1633 4837 diversi
1680 4794 1895 4855 sopra
1944 4773 2224 4836 diverse
2270 4772 2562 4835 materie
2621 4771 2713 4835 mi
2765 4771 2801 4831 *2*
2853 4771 2945 4831 hi-

391 4890 698 4965 sognato
761 4881 916 4947 fare
982 4902 1146 4946 cose
1215 4882 1495 4946 diverse
1562 4891 1633 4945 et
1695 4880 2258 4945 transformarmi
2321 4880 2393 4942 in
2457 4879 2655 4941 varie
2721 4879 2945 4959 figure
