3559 5734
1719 542 2020 599 0-{3422
2099 541 2214 595 C><>

690 688 901 749 modo
952 689 1143 750 salus
1193 687 1559 769 inferatur,
1587 689 1738 752 sive
1772 710 1904 771 per
1934 689 2097 768 vim,
2133 688 2282 751 sive
2317 709 2447 770 per
2477 692 2936 769 voluntatem,
2985 699 3230 753 utrum-

694 815 826 875 que
876 804 949 857 et
996 807 1104 859 est
1153 806 1225 858 et
1272 797 1678 877 appellatur
1725 796 2073 859 CharitaS.

869 903 951 984 (¹)
1003 903 1137 984 (Ac
1187 903 1647 984 intelligimus
1696 923 1826 965 nos
1876 901 2157 985 quidem
2206 903 2299 964 ad
2346 903 2528 964 hanc
2578 923 2727 964 rem
2761 903 3240 984 peragendam

690 1029 949 1091 ¹magna
1012 1013 1141 1071 abs
1198 1019 1269 1072 te
1327 1009 1594 1072 auxilia
1656 1009 1887 1072 eidem
1954 1009 2126 1073 Car¹¹
2193 1009 2411 1071 fuisse
2464 1011 2724 1072 oblata.
2821 1010 2979 1090 Quo
3052 1019 3240 1071 certe

694 1114 945 1179 nuncio
994 1116 1372 1197 plurimum
1419 1115 1664 1180 laetati
1714 1137 1973 1197 sumuS,
2021 1116 2566 1198 recognovimus
2616 1116 2800 1179 enim
2847 1116 2918 1179 in
2952 1119 3083 1179 hac
3133 1116 3242 1179 de·

694 1223 1084 1287 claratione
1131 1234 1296 1287 tuae
1344 1223 1752 1302 voluntatiS,
1804 1243 2080 1286 omnem
2129 1223 2320 1285 illam
2372 1223 2739 1301 virtutem,
2803 1243 3009 1306 quam
3059 1222 3128 1284 in
3177 1232 3243 1285 te

694 1351 973 1413 semper
1019 1330 1483 1394 iudicavimus
1532 1330 1931 1408 maximam,
1981 1330 2363 1393 excitatam
2412 1330 2628 1392 fuisse
2677 1350 2917 1393 amore
2968 1329 3247 1392 divinae

690 1436 1079 1519 reiigioniS,
1131 1446 1202 1500 et
1250 1436 1628 1517 singularis
1677 1447 1840 1500 tuae
1888 1438 1958 1500 in
2009 1436 2311 1519 patriam
2361 1436 2665 1519 pietatis,
2715 1437 2825 1499 cui
2860 1436 3071 1499 etiam
3118 1436 3245 1499 fra·

690 1555 894 1607 terna
940 1544 1125 1606 inter
1173 1564 1301 1607 vos
1348 1543 1801 1607 necessitudo
1848 1544 2240 1607 fomentum
2288 1541 2694 1628 praestitit).
2789 1543 2934 1606 Sed
2968 1556 3043 1605 ut
3076 1545 3247 1605 haec

694 1651 968 1731 meliuS,
1029 1652 1429 1733 certiusque
1496 1662 1841 1733 gerantur
1887 1672 1971 1714 ac
2019 1651 2397 1734 impiorum
2445 1634 2742 1713 consilia
2789 1660 2861 1713 et
2908 1651 3251 1713 factiones

692 1767 963 1820 terrore
1053 1757 1353 1821 nominis
1412 1758 1634 1821 vestri
1698 1758 2197 1847 discutiantur,
2268 1758 2524 1821 foedus
2593 1757 2800 1837 illud,
2873 1768 2943 1820 et
3014 1755 3251 1823 similis

694 1864 1205 1945 Ratisponensi
1255 1864 1640 1928 concordia
1686 1864 2061 1946 plurimum
2113 1865 2439 1946 profecto
2475 1874 2584 1929 est
2614 1865 3010 1948 profutura,
3045 1885 3250 1947 quam

694 1983 766 2031 ut
818 1981 1142 2051 tractare,
1169 1974 1491 2052 suadere,
1540 1992 2111 2054 promovereque
2161 1972 2527 2054 studeatiS,
2571 1991 3008 2055 magnopere
3044 1970 3249 2034 Nobi·

694 2079 928 2140 litates
965 2088 1252 2141 vestras
1299 2078 1370 2141 in
1421 2079 1727 2142 Domino
1777 2081 2247 2159 obtestamur,
2321 2101 2452 2162 pro
2503 2091 2747 2142 nostra
2796 2079 3003 2141 etiarn
3052 2090 3252 2160 parte

694 2185 1192 2267 promittentes
1239 2206 1369 2249 nos
1417 2186 1787 2248 vobiscum
1838 2195 1909 2249 et
1972 2207 2128 2248 cum
2191 2185 2386 2266 aliis,
2456 2188 2572 2268 qui
2632 2188 2816 2248 bene
2884 2186 3250 2248 sentiendo

698 2293 1195 2373 convenerint,
1259 2292 1591 2374 consilia,
1643 2303 1714 2355 et
1762 2292 2031 2356 auxilia
2079 2303 2322 2355 nostra
2369 2314 2500 2375 pro
2552 2292 2998 2356 Germaniae
3028 2294 3251 2355 salute

694 2399 1474 2480 vestraque-dignitate
1523 2386 2199 2479 communicaturOS,
2252 2399 2434 2463 sicut
2479 2400 2690 2462 latius
2740 2399 3109 2462 vobiscum
3158 2395 3250 2460 di·

694 2511 921 2570 lectus
979 2505 1165 2569 filius
1215 2506 1421 2570 Laur.
1496 2505 1927 2588 Campegius
1991 2505 2387 2569 Cardinalis
2458 2517 2589 2569 ete.
2663 2517 2903 2570 nostro
2970 2505 3251 2569 nomine

698 2633 955 2693 coram,
1004 2622 1127 2675 aut
1174 2633 1305 2695 per
1351 2611 1625 2675 litteras
1674 2623 1866 2695 aget,
1915 2612 2027 2675 cui
2077 2633 2355 2676 omnem
2403 2611 2613 2674 fidem
2665 2611 3094 2675 Nobilitates
3139 2632 3249 2673 ve·

698 2731 889 2783 strae
940 2719 1401 2784 adhibebunt.

871 2844 1136 2906 Datum
1182 2844 1464 2907 Romae
1515 2853 1646 2906 etc.
1714 2843 1851 2906 Die
1901 2843 2040 2905 VII
2101 2841 2472 2906 Februarii
2531 2840 2932 2905 MDXXV.
3042 2841 3251 2903 Anno

698 2951 1052 3014 Secundo,

875 3075 1145 3138 Similia
1195 3074 1453 3138 Brevia
1501 3076 1722 3138 multa
1769 3075 1960 3154 fient,
2009 3073 2295 3138 mutatis
2341 3072 2587 3156 paucis
2636 3072 3077 3155 quibusdam.

1910 3583 2054 3647 191.

1605 3699 1951 3779 Rorarius
2009 3697 2352 3780 SadoletO.

1354 3846 1582 3913 (Vax-ior.
1623 3846 1699 3905 ad.
1735 3846 1901 3905 olem.
1938 3844 2061 3903 Vn.
2098 3844 2217 3904 Vol.
2255 3845 2328 3902 11.
2367 3844 2456 3903 fol.
2499 3843 2609 3915 ³9.)

1684 3965 1751 4031 (7.
1796 3965 2071 4014 Februarii
2118 3970 2288 4026 1525.)

881 4109 997 4172 Ho
1045 4111 1310 4172 havuto
1358 4108 1407 4171 li
1456 4106 1658 4170 brevi
1707 4107 1803 4169 ali
1836 4106 2149 4187 Principi
2202 4108 2289 4168 de
2325 4104 2728 4185 Germania,
2777 4104 2967 4186 quali
3006 4124 3252 4168 serario

710 4218 925 4279 molto
977 4238 1016 4279 a
1062 4215 1431 4298 preposito
1480 4216 1611 4277 che
1661 4216 1845 4276 oltra
1895 4215 2026 4276 che
2073 4212 2552 4276 iustificarano
2588 4232 2783 4274 esser
2813 4212 2996 4275 falso
3024 4213 3252 4295 quello

708 4327 750 4383 li
802 4322 1092 4404 maligni
1129 4343 1363 4386 vanno
1413 4321 1880 4404 divulganfio,
1943 4322 2262 4383 haranno
2298 4319 2508 4383 etiam
2541 4319 2828 4400 apiacer
2871 4337 3256 4401 cognoscet

706 4431 835 4491 che
884 4428 968 4493 N.
1005 4426 1075 4492 S.
1125 4439 1346 4511 tenga
1393 4438 1604 4492 conto
1654 4438 1725 4491 et
1772 4426 2113 4490 memoria
2159 4428 2249 4489 de
2299 4429 2485 4490 loro:
2535 4429 2678 4488 ben
2727 4425 2940 4489 havia
2991 4425 3255 4488 deside-

710 4547 863 4600 rato
915 4537 1046 4598 che
1094 4536 1138 4599 'l
1187 4557 1276 4600 ne
1324 4536 1519 4599 fusse
1568 4547 1757 4599 stato
1805 4555 1946 4597 uno
1996 4556 2038 4597 a
2087 4536 2290 4597 Duca
2340 4534 2535 4595 Zorzi
2599 4534 2688 4595 de
2737 4530 3055 4596 Saxonia
3100 4533 3259 4615 qual

710 4647 742 4707 εἰ·
794 4664 933 4707 uno
993 4644 1081 4706 de
1131 4643 1179 4706 li
1241 4643 1413 4706 boni
1452 4635 1547 4706 'et
1600 4645 1694 4705 ha
1755 4645 1821 4705 el
1885 4662 2012 4704 suo
2074 4651 2258 4704 stato
2327 4642 2486 4703 nele
2551 4640 2825 4704 viscere
2890 4642 3006 4704 del
3061 4641 3259 4704 Duca

746 4875 823 4943 (ΙΙ
861 4875 1042 4925 Verba
1078 4876 1229 4925 uncis
1266 4874 1473 4924 inclusa
1512 4876 1721 4924 suerunt
1758 4875 1955 4939 scripta
1993 4881 2220 4939 quatuor
2254 4874 2361 4923 inis
2401 4874 2489 4939 qui
2529 4874 2877 4939 promiserant
2915 4873 3183 4923 auxilium.
