3559 5734
697 516 944 595 eoois&

269 679 342 748 Mio
368 679 510 749 fratello
536 682 580 748 mi
606 683 721 750 scrive
746 686 790 748 da
815 684 918 749 Paris
943 683 977 748 di
1003 678 1118 747 XXV
1142 679 1200 748 del
1224 689 1369 766 passato
1395 661 1461 745 cire

180 793 204 855 li
226 793 401 874 llreologi
427 792 572 876 parisini
596 795 759 857 haveano
785 795 1010 856 condennato
1035 802 1139 856 cento
1164 791 1299 855 articoli
1316 791 1350 854 di
1368 791 1459 853 Mar·

181 901 256 963 tino
290 911 325 962 et
360 904 426 964 che
462 905 496 964 el
529 903 619 964 libro
659 922 697 965 se
721 902 921 984 imprimea,
950 900 1132 982 prohibito
1156 899 1245 982 pero
1270 902 1334 962 dar
1359 899 1462 962 fuora
1501 905 1504 909 ’

180 1008 294 1091 prima
318 1010 384 1071 che
409 1030 453 1072 ne
478 1009 648 1072 habbiino
668 1010 837 1071 mandato
861 1028 932 1070 uno
957 1009 1002 1070 ad
1019 1006 1139 1087 Cesar,
1163 1028 1232 1069 uno
1250 1008 1283 1068 al
1300 1027 1339 1070 re
1355 1005 1460 1068 Gallo

180 1127 217 1177 et
253 1137 324 1179 uno
361 1118 395 1179 al
419 1118 521 1179 Duca
546 1116 702 1179 Saxone.
750 1116 857 1178 Certo
896 1136 941 1177 ne
973 1117 1020 1177 ho
1056 1135 1144 1197 gran
1170 1123 1399 1177 contentezza
1422 1135 1460 1177 se

179 1243 259 1284 sara
284 1226 356 1285 cosl
381 1223 514 1306 perche
538 1224 653 1305 questi
671 1222 841 1285 Germani
865 1232 991 1285 stanno
1009 1221 1043 1284 in
1059 1223 1197 1303 grande
1214 1222 1460 1302 expettatione

179 1331 274 1392 della
308 1331 483 1393 sententia
518 1331 563 1392 de
589 1330 689 1392 Paris
726 1338 761 1392 et
785 1329 846 1411 gia
868 1329 929 1410 piu
955 1329 990 1390 di
1014 1331 1083 1391 due
1108 1329 1193 1391 mesi
1219 1329 1242 1391 li
1266 1328 1461 1391 Lutherani

179 1436 331 1499 faceano
367 1458 517 1519 sparget
547 1438 607 1519 qui
636 1458 702 1500 con
736 1439 872 1518 grande
902 1438 979 1500 loro
1010 1435 1229 1519 avantaggio
1261 1438 1327 1498 che
1359 1435 1461 1497 Paris

178 1545 295 1606 havea
319 1546 520 1626 approbata
544 1546 578 1605 la
602 1544 758 1606 dottrina
782 1544 818 1606 di
843 1545 988 1623 Luther‚
1013 1553 1156 1606 excetto
1182 1541 1297 1604 alcuni
1324 1543 1460 1623 pochis-

178 1650 256 1713 simi
280 1651 429 1729 articuli,
452 1652 476 1714 li
501 1652 597 1733 quali
620 1652 769 1714 diceano
795 1673 914 1714 essere
939 1650 1154 1732 disputabili.
1203 1651 1230 1711 ll
1256 1653 1321 1712 che
1345 1648 1378 1712 io
1404 1671 1460 1712 an-

179 1759 311 1821 corche
335 1780 406 1821 non
431 1761 607 1838 credesse,
632 1761 822 1822 tuttavolta
846 1780 911 1841 per
934 1759 994 1842 piu
1019 1757 1158 1821 securta
1176 1756 1371 1819 dubitando
1396 1758 1461 1818 che

116 1928 123 1934 .
178 1865 267 1928 forsi
290 1887 362 1929 non
387 1868 581 1928 havessero
605 1866 727 1929 havuti
752 1867 775 1929 li
800 1866 881 1929 libri
906 1866 966 1947 pili
991 1864 1124 1927 enormi
1149 1865 1184 1926 di
1202 1865 1300 1926 detto
1318 1865 1461 1945 Luther‚

178 1972 204 2034 li
229 1972 371 2035 mandai
387 1983 422 2035 et
438 1972 556 2035 scrissi
580 1974 650 2036 alla
667 1972 871 2036 Universita
897 1974 1014 2053 quello
1040 1974 1105 2034 che
1130 1971 1190 2052 qui
1215 1970 1243 2032 si
1269 1971 1462 2052 divulgava

179 2091 216 2142 et
240 2100 402 2162 pregava
425 2079 449 2141 li
474 2081 606 2143 dottori
630 2090 666 2142 et
691 2081 888 2143 exhortava
912 2101 933 2140 a
958 2081 1058 2141 voler
1082 2098 1150 2141 con
1174 2080 1208 2139 la
1236 2098 1300 2140 sua
1323 2087 1459 2140 senten-

179 2187 231 2249 tia
254 2186 415 2268 prohibit
445 2187 469 2248 li
494 2187 643 2268 periculi
667 2189 761 2249 delle
785 2187 901 2250 anime
926 2188 971 2247 de
996 2184 1122 2248 infiniti
1146 2187 1212 2247 che
1238 2184 1297 2266 qui
1322 2206 1360 2247 se
1383 2206 1461 2266 per·

182 2294 275 2355 dano
315 2314 381 2374 per
416 2305 540 2374 questa
579 2294 671 2356 falsa
706 2295 800 2357 fama
838 2315 859 2356 o
883 2314 1015 2355 ancora
1045 2313 1111 2373 per
1142 2295 1177 2354 la
1209 2294 1286 2353 loro
1320 2292 1460 2355 tardita.

181 2400 287 2462 Certo
313 2402 380 2461 che
404 2400 451 2462 mi
476 2400 612 2462 dubitai
637 2401 780 2482 quando
804 2402 854 2463 tal
877 2400 973 2462 sarna
1006 2402 1032 2461 si
1063 2419 1236 2480 spargea‚
1273 2401 1339 2462 che
1373 2399 1461 2462 forsi

179 2510 255 2570 loro
288 2510 483 2570 havessero
521 2508 652 2570 veduto
691 2508 755 2570 soli
793 2507 816 2568 li
847 2507 985 2570 articuli
1010 2507 1104 2568 della
1129 2506 1233 2567 Bulla
1257 2506 1340 2569 nelli
1365 2506 1461 2588 quali

180 2616 225 2677 de
250 2625 430 2696 potestate
455 2615 577 2696 Papae
602 2635 701 2678 corne
727 2635 766 2676 sa
789 2615 833 2677 V.
859 2612 896 2678 S.
921 2614 998 2675 R¹¹¹²
1022 2614 1044 2674 li
1065 2613 1217 2675 Parisini
1241 2634 1329 2675 sono
1354 2613 1387 2676 in
1413 2616 1459 2676 al-

179 2742 270 2784 cuna
304 2741 390 2783 cosa
425 2722 593 2784 discordii
631 2723 677 2784 da
714 2723 782 2784 noi.
830 2721 923 2783 Pero
948 2720 1090 2783 mandai
1115 2722 1190 2783 loro
1221 2721 1246 2782 li
1271 2721 1351 2782 altri
1376 2721 1459 2784 mali

179 2828 276 2908 libri,
302 2837 338 2889 et
362 2848 450 2890 sono
475 2831 585 2891 molto
610 2831 746 2911 allegro
771 2830 837 2891 che
862 2831 897 2890 la
921 2848 1004 2891 cosa
1028 2827 1123 2909 passi
1149 2847 1249 2889 come
1273 2827 1459 2891 miserive

178 2934 247 2996 mio
273 2934 427 3015 fratello7
452 2946 487 2996 et
512 2936 602 3016 sapii
628 2935 671 2997 V.
689 2933 725 2997 S.
743 2936 819 2998 Ro
843 2937 909 2997 che
933 2956 954 2996 a
978 2944 1098 3015 tempo
1123 2935 1241 3014 quello
1266 2936 1458 2998 medesimo

178 3041 214 3102 di
239 3041 303 3103 che
327 3042 500 3103 recevetti
524 3043 622 3104 detta
646 3044 773 3104 lettere
798 3063 835 3104 se
858 3041 1052 3122 divulgava
1075 3041 1110 3102 in
1126 3043 1270 3122 palazzo
1294 3059 1359 3124 per
1375 3062 1460 3105 cosa

179 3161 277 3211 certa
302 3151 368 3210 che
393 3170 414 3210 a
438 3149 540 3211 Paris
564 3151 727 3211 haveano
752 3151 953 3230 approbato
978 3147 1001 3208 li
1025 3147 1163 3209 articuli
1188 3148 1224 3209 di
1242 3149 1375 3210 Luther
1399 3170 1457 3211 ex·

180 3265 274 3317 cetto
300 3256 378 3335 doi,
408 3256 528 3336 liquali
561 3276 671 3318 ancor
694 3256 844 3317 diceano
869 3274 967 3316 esser
992 3254 1208 3336 disputabili.
1255 3255 1283 3316 Il
1308 3258 1374 3319 che
1399 3277 1457 3339 ap-

180 3383 305 3444 presso
331 3362 437 3444 quelli
463 3365 528 3424 che
553 3384 622 3425 non
648 3382 777 3443 sanno,
810 3380 993 3442 generano
1030 3361 1103 3444 (sic)
1135 3364 1273 3443 grande
1297 3366 1457 3444 tumultu,

179 3470 299 3531 donde
324 3470 538 3531 venendomi
564 3470 596 3531 el
613 3468 805 3532 Confessor
828 3490 850 3531 a
873 3468 929 3531 dir
953 3470 1002 3530 tal
1020 3489 1113 3531 nova
1138 3470 1288 3548 (benche
1314 3471 1362 3532 lui
1387 3492 1457 3534 non

178 3578 214 3639 la
237 3586 382 3658 potesse
406 3577 546 3656 credet)
570 3576 604 3637 io
628 3576 652 3639 li
677 3569 822 3639 mostrai
844 3577 879 3638 la
903 3578 1031 3639 lettera
1055 3586 1090 3638 et
1107 3575 1249 3638 subbito
1264 3597 1319 3640 me
1336 3578 1457 3640 fecero

179 3683 336 3745 chiamar
361 3703 381 3744 a
405 3685 550 3765 palazzo
575 3692 610 3745 et
634 3685 761 3765 legger
785 3684 883 3746 detta
907 3685 1052 3763 lettera,
1078 3685 1195 3745 donde
1219 3683 1323 3746 forno
1347 3687 1456 3747 molto

178 3790 291 3871 alegri
317 3799 353 3851 et
376 3789 399 3851 li
424 3789 619 3852 adversarii
643 3790 724 3852 tutti
749 3790 930 3853 rebattuti.
977 3790 1022 3851 Et
1045 3811 1066 3852 a
1090 3789 1133 3852 V.
1159 3788 1195 3852 S.
1220 3812 1277 3854 me
1300 3812 1391 3855 racc.

718 4181 720 4188 ’
792 4184 844 4246 81.

427 4298 573 4380 carolus
600 4299 638 4381 V.
668 4298 879 4379 electoribus
908 4301 944 4378 ot
971 4298 1203 4399 principibus,

622 4429 706 4499 (dote
723 4428 858 4487 Wormec.
879 4427 926 4487 fol
944 4427 1013 4498 140.)

652 4531 741 4597 (Circa
760 4532 785 4585 8,
806 4532 869 4579 Maii
894 4529 980 4599 1521.)

269 4646 416 4710 Carolus
441 4654 507 4708 ete.
554 4646 740 4709 Universis
765 4657 800 4709 et
824 4646 974 4728 singulis
990 4646 1213 4709 Electoribus
1231 4647 1456 4729 Principibus

177 4765 250 4815 tam
274 4754 532 4817 Ecclesiasticis
557 4775 661 4836 quarn
686 4756 926 4818 saecularibus
951 4754 1134 4834 PraelatiS‚
1160 4755 1364 4832 Comitibus,
1390 4756 1455 4818 Ba·

179 4861 338 4942 ronibuS,
362 4861 535 4924 Militibus
550 4871 586 4923 et
602 4861 799 4925 Clientibus
815 4861 1019 4943 Capitaneis
1044 4862 1245 4942 presidibus
1274 4873 1309 4924 et
1333 4862 1456 4943 judici·
