3559 5734
737 551 985 610 043131Βύ3

168 680 173 690 ’
219 701 266 764 de
289 703 325 764 la
348 700 448 765 mitta
465 700 522 764 dei
538 698 638 763 frutti
653 709 720 766 etc.
742 699 785 764 N.
802 696 838 762 S.
856 696 1248 782 prudentissimamente
1264 693 1432 773 discorre‚
1456 690 1500 754 ne

218 809 253 871 io
269 809 304 871 lo
322 808 407 871 dissi
422 829 487 891 per
503 828 586 871 cosa
602 808 667 871 che
690 808 720 870 si
737 808 889 871 dovesse
904 803 979 869 cosi
993 804 1274 868 absolutamente
1291 801 1367 864 sare
1383 820 1404 863 0
1420 820 1500 862 303-

219 916 368 995 cedere,
402 935 460 978 ma
491 914 552 996 pin
585 924 707 997 presto
731 935 797 998 per
820 913 879 977 via
908 914 954 976 de
986 933 1034 975 un
1057 910 1208 990 motivo,
1244 908 1500 972 essendomene

218 1031 414 1085 accennato
438 1022 589 1103 qualche
614 1042 707 1085 cosa.
733 1069 813 1087 ....

308 1128 378 1191 Dal
401 1128 471 1191 mio
492 1127 636 1208 familio,
661 1128 714 1190 ch’
727 1128 762 1190 io
779 1127 921 1191 mandai
942 1147 1008 1190 con
1029 1127 1053 1190 li
1073 1125 1278 1208 trassumpti
1295 1127 1340 1188 de
1356 1126 1388 1186 le
1404 1124 1500 1186 bolle

219 1235 277 1297 del
302 1233 433 1299 ieiunio
458 1256 480 1297 a
503 1236 621 1317 quelle
644 1235 738 1316 parti
762 1236 820 1299 del
837 1235 955 1316 Reno,
980 1236 1027 1298 ho
1052 1235 1151 1298 aviso
1176 1236 1241 1295 che
1262 1232 1321 1294 alli
1338 1241 1392 1294 tre
1417 1231 1499 1293 elet-

219 1341 289 1405 tori
311 1344 347 1406 Ie
370 1345 417 1405 ha
441 1343 523 1405 date
549 1342 583 1405 in
608 1343 753 1425 proprie
778 1343 872 1405 mani
897 1351 934 1406 et
957 1343 1023 1405 che
1047 1343 1080 1405 le
1104 1343 1194 1405 altre
1217 1340 1394 1404 mandava
1409 1345 1501 1400 tutte

219 1447 336 1513 sicure
360 1460 394 1512 et
418 1448 631 1513 fidelmente.
670 1449 716 1513 Et
739 1449 801 1532 piu
815 1450 862 1513 mi
878 1450 958 1512 dice
982 1450 1048 1512 che
1062 1448 1085 1511 '1
1101 1448 1148 1510 R.
1167 1445 1380 1511 Coloniense
1396 1444 1500 1508 viene

219 1558 507 1638 personalmente
530 1558 565 1619 al
588 1559 751 1639 goberno
775 1556 961 1638 imperiale
984 1555 1020 1618 in
1035 1555 1160 1640 Esling
1183 1573 1249 1636 per
1264 1552 1379 1634 questi
1396 1551 1500 1633 primi

219 1675 273 1727 tre
297 1664 384 1727 mesi
416 1665 578 1745 segondo
602 1666 679 1728 loro
703 1663 917 1726 ordinationi
950 1675 985 1727 et
1009 1665 1075 1726 che
1099 1663 1120 1726 l’
1134 1664 1181 1725 ha
1209 1662 1409 1723 incontrato
1434 1660 1500 1722 che

219 1770 278 1853 gia
301 1791 364 1834 era
383 1771 418 1834 in
438 1771 593 1852 camino,
623 1773 741 1835 donde
758 1769 955 1853 giudicarei
978 1772 1044 1833 che
1066 1769 1163 1833 fusse
1183 1767 1276 1831 assai
1298 1777 1500 1849 opportuno

219 1880 285 1942 che
309 1878 352 1943 N.
377 1876 414 1943 S.
448 1878 498 1960 gli
521 1879 695 1942 scrivesse
719 1899 765 1941 un
791 1881 885 1941 buon
910 1880 1022 1941 breve
1055 1896 1155 1939 come
1179 1896 1200 1938 a
1224 1894 1314 1956 capo
1339 1874 1375 1937 di
1399 1875 1498 1938 detto

219 2006 391 2067 governo,
417 1988 676 2051 exhortandolo
701 1994 767 2055 etc.
792 1997 858 2050 etc.
893 1989 966 2049 cosl
991 1985 1106 2048 ancho
1130 2005 1152 2046 a
1174 1994 1266 2046 tutto
1290 1982 1314 2045 il
1338 2002 1499 2064 governo

219 2093 387 2173 assieme,
423 2095 554 2177 perche
584 2096 630 2157 ho
662 2093 913 2157 informatione
945 2094 1011 2156 che
1042 2091 1124 2155 tutti
1155 2110 1315 2173 pensano
1340 2092 1433 2152 bene
1464 2098 1499 2153 et

219 2220 307 2264 sono
331 2220 397 2282 per
420 2199 498 2263 fare
522 2201 630 2264 molto
655 2200 785 2282 meglio
820 2202 887 2263 che
911 2221 979 2263 non
1004 2199 1043 2263 fu
1066 2198 1157 2262 fatto
1181 2197 1216 2261 in
1241 2197 1498 2278 Nuremberga,

219 2307 266 2369 da
298 2306 322 2369 li
346 2306 442 2387 quali
466 2327 544 2369 cum
576 2307 598 2369 li
624 2308 703 2369 altri
727 2305 988 2390 provedimenti
1018 2306 1048 2369 si
1071 2326 1119 2387 po
1151 2312 1317 2387 expettar
1347 2304 1499 2385 qualche

218 2416 315 2477 bona
337 2414 564 2477 resolutione.

308 2538 471 2602 Viennae
495 2537 570 2602 XII
594 2540 747 2618 Augusti
771 2538 991 2604 MDXXIV.

754 2721 864 2732 mmmmm-v
867 2720 961 2734 mv

824 2879 899 2946 165.

493 2995 590 3077 Gard.
616 2935 831 3099 iaupegius
858 2997 1020 3099 Archiep.
1049 2996 1224 3098 capuano.

634 3144 777 3213 nume.
796 3144 922 3220 omas
939 3144 1014 3205 um
1031 3145 1079 3213 u)

710 3253 764 3322 (22.
784 3256 900 3318 Augusti
922 3253 1009 3321 1524.)

310 3369 384 3433 Alli
407 3369 495 3433 XIII
519 3372 555 3433 di
579 3380 705 3453 questo
728 3372 897 3454 giunsero
921 3373 954 3436 le
979 3372 1015 3435 di
1038 3372 1083 3435 V.
1108 3369 1143 3437 8.
1174 3373 1210 3435 di
1233 3372 1347 3456 primo
1371 3374 1418 3436 da
1441 3394 1498 3437 me

218 3487 476 3541 summamente
500 3479 711 3557 desiderate,
736 3490 772 3543 et
796 3499 863 3543 con
888 3480 958 3542 mia
982 3500 1115 3544 summa
1135 3480 1377 3545 satisfactione
1394 3482 1498 3560 lecte,

218 3586 414 3651 itendendo
439 3588 504 3650 che
528 3586 569 3650 N.
596 3586 632 3652 S.
658 3597 753 3650 resta
777 3586 953 3650 satissatto
978 3588 1022 3651 de
1046 3589 1080 3652 le
1105 3588 1236 3652 actioni
1266 3587 1335 3652 mie
1358 3587 1392 3651 in
1417 3608 1497 3651 con·

218 3702 330 3756 ventu
347 3692 614 3775 Ratisponensi,
633 3693 668 3756 di
683 3695 749 3757 che
765 3693 959 3757 humillime
977 3715 1021 3758 ne
1038 3696 1161 3759 baccio
1176 3695 1201 3758 li
1220 3695 1298 3760 suoi
1314 3694 1373 3759 8¹⁰¹
1392 3695 1497 3779 piedi.

311 3797 439 3864 Scrissi
463 3801 522 3863 alli
547 3800 667 3863 XXX
701 3801 760 3863 del
783 3810 928 3884 passato
953 3802 997 3864 ed
1033 3802 1093 3865 alli
1129 3803 1203 3866 XII
1238 3804 1296 3867 del
1331 3812 1499 3886 presente

219 3909 313 3970 onde
346 3927 417 3971 non
449 3908 495 3970 mi
527 3919 670 3971 restava
703 3928 786 3970 cosa
815 3908 1030 3991 importante
1061 3910 1107 3972 da
1139 3909 1300 3973 scriverli
1332 3911 1432 3974 salvo
1465 3911 1499 3972 13

218 4014 381 4078 ricevuta
405 4014 441 4076 di
465 4024 590 4096 queste
614 4015 736 4079 ultIme
760 4036 821 4079 soe
853 4025 889 4078 et
922 4016 1021 4079 accio
1053 4018 1118 4080 che
1147 4028 1273 4099 questa
1302 4027 1407 4100 posta
1440 4038 1497 4080 ex·

219 4122 343 4206 pedita
368 4122 414 4184 da
437 4119 674 4186 Salamancha
698 4143 768 4186 non
793 4123 926 4206 venghi
961 4144 1074 4188 vacua
1108 4126 1153 4188 de
1190 4125 1256 4189 mie
1292 4127 1418 4189 lettere
1452 4124 1498 4188 mi

220 4249 309 4293 sono
333 4250 450 4293 messo
475 4250 497 4292 a
520 4231 675 4294 scrivere
699 4241 824 4312 questo
848 4251 950 4313 poco,
1007 4232 1076 4295 Dal
1105 4231 1173 4295 R⁶⁰
1201 4231 1383 4296 Verulano
1416 4231 1498 4294 abbi

220 4334 344 4398 avviso
369 4337 434 4400 che
458 4336 574 4401 havea
597 4340 730 4401 havuto
758 4340 792 4401 le
822 4340 919 4401 bolle
952 4340 1012 4402 del
1035 4340 1175 4419 Jubileo
1208 4350 1243 4403 et
1268 4340 1325 4402 del
1349 4338 1496 4412 ieiunio;

219 4462 333 4524 penso
358 4443 424 4507 che
447 4441 551 4506 furon
576 4446 742 4509 mandate
765 4466 830 4528 per
853 4447 945 4509 altra
970 4447 1042 4527 via,
1068 4456 1103 4510 et
1126 4447 1187 4528 poi
1215 4447 1280 4510 che
1313 4447 1497 4529 capitaron

220 4551 313 4613 bene
339 4570 410 4613 non
434 4550 567 4613 accade
592 4550 692 4615 dirne
717 4555 827 4628 altro;
859 4573 960 4617 come
988 4575 1053 4638 per
1076 4554 1098 4617 l’
1118 4556 1205 4617 altre
1229 4555 1297 4617 mie
1321 4556 1356 4617 le
1380 4554 1498 4617 scrissi

221 4665 312 4719 tutte
336 4658 371 4719 le
394 4658 484 4720 altre
507 4658 626 4722 hanno
659 4659 792 4722 havuto
823 4663 921 4723 buon
944 4661 1104 4744 ricapito.
1152 4661 1225 4724 Alli
1249 4670 1303 4725 tre
1327 4661 1496 4744 archiepi-

220 4762 321 4844 scopi
345 4764 404 4827 del
427 4763 533 4828 Reno
557 4764 662 4829 furon
686 4768 769 4831 date
800 4768 835 4830 in
859 4789 963 4834 mano
996 4769 1160 4853 propria,
1191 4769 1251 4832 alli
1281 4770 1362 4834 altri
1393 4769 1496 4836 furon

218 4870 387 4935 mandate
410 4891 475 4954 per
499 4873 604 4936 modo
629 4875 738 4940 salvo,
