3559 5734
732 575 977 629 westou»

216 730 286 782 tem
312 724 415 803 (quae
440 723 568 783 nedum
594 719 806 783 christianae
830 720 1015 803 religionis
1044 720 1150 783 fidem
1182 723 1246 785 sed
1270 723 1371 785 Beati
1397 722 1494 785 Petri

215 830 338 891 sedem
362 838 396 890 et
422 828 666 891 auctoritatem
699 826 819 890 nititur
851 828 992 910 penitus
1017 827 1230 914 deprimere)
1264 850 1319 893 me
1350 832 1384 893 in
1420 832 1494 893 dies

216 935 384 1017 prosequi
419 946 454 998 et
485 936 696 1016 impugnare
728 935 917 1017 contingit,
954 946 992 996 ut
1023 935 1179 998 debitum
1213 958 1327 1000 meum
1361 957 1447 1019 erga
1476 959 1495 1000 e

217 1043 253 1105 S.
272 1043 315 1105 V.
332 1063 473 1124 semper
489 1046 695 1123 persolvere
716 1044 863 1105 valeam.
912 1041 986 1105 Nec
1011 1063 1067 1105 me
1093 1063 1244 1124 unquam
1269 1055 1368 1107 tanta
1391 1045 1494 1107 inter-

216 1150 326 1232 cipiet
349 1149 569 1230 ingratitudo
594 1150 735 1231 quoda
759 1150 880 1213 debita
905 1150 1110 1212 obedientia
1135 1164 1169 1212 et
1194 1153 1384 1215 devotione
1409 1172 1495 1235 erga

216 1259 330 1339 ipsam
363 1270 398 1320 et
429 1257 504 1320 eius
534 1258 655 1320 sedern
690 1258 922 1339 apostolicam
948 1258 1149 1339 aliquanter
1173 1259 1356 1324 declinem.
1405 1259 1495 1341 Que-

216 1365 442 1427 madmodum
468 1386 489 1427 a
513 1364 708 1427 venerabili
732 1363 810 1427 viro
835 1364 977 1426 domino
1007 1364 1143 1444 Jacobo
1176 1364 1298 1429 Nereti
1324 1366 1495 1429 canonico

218 1471 428 1534 Lausannae
464 1473 539 1534 eius
574 1491 718 1534 cursore
755 1473 879 1534 harum
921 1471 1122 1534 exhibitore
1164 1473 1270 1536 latius
1308 1474 1495 1556 intelliget.

218 1580 376 1643 Eandem
402 1579 511 1660 igitur
535 1577 789 1641 beatitudinem
814 1599 845 1640 v.
871 1581 1026 1661 supplex
1051 1599 1162 1642 exoro
1187 1579 1353 1661 dignetur
1376 1601 1497 1644 sacras

218 1686 294 1749 eius
306 1707 410 1750 aures
423 1707 444 1748 a
458 1686 661 1767 pernitiosis
678 1686 875 1748 huiusmodi
890 1686 1180 1768 suggestionibus
1193 1698 1366 1767 avertere,
1392 1689 1496 1750 devo·

218 1793 457 1874 tissimamque
495 1802 693 1856 creaturam
723 1813 822 1856 suam
858 1794 1030 1855 adversus
1060 1792 1216 1874 perfidos
1256 1797 1497 1857 oblactrantes

217 1910 369 1985 paterna
392 1900 540 1963 caritate
564 1921 628 1963 sua
651 1898 766 1963 tuheri
791 1910 826 1962 et
850 1920 1070 1980 preservare.
1118 1899 1219 1981 Quae
1250 1921 1306 1965 me
1331 1911 1365 1963 et
1389 1901 1496 1963 sacul-

218 2018 312 2071 tates
334 2028 431 2070 meas
454 2027 575 2069 omnes
600 2008 874 2088 qualescumque
892 2007 963 2070 sint
979 2007 1025 2069 ad
1042 2027 1127 2069 suae
1144 2008 1378 2070 Beatitudinis
1401 2008 1498 2070 iussa

217 2115 271 2202 (ut
293 2135 360 2197 par
385 2116 451 2195 est)
475 2123 620 2196 paratas
644 2134 786 2195 semper
816 2114 984 2177 inveniet.
1039 2112 1084 2176 Et
1120 2115 1238 2177 valeat
1265 2114 1343 2197 ipsa
1370 2115 1497 2177 felicis·

218 2222 322 2299 sime,
357 2242 463 2303 quam
492 2230 615 2284 sancto
640 2242 703 2284 suo
728 2221 890 2301 regimini
916 2221 976 2283 diu
999 2240 1145 2302 preesse
1169 2221 1283 2303 cupio.
1339 2222 1394 2284 Ex
1426 2221 1496 2304 epi·

217 2329 340 2410 scopio
365 2349 445 2392 meo
470 2328 712 2391 Lausannensi
737 2329 804 2390 hac
829 2327 967 2390 XXIX
992 2326 1223 2409 Septembris

755 2525 762 2534 ι
765 2525 773 2534 x
777 2523 899 2535 mmmm-:nx
903 2523 961 2534 υνννσ

825 2756 887 2819 169

409 2880 659 2961 Perdineudus
686 2881 790 2962 liuh.
820 2880 988 2961 lustriae
1016 2881 1189 2962 Clementi
1216 2881 1294 2964 VII.

629 3030 748 3096 (mar.
767 3028 815 3086 XL
834 3029 910 3102 daps.
929 3029 951 3086 1.
970 3029 1003 3086 ll.
1024 3029 1079 3099 98.)

712 3152 746 3212 (1.
765 3150 890 3198 Octobris
913 3145 1000 3216 1524.)

309 3294 363 3356 Ex
378 3293 490 3356 literis
505 3291 743 3355 Beatitudinis
760 3291 923 3370 Vestrae,
949 3290 1078 3373 quibus
1103 3293 1147 3353 ad
1171 3312 1268 3353 meas
1292 3292 1497 3373 respondet,

218 3422 307 3484 quas
331 3402 377 3463 ad
402 3420 480 3463 eam
504 3398 635 3461 XXX.
660 3397 743 3478 Julii
768 3399 861 3478 dedi,
884 3398 1045 3479 intelligo
1069 3397 1214 3479 probari
1238 3419 1258 3459 a
1283 3419 1321 3461 se
1346 3398 1499 3461 studium

217 3529 345 3589 meum,
372 3509 468 3590 quod
498 3506 665 3588 impendo
690 3503 820 3569 Sectae
844 3506 1068 3569 Lutheranae
1102 3505 1334 3568 cohibendae.
1393 3506 1498 3569 Certe

217 3616 256 3679 id
279 3615 318 3678 fit
341 3638 362 3679 a
387 3636 442 3678 me
467 3635 535 3676 non
561 3613 665 3676 aliam
689 3615 736 3675 ob
760 3632 918 3693 causam,
950 3633 1053 3695 quarn
1078 3632 1169 3693 quae
1187 3612 1355 3694 optimum
1380 3633 1496 3694 quern·

218 3744 289 3805 que
322 3724 558 3786 orthodoxum
591 3719 790 3801 Principem
822 3740 967 3783 movere
998 3721 1115 3782 debet.
1162 3719 1273 3801 Coepi
1305 3720 1497 3802 negotium,

218 3831 315 3912 quod
347 3829 488 3893 Christo
512 3829 590 3891 Deo
620 3838 654 3890 et
685 3828 837 3890 Domino
870 3827 1002 3890 Nostro
1039 3827 1178 3890 fautore
1211 3847 1252 3889 ac
1276 3827 1498 3889 fortunatore

218 3936 418 4020 perficiam,
453 3936 612 4019 quamvis
636 3936 727 3997 male
750 3935 907 3997 habeant
938 3934 997 4016 qui
1026 3955 1071 3996 ex
1103 3936 1215 3997 classe
1240 3935 1426 3996 lutherana
1449 3933 1497 3995 in·

218 4044 373 4108 famibus
396 4043 570 4106 morsibus
594 4064 649 4105 me
674 4061 841 4122 meosque
872 4042 1031 4104 lacerare
1063 4062 1133 4104 non
1167 4041 1341 4103 desinunt.
1394 4039 1497 4119 Quod

220 4153 329 4215 semel
354 4150 470 4230 statui,
495 4151 590 4232 quod
614 4149 740 4211 iterum
763 4149 907 4230 publico
933 4149 1049 4211 edicto
1075 4148 1154 4210 cavi
1179 4168 1244 4229 per
1267 4167 1389 4209 omnes
1414 4146 1497 4210 Pro·

221 4259 356 4321 vincias
372 4278 478 4336 meas,
503 4278 547 4320 ne
565 4257 748 4338 quisquam
765 4256 922 4318 Luthero
938 4254 1068 4332 faveat,
1093 4254 1353 4335 seditiosaeque
1378 4262 1498 4315 sectae

221 4367 410 4446 adhereat,
448 4385 517 4427 non
557 4365 790 4445 posthabebo.
849 4364 905 4425 De
936 4382 1006 4444 quo
1040 4361 1302 4424 Beatitudinem
1332 4360 1498 4422 Vestram

220 4494 379 4537 securam
405 4471 512 4535 facio:
554 4471 668 4534 Multa
691 4469 854 4552 profecto
879 4478 997 4548 erant,
1030 4468 1098 4532 nisi
1121 4468 1252 4549 privati
1276 4466 1343 4529 mei
1368 4466 1499 4529 oblitus

221 4581 397 4646 commodi
430 4579 619 4661 famaeque
653 4599 753 4642 meae
791 4577 1033 4657 Evangelicae
1068 4573 1284 4657 Synceritati
1323 4583 1359 4636 et
1399 4572 1500 4634 istius

221 4688 376 4752 Sanctae
401 4685 505 4749 Sedis
529 4684 704 4768 Dignitati
732 4705 798 4766 pro
828 4684 916 4746 meis
952 4682 1084 4744 viribus
1115 4680 1314 4743 maluissem
1346 4680 1388 4741 iri
1419 4700 1498 4742 con·

222 4797 362 4876 sultum,
387 4814 478 4876 quae
503 4812 558 4855 me
583 4793 720 4854 abhoc
745 4811 854 4873 opere
879 4810 949 4852 non
974 4789 1049 4852 sine
1075 4789 1258 4869 exemplo,
1292 4789 1499 4850 abstrahere

222 4911 404 4987 poterant,
440 4920 586 4986 quorum
612 4920 690 4965 curn
714 4899 883 4962 nonnulla
907 4897 992 4961 talia
1016 4895 1085 4958 sint
1116 4907 1247 4959 utnon
1277 4895 1366 4957 citra
1390 4893 1498 4978 suspi-
