3559 5734
719 548 950 608 eota&

194 697 348 760 scandali
375 698 470 760 nella
493 695 622 760 Chiesa
646 697 682 758 di
707 697 775 759 Dio
800 699 1019 777 universale,
1052 697 1169 761 madi
1194 707 1289 761 torre
1318 699 1432 761 anche
1456 721 1476 760 a

193 806 271 868 tutti
287 806 298 867 i
314 805 472 887 Principi
497 814 532 867 et
547 805 749 885 Magistrati
774 806 809 866 di
825 804 1019 868 Germania
1043 807 1064 867 l'
1080 804 1235 868 autorita
1251 808 1476 888 reputatione

193 922 228 972 et
257 914 293 974 la
324 912 457 975 faculta
491 921 526 974 et
558 914 591 975 la
623 911 771 993 propria
802 912 875 974 vita
905 923 939 974 et
963 920 1057 974 stato
1065 960 1074 990 ‚
1109 923 1144 974 et
1169 912 1327 975 excitare
1353 924 1477 976 contra

192 1020 267 1080 loro
293 1018 317 1081 li
341 1018 464 1099 populi
490 1028 525 1081 et
549 1021 584 1081 la
607 1019 714 1100 plebe
739 1038 840 1081 come
864 1018 884 1080 e
909 1019 1083 1080 accaduto
1108 1017 1142 1080 in
1160 1016 1320 1101 Spagna‚
1345 1030 1380 1081 et
1400 1020 1476 1083 fare

191 1145 229 1186 se
247 1125 351 1187 stessi
375 1124 518 1207 tyranni
541 1134 577 1187 et
600 1124 807 1206 occupatori
832 1129 860 1187 sl
885 1126 945 1188 del
969 1127 1166 1207 temporale
1191 1145 1291 1189 come
1316 1128 1374 1188 del
1399 1126 1476 1209 Spi-

191 1231 328 1295 rituale.
372 1232 461 1295 Fate
486 1233 570 1314 ogni
595 1231 711 1294 sforzo
744 1241 779 1294 et
808 1241 938 1294 conato
969 1251 1033 1313 per
1058 1233 1275 1312 persuadere
1300 1254 1320 1295 a
1345 1234 1476 1297 Cesare

190 1340 251 1401 alli
276 1339 434 1421 Principi
450 1338 691 1402 Ecclesiastici
716 1349 751 1400 et
775 1339 925 1401 seculari
951 1340 1017 1402 che
1041 1339 1101 1421 qui
1126 1339 1154 1402 si
1179 1349 1288 1402 tratta
1312 1362 1381 1404 non
1399 1345 1476 1405 solo

191 1445 226 1506 di
261 1446 481 1509 confondere
513 1447 549 1508 la
579 1444 661 1507 sede
688 1444 889 1508 Christiana
921 1457 957 1507 et
981 1445 1176 1526 Catholica‚
1209 1468 1265 1509 ma
1295 1449 1408 1511 anche
1440 1450 1475 1511 di

190 1554 332 1616 ruinare
357 1554 434 1615 loro
459 1552 679 1615 cacciandoli
704 1552 788 1615 dalli
814 1554 890 1615 loro
915 1552 1106 1634 principati
1131 1566 1167 1616 et
1182 1552 1360 1636 Signorie‚
1386 1565 1421 1617 et
1440 1555 1474 1617 in

189 1680 325 1722 somma
356 1663 422 1723 che
451 1661 486 1722 la
511 1680 618 1722 eausa
641 1662 669 1720 sl
694 1679 759 1740 per
784 1661 818 1721 la
842 1659 926 1722 fede
951 1659 971 1722 e
996 1680 1182 1723 commune
1207 1668 1234 1723 si
1260 1663 1373 1724 anche
1398 1684 1475 1745 per-

190 1766 257 1828 che
286 1766 395 1848 quelli
426 1765 554 1848 perfidi
586 1764 753 1847 aspirano
785 1768 856 1829 alla
886 1767 988 1829 ruina
1016 1777 1051 1829 et
1075 1767 1301 1832 distruttione
1326 1770 1370 1832 de
1395 1772 1475 1832 tutti

189 1871 371 1955 iSignori
401 1873 495 1955 preti
528 1882 564 1936 et
593 1873 685 1935 laici.
731 1871 812 1935 Non
846 1873 1007 1935 dubitate
1031 1874 1090 1937 voi
1116 1875 1151 1936 di
1175 1875 1252 1938 fare
1277 1876 1475 1940 virilmente

189 1991 324 2062 quanto
357 1982 386 2043 si
417 1981 590 2043 conviene
621 1980 677 2042 all’
696 1978 815 2043 officio
845 1990 965 2042 vostro
995 1991 1031 2043 et
1054 1982 1125 2044 alla
1147 1981 1231 2045 fede
1256 1983 1321 2045 che
1345 1984 1475 2048 Nostro

189 2084 345 2168 Signore
378 2090 424 2151 ha
456 2089 551 2151 nella
582 2087 770 2169 prudentia
802 2097 837 2149 et
861 2087 1019 2149 dottrina
1043 2099 1078 2150 et
1102 2090 1249 2152 ardente
1274 2091 1392 2153 animo
1417 2112 1475 2154 vo-

188 2207 278 2257 stro:
319 2194 482 2258 Havemo
506 2194 609 2257 Iddio
633 2215 698 2276 per
723 2194 780 2258 noi
805 2196 939 2275 perche
964 2196 1177 2259 defendemo
1201 2199 1236 2260 la
1261 2196 1334 2260 Sua
1359 2220 1476 2280 causa,

189 2313 226 2363 et
259 2303 293 2365 la
323 2300 532 2364 defensione
557 2310 594 2365 et
617 2301 772 2384 impresa
796 2322 865 2364 non
890 2305 1068 2383 potrebbe
1093 2303 1307 2367 desiderarsi
1331 2306 1392 2387 pila
1416 2309 1474 2368 ho-

188 2422 310 2481 nesta;
344 2429 415 2472 non
447 2409 536 2472 siate
566 2421 661 2471 muto
693 2428 866 2491 appresso
893 2411 1000 2490 quelli
1025 2410 1167 2494 Signori
1192 2414 1286 2474 nella
1311 2413 1417 2475 Dieta
1441 2425 1477 2477 et

187 2515 368 2578 ricordate
401 2517 477 2579 loro
510 2535 582 2579 non
613 2515 759 2597 voglino
794 2517 946 2597 perdere
977 2516 998 2579 il
1032 2520 1126 2580 buon
1153 2539 1256 2581 nome
1282 2521 1476 2583 ethonore

188 2622 233 2683 de
252 2620 445 2684 Christiani
468 2622 564 2704 quali
588 2622 599 2683 i
624 2624 701 2685 loro
725 2622 829 2704 padri
854 2633 889 2685 et
913 2622 1045 2685 antichi
1070 2645 1134 2688 con
1162 2635 1260 2688 tanta
1285 2628 1475 2690 devotione

188 2739 223 2788 et
249 2728 481 2791 observantia
504 2749 609 2792 verso
634 2729 659 2791 li
684 2729 807 2792 summi
833 2729 997 2793 Pontifici
1023 2740 1057 2792 et
1083 2731 1177 2795 Sede
1203 2734 1416 2814 Apostolica
1440 2746 1476 2796 et

188 2855 255 2897 con
282 2834 372 2897 tanti
396 2838 474 2898 loro
499 2836 613 2898 meriti
638 2846 674 2898 et
698 2834 847 2899 effusion
874 2837 909 2900 di
933 2858 1070 2920 sangue
1095 2860 1159 2920 per
1184 2843 1218 2902 la
1246 2840 1328 2903 fede
1357 2844 1474 2905 catho-

186 2941 257 3004 lica
289 2943 409 3005 hanno
440 2943 650 3023 acquistato.
698 2942 798 3007 Siate
830 2964 897 3007 con
923 2944 1054 3008 Cesare
1085 2948 1347 3012 exhortandolo
1376 2970 1475 3012 come

187 3051 365 3111 advocato
399 3058 435 3111 et
465 3050 653 3112 defensore
687 3050 781 3113 della
812 3050 941 3114 Chiesa
970 3052 1137 3115 Romana
1160 3073 1182 3114 a
1206 3057 1406 3135 provedere
1439 3057 1474 3119 in

188 3176 294 3218 manu
327 3155 430 3236 lorti3
463 3167 614 3237 pregate
640 3157 772 3219 Cevres
797 3168 832 3220 et
856 3159 964 3239 quelli
988 3158 1201 3249 Consiglieri
1225 3163 1292 3223 che
1315 3162 1475 3224 adiutino

187 3264 221 3324 la
247 3283 356 3325 causa
380 3264 424 3325 de
441 3264 545 3326 Iddio
570 3273 604 3326 et
628 3266 663 3326 la
686 3267 763 3327 loro
786 3264 933 3348 propria
957 3268 1081 3345 salute,
1107 3267 1261 3330 excitate
1279 3269 1387 3349 quelli
1404 3271 1474 3331 duo

187 3370 496 3432 Reverendissimi
520 3368 663 3452 Signori
689 3370 868 3434 Cardinali
902 3373 997 3453 quali
1029 3382 1182 3454 portano
1215 3377 1246 3437 el
1275 3379 1415 3457 capello
1440 3389 1475 3439 et

186 3478 291 3540 breta
314 3497 415 3541 rossa
438 3499 504 3559 per
527 3499 699 3561 spargere
723 3479 748 3541 il
771 3499 909 3561 sangue
933 3501 999 3562 per
1023 3483 1056 3543 el
1079 3480 1224 3544 Summo
1242 3482 1415 3546 Pontifice
1440 3495 1476 3545 et

187 3584 309 3646 chiesa
341 3584 517 3647 Romana.
556 3584 770 3649 Continuate
802 3588 823 3648 l'
851 3587 970 3651 officio
1004 3597 1040 3650 et
1074 3588 1321 3651 commissione
1354 3600 1476 3653 vostra

186 3710 254 3753 con
281 3691 365 3772 ogni
390 3690 507 3753 studio
532 3694 659 3755 ardore
684 3705 720 3755 et
741 3692 903 3756 efficacia
920 3695 979 3757 voi
999 3705 1034 3758 et
1050 3696 1074 3757 il
1091 3696 1298 3758 Caracciolo
1316 3697 1473 3777 insieme,

188 3809 223 3860 et
248 3798 502 3878 persuadetevi
527 3800 593 3861 che
618 3808 654 3861 et
669 3800 738 3862 Dio
764 3811 799 3863 et
816 3800 948 3863 Nostro
966 3800 1120 3882 Signore
1145 3802 1179 3863 vi
1205 3823 1357 3867 saranno
1382 3806 1474 3866 delle

186 3904 322 3966 fatiche
355 3916 391 3967 et
423 3925 531 3986 opere
563 3915 683 3969 vostre
714 3906 750 3969 in
774 3918 901 3988 questa
925 3908 1125 3970 santissima
1148 3908 1303 3990 impresa
1326 3913 1473 3972 retribu-

189 4010 260 4073 tori
285 4021 321 4071 et
345 4012 550 4092 premiatori
576 4022 611 4075 et
636 4013 832 4076 darannovi
850 4013 1050 4076 indubitata
1068 4016 1230 4078 vettoria.
1254 4018 1474 4080 Benevalete

188 4126 223 4179 et
249 4137 435 4181 comunem
460 4119 527 4180 Dei
553 4129 589 4180 et
612 4119 794 4183 Ecclesiae
819 4141 962 4183 causam
990 4122 1138 4184 viriliter
1177 4124 1370 4187 defendite.
1421 4125 1473 4185 Ex

188 4223 294 4287 Senis
318 4226 401 4287 Kal.
428 4224 613 4288 Februarii
637 4227 819 4291 MDXXI.

1129 4371 1230 4436 letter
1248 4372 1354 4443 halet,

1078 4464 1431 4513 vicecancellarius.
