3559 5734
839 526 1069 582 0-4362ffl

313 676 379 738 che
408 674 443 737 io
476 672 568 739 facci
598 672 623 736 11
657 672 779 736 debito
809 673 895 745 mi0;
930 673 1122 736 tuttavolta
1154 682 1252 735 certo
1283 673 1351 735 hoc
1383 681 1437 735 est
1459 672 1594 734 addere

313 781 466 845 calcaria
489 789 618 863 sponte
642 779 797 844 currenti
821 799 925 861 equo,
949 780 1082 861 perche
1106 779 1143 841 di
1166 783 1213 841 tal
1240 780 1345 842 modo
1371 799 1426 841 me
1448 799 1493 841 ne
1510 777 1592 840 affa-

312 888 388 971 tigo
412 891 479 951 che
502 890 549 951 ho
573 908 680 971 perso
705 888 823 969 quello
847 896 943 950 resto
968 887 1003 948 di
1023 886 1138 949 sanita
1152 887 1327 967 poccheto
1344 886 1411 947 che
1426 884 1461 948 io
1478 887 1594 947 havea

313 1005 348 1059 et
369 1005 423 1058 sto
440 995 475 1058 in
500 995 711 1078 gravissimo
735 995 895 1076 periculo
920 993 955 1055 di
980 994 1149 1055 continuo
1173 992 1210 1054 di
1234 1011 1331 1055 esser
1351 1001 1541 1068 amazzato,
1558 1000 1595 1053 et

312 1113 481 1184 quantum
505 1101 632 1165 attinet
655 1103 701 1165 ad
725 1101 876 1184 gratiam
901 1109 937 1163 et
959 1100 1090 1163 famam
1112 1099 1315 1181 aliquidque
1332 1098 1483 1162 nominis
1497 1099 1594 1180 quod

311 1210 409 1291 prius
436 1212 613 1273 habebam
637 1209 673 1272 in
699 1207 910 1288 Germania,
943 1217 1034 1270 tutto
1059 1207 1079 1268 ὲ
1103 1226 1208 1288 perso
1235 1216 1270 1268 et
1293 1207 1339 1269 mi
1363 1206 1473 1269 fanno
1497 1206 1593 1268 mille

313 1327 348 1380 et
381 1316 475 1380 mille
507 1316 627 1380 insulti
658 1327 694 1379 et
717 1315 878 1379 comedia
904 1315 962 1377 del
985 1314 1075 1377 fatto
1100 1315 1169 1376 mio
1179 1362 1187 1393 ,
1221 1335 1313 1395 quae
1337 1314 1454 1376 omnia
1478 1333 1593 1393 aequo

311 1423 429 1488 animo
452 1424 549 1505 fero,
584 1444 700 1506 neque
723 1439 869 1507 prorsus
894 1424 939 1485 ab
964 1442 1074 1504 opere
1099 1421 1233 1483 desisto
1258 1424 1301 1484 ad
1329 1424 1500 1484 honorem
1525 1419 1594 1481 Dei

312 1541 347 1593 et
380 1529 440 1594 S¹¹¹¹
473 1530 605 1595 domini
637 1530 748 1594 nostri
779 1538 815 1593 et
846 1550 879 1592 v.
913 1529 1002 1591 R¹¹¹⁸⁸e
1025 1529 1068 1592 D.
1101 1540 1208 1609 atque
1239 1529 1286 1590 ad
1311 1529 1532 1591 edmmodum
1557 1538 1593 1589 et

311 1637 554 1702 defensionem
584 1638 803 1721 reipublicae
834 1636 1066 1716 christianae,
1100 1637 1166 1699 che
1186 1654 1262 1716 ‚per
1294 1639 1363 1697 mia
1386 1634 1469 1696 fede
1493 1645 1616 1696 tanto⁴

311 1756 405 1807 temo
439 1746 582 1827 quando
612 1743 710 1809 fusse
742 1746 777 1808 in
811 1745 955 1828 meggio
979 1744 1098 1807 Roma
1129 1765 1150 1806 a
1179 1742 1235 1805 far
1263 1744 1296 1805 le
1321 1742 1494 1805 faccende
1526 1742 1593 1804 che

311 1851 369 1934 qui
395 1873 449 1915 me
473 1856 695 1934 besognano.
742 1851 848 1915 Certo
877 1851 898 1914 ὲ
922 1853 988 1915 che
1011 1851 1046 1913 io
1070 1852 1164 1913 vado
1188 1852 1258 1912 ben
1284 1858 1508 1913 cantamente
1531 1848 1593 1930 pin

310 1962 375 2022 che
400 1979 519 2042 poss0,
543 1980 600 2022 ma
624 1961 736 2041 perhd
761 1959 830 2022 mai
852 1959 900 2021 ho
924 1959 1057 2021 lassato
1080 1956 1136 2020 far
1159 1956 1183 2019 il
1208 1957 1329 2019 debito
1355 1966 1390 2017 et
1413 1956 1448 2018 in
1466 1965 1592 2037 questo

310 2088 490 2149 cognosco
523 2070 589 2129 che
623 2066 669 2129 mi
700 2065 809 2147 giova
841 2064 935 2128 assai
969 2066 1081 2127 havet
1103 2066 1138 2127 la
1162 2064 1230 2128 mia
1254 2084 1395 2126 camera
1419 2083 1592 2144 appresso

310 2185 346 2238 et
369 2175 471 2256 quasi
495 2174 664 2255 contigua
688 2165 722 2266 al
746 2174 891 2254 palazzo
916 2174 974 2235 del
999 2173 1075 2251 Re,
1106 2171 1235 2252 alioqui
1262 2190 1407 2251 ognuno
1432 2191 1487 2232 me
1511 2169 1591 2232 dice

310 2283 375 2344 che
400 2302 456 2344 me
480 2282 633 2344 sarebbe
656 2291 748 2343 stato
773 2280 862 2342 fatto
888 2282 946 2343 del
971 2282 1074 2360 male,
1099 2282 1194 2362 quod
1209 2280 1308 2341 Deus
1332 2288 1481 2341 avertat.
1517 2275 1591 2356 Jeri

309 2408 388 2451 sero
420 2387 561 2450 recevei
592 2389 718 2451 lettere
750 2387 785 2449 di
816 2387 867 2449 Mr
893 2386 1031 2466 Joanne
1066 2387 1195 2467 Echio,
1225 2386 1337 2467 hoggi
1368 2385 1392 2448 li
1422 2386 1469 2447 ho
1501 2383 1591 2447 fatto

309 2494 463 2576 risposta
491 2504 526 2557 et
556 2492 633 2556 aeid
665 2495 732 2557 che
755 2493 797 2558 N.
824 2491 860 2556 S.
893 2504 928 2556 et
952 2493 998 2558 V.
1031 2495 1067 2558 S.
1099 2495 1175 2556 R¹²¹⁸
1205 2513 1250 2556 ne
1284 2492 1374 2555 siino
1408 2492 1466 2554 del
1498 2501 1590 2553 tutto

309 2600 477 2680 advisati,
510 2601 641 2663 mando
673 2601 708 2664 13
736 2600 841 2682 copia
872 2601 908 2663 di
939 2602 1067 2663 lettere
1092 2602 1126 2663 di
1151 2599 1326 2663 ambedoi.
1374 2599 1418 2661 Et
1442 2619 1463 2660 a
1488 2598 1531 2661 V.
1557 2596 1591 2661 S.

309 2708 384 2769 Rm·
399 2709 559 2769 basando
583 2708 617 2768 le
641 2708 734 2770 mani
759 2707 987 2771 humilmente
1012 2728 1067 2770 me
1085 2707 1332 2770 raccomando.
1369 2704 1591 2766 Wormatiae

310 2814 437 2877 XVIll
461 2814 633 2876 Februari
657 2813 840 2877 MDXXI.

881 3030 935 3038 osm-
943 3035 949 3038 .
955 3030 1048 3040 Μαι-ΛΜ.

924 3259 976 3325 25.

672 3376 999 3458 Vicemncellarius
1026 3376 1214 3457 Aleandm

552 3510 554 3515 ’
634 3524 807 3589 (Nuntiat.
827 3525 979 3584 (11111111.
998 3524 1029 3582 1..
1047 3523 1101 3583 111.
1120 3524 1262 3593 19-20.)

545 3647 595 3702 (Ex
614 3647 705 3694 Roma
724 3656 766 3693 22.
786 3645 865 3699 Febr.
885 3673 920 3682 -
941 3648 1069 3694 Wormat.
1093 3657 1133 3694 11.
1153 3646 1242 3694 Martii
1265 3642 1352 3711 1521.)

521 3769 737 3832 Reverende
762 3769 914 3832 Domine
939 3768 1145 3832 Hieronime
1169 3772 1328 3832 salutem.

398 3893 455 3956 Ho
480 3907 648 3956 recevuto
672 3895 705 3955 le
729 3895 855 3957 lettere
880 3904 1010 3975 vostre,
1036 3915 1103 3976 per
1126 3896 1159 3956 le
1183 3893 1278 3975 quali
1303 3895 1412 3956 molto
1437 3914 1458 3955 a
1482 3892 1589 3975 pieno

309 4010 344 4064 et
368 3999 751 4063 accuratissimamente
775 4000 821 4063 mi
846 4000 998 4065 scrivete
1023 4003 1081 4064 del
1105 4000 1298 4083 Magnifice
1322 4000 1460 4064 Messer
1476 4000 1589 4062 Paulo

309 4108 544 4189 Armastorph
569 4107 749 4171 Camerier
772 4108 817 4170 de
842 4108 876 4170 la
891 4106 1045 4171 Cesarea
1061 4108 1199 4170 Maesta
1225 4106 1497 4170 exhortandomi
1522 4126 1588 4168 con

307 4214 490 4278 bellissimi
524 4224 560 4277 et
593 4213 829 4277 efficacissimi
860 4214 955 4277 modi
986 4235 1007 4277 a
1036 4215 1174 4278 servire
1205 4236 1226 4276 a
1258 4213 1332 4277 Sua
1364 4214 1520 4293 Maesta,
1554 4223 1589 4275 et

308 4343 328 4383 a
352 4331 537 4384 contentar
553 4322 821 4404 l’Armastorph
845 4342 889 4383 ne
913 4323 949 4383 la
973 4341 1080 4383 causa
1104 4321 1139 4382 di
1164 4323 1283 4402 quella
1295 4323 1490 4384 benedetta
1511 4339 1588 4401 pre·

308 4430 467 4511 positura
490 4427 702 4509 Argentina.
750 4428 801 4490 La
831 4429 913 4509 qual
946 4448 1030 4491 cosa
1061 4449 1099 4491 se
1123 4436 1236 4491 stesse
1260 4449 1281 4490 a
1306 4447 1379 4509 me,
1411 4427 1471 4508 gia
1494 4426 1588 4488 saria

308 4534 403 4597 facta
427 4554 532 4597 senza
555 4534 763 4616 persuasion
789 4534 832 4596 ne
856 4543 979 4598 vostra
1004 4535 1048 4599 ne
1073 4536 1117 4598 de
1134 4535 1231 4598 altri:
1256 4534 1395 4598 benche
1411 4535 1446 4596 in
1463 4544 1589 4616 questa

308 4661 415 4703 eausa
439 4640 472 4701 io
496 4642 542 4702 ho
567 4640 664 4704 facto
690 4651 780 4703 tutto
805 4644 898 4723 quel,
923 4643 989 4704 che
1013 4644 1060 4704 ho
1084 4653 1230 4723 possuto
1254 4642 1331 4705 fare
1355 4662 1421 4723 per
1443 4644 1477 4703 el
1493 4641 1588 4703 dicto

309 4748 554 4830 Armastorph.
602 4747 648 4810 Et
681 4749 812 4811 duolmi
847 4750 912 4811 che
943 4748 1003 4811 del
1035 4751 1126 4812 bene
1158 4760 1193 4811 et
1223 4750 1350 4812 liberal
1381 4749 1435 4812 far
1459 4749 1529 4811 mio
1554 4747 1588 4811 io

309 4874 353 4917 ne
377 4854 511 4937 reporti
537 4860 564 4918 sl
594 4856 705 4919 strani
729 4865 764 4917 et
796 4855 1016 4938 inexpectati
1050 4856 1173 4937 fructi,
1206 4868 1242 4919 et
1265 4856 1363 4920 accio
1388 4857 1453 4919 che
1477 4855 1588 4921 inten-
