3559 5734
1639 552 2133 617 *43474254

605 709 1014 773 {infimitatis
1091 728 1298 773 aures
1371 707 1727 790 attingere
1794 707 2018 790 digna
2078 715 2424 769 censetur.
2536 700 2858 788 Accepto
2927 696 3164 784 itaque

605 821 857 881 nuncin
921 821 1005 881 de
1053 817 1402 880 Anthonii
1464 814 2063 896 Lothoringorum
2112 813 2331 876 Ducis
2379 813 2518 875 illmi
2575 833 2732 875 cum
2801 810 3027 893 copiis
3095 810 3162 871 in

601 929 977 989 aeditis-isus
1026 934 1096 986 et
1143 922 1498 987 hereticos
1548 931 1618 985 et
1665 922 2111 985 heresiarcas
2159 919 2612 1003 properantis
2659 928 2887 997 motu,
2950 918 3163 998 impu·

609 1033 853 1093 rissitni
909 1032 1191 1093 tandem
1238 1030 1339 1092 illi
1389 1029 1507 1111 qui
1556 1030 1820 1111 passim
1869 1049 2083 1111 agros
2134 1028 2452 1091 Alsatios
2484 1027 2708 1089 invasi
2742 1025 3160 1089 ecclesiasti·

605 1141 701 1201 ris·
753 1141 957 1201 honis
1006 1137 1454 1219 diripiendiS,
1502 1148 1909 1201 sanctorum
1957 1135 2478 1200 comminuendi
2525 1134 2784 1216 effigiis
2831 1132 3164 1196 basilicis-

609 1269 745 1325 (ψη
813 1249 901 1308 {ln
969 1245 1141 1329 ipsis
1203 1244 1412 1306 etiam
1467 1244 1996 1307 fundaminibus
2053 1243 2462 1307 evertendis
2509 1240 2880 1325 religionis
2930 1249 3001 1303 et
3032 1239 3169 1301 Dei

605 1365 1157 1433 rmntmnptnres,
1210 1351 1360 1414 dies
1410 1362 1801 1432 noctesque
1851 1353 2279 1432 tenebantur
2311 1370 2507 1413 arma
2537 1350 2607 1411 in
2639 1349 2812 1411 illud
2849 1340 3168 1410 sanctum

609 1461 765 1521 {izin-*i
841 1465 1172 1538 clypeum
1237 1459 1677 1521 Anthonium
1742 1479 2027 1521 sumere
2088 1478 2218 1540 per
2279 1468 2689 1538 turmasque
2751 1456 2890 1518 alio
2958 1465 3170 1536 atque

601 1569 741 1626 aliz-s
797 1569 997 1629 nobis
1046 1564 1383 1627 insidiari.
1480 1566 1558 1627 In
1610 1585 1788 1646 quos
1838 1566 1958 1627 ubi
2008 1568 2236 1628 classe
2286 1564 2633 1647 Princeps
2679 1572 3025 1646 pergeret
3070 1562 3167 1623 in-

605 1689 869 1733 structa
921 1673 1335 1751 ffiavernam,
1365 1672 1575 1734 fossis
1622 1671 2110 1753 menibusque,
2162 1671 2350 1734 omni
2400 1672 2613 1734 etiam
2661 1680 3169 1734 tormentorum

605 1785 1017 1841 ln--lli=-·.nrnn1
1099 1799 1367 1862 genere
1439 1777 1903 1858 munitissimi,
1971 1780 2312 1860 oppidum
2381 1799 2521 1840 non
2571 1780 2819 1860 procul
2882 1780 2975 1840 ab
3040 1778 3167 1839 Ar·

605 1889 933 1965 gentinis,
981 1886 1442 1950 suadentibus
1490 1885 1871 1967 oppidanis
1910 1886 2001 1948 ad
2034 1885 2393 1948 sexdecim
2426 1884 2650 1948 ferme
2684 1884 2902 1947 millia
2930 1884 3167 1947 confu-

609 2013 913 2057 ratmrnm
969 1996 1246 2057 illorum
1294 1994 1545 2074 armati
1593 2014 1750 2056 sese
1798 1994 2185 2076 recipiunt,
2248 1993 2655 2074 Principem
2718 1996 2835 2055 vel
2883 1991 2990 2072 vi,
3057 1993 3170 2053 vel

609 2105 805 2161 distin„
865 2105 969 2161 re]
1023 2100 1476 2163 cunctatione
1535 2099 1940 2184 opprimere
2002 2102 2509 2182 necquicquam
2571 2100 2728 2163 rati.
2823 2100 2999 2163 Mox
3060 2119 3169 2161 au—

609 2225 741 2269 tien]
801 2213 1093 2270 obsessa
1139 2208 1376 2270 idibus
1423 2207 1632 2270 Maiis
1681 2208 1980 2272 viriliter
2026 2212 2205 2272 urbe
2252 2209 2664 2290 paratisque
2726 2208 2795 2270 in
2869 2206 3171 2269 eversio-

613 2337 765 2377 nem
845 2315 1298 2396 r=.1†,=cessarii5,
1383 2316 1473 2378 de
1545 2315 1909 2379 deditione
1981 2336 2375 2379 sermonem
2445 2314 2802 2397 fingentes
2873 2315 3168 2377 aliorum

609 2425 1136 2485 suumn-lintum
1187 2421 1306 2503 qui
1364 2424 1457 2484 ad
1523 2443 1653 2485 sex
1721 2432 1792 2484 et
1860 2422 2333 2504 quadraginta
2395 2422 2613 2485 millia
2668 2423 2858 2484 haud
2925 2422 3173 2503 procul

609 2533 941 2605 ι’--ιὶμεπ’.ε,ιτῃ·,ἱ
993 2531 1171 2591 clam
1220 2529 1488 2591 auxilia
1535 2530 1929 2592 vocabant:
1979 2538 2076 2610 ut,
2126 2549 2339 2610 quum
2388 2529 2561 2592 nihil
2607 2532 2859 2592 horum
2906 2529 3174 2592 veritus

613 2641 945 2717 prirnzffipffi
997 2645 1145 2698 tuta
1193 2636 1378 2698 inter
1425 2638 1960 2718 componendas
2008 2656 2137 2718 spe
2184 2636 2566 2700 deditionis
2614 2657 2730 2700 res
2798 2636 3171 2699 arbitrare-

609 2761 717 2805 tur
769 2745 1043 2824 nunna,
1110 2743 1410 2806 undevis
1473 2742 2017 2824 opprimeretur.
2122 2740 2469 2826 Sequenti
2537 2756 2775 2808 autem
2838 2743 2954 2807 die
3016 2764 3173 2806 curn

621 2857 921 2913 :mmmm
977 2851 1148 2914 satis
1194 2850 1543 2913 illuxisset
1589 2852 1766 2913 hora
1814 2850 1936 2912 vix
1983 2872 2027 2913 a
2073 2851 2306 2914 media
2353 2861 2564 2915 nocte
2613 2853 2958 2932 secunda,
3015 2871 3174 2934 pro·

609 2961 769 3021 ditis
821 2958 1262 3037 prnditorum
1290 2959 1544 3021 horum
1575 2957 1854 3020 insidiis
1903 2957 2023 3039 qui
2064 2961 2313 3021 urbem
2359 2958 2758 3022 clanculum
2807 2959 2899 3021 ad
2957 2957 3178 3040 impia

617 3069 973 3129 molimina
1020 3066 1410 3144 cedebant,
1478 3063 1825 3127 instructa
1872 3073 1943 3127 et
1989 3065 2080 3126 ad
2128 3084 2443 3147 pugnam
2492 3076 2638 3129 tum
2688 3086 2974 3149 quoque
3021 3085 3175 3128 nos-

609 3187 717 3233 tra
765 3185 1014 3253 par-rita
1060 3172 1252 3235 acies
1299 3192 1467 3234 mox
1513 3170 1815 3252 irruenS,
1857 3172 2200 3234 truncatis
2247 3193 2434 3254 pene
2483 3183 2760 3256 septem
2807 3184 2879 3237 et
2927 3175 3176 3236 decem

613 3281 913 3341 millibus
965 3282 1139 3342 urbe
1206 3278 1495 3362 potitur.
1605 3278 2306 3360 Appropinquabant
2369 3280 2644 3343 interea
2705 3281 2798 3343 ad
2864 3280 3177 3362 quinque

609 3389 818 3449 millii-,1
889 3385 1477 3450 ferocissimorum
1571 3384 1931 3447 hominum
2018 3383 2453 3450 Savernanis
2515 3387 2882 3470 suppetias
2943 3386 3177 3466 laturi,

609 3497 725 3573 qni
777 3509 841 3557 et
897 3515 1034 3557 nnn
1083 3495 1333 3575 procul
1382 3492 1548 3556 hinc
1598 3493 1669 3555 in
1719 3491 1888 3554 villa
1938 3494 2243 3573 quadam
2292 3494 2602 3575 obsessi,
2671 3514 2830 3557 cum
2878 3515 3009 3557 nec
3063 3495 3178 3556 de-

613 3605 777 3661 ‹lwrzz-
833 3625 989 3661 μνη-’.Ε
1038 3621 1169 3664 nec
1218 3600 1625 3682 supplicare
1673 3602 2025 3682 placeret,
2076 3610 2222 3662 tum
2270 3600 2568 3682 gladiis,
2638 3610 2788 3664 tum
2850 3602 3019 3683 igne
3087 3600 3178 3663 ad

617 3733 821 3769 unum
877 3708 1271 3788 consumpti
1319 3707 1705 3789 perierunt.
1801 3708 2028 3769 Porro
2076 3717 2496 3789 maturante,
2545 3712 2761 3771 rebus
2804 3708 2903 3771 ita
2933 3709 3179 3791 gestiS,

617 3837 1009 3893 [migreffinm
1060 3814 1428 3878 Anthonio
1477 3816 1569 3877 ad
1618 3814 1802 3876 XIII
1836 3815 1978 3876 kal.
2010 3812 2259 3892 Junias
2308 3835 2477 3878 ecce
2523 3816 2782 3898 viginti
2827 3836 3013 3898 pene
3061 3816 3178 3877 ho-

617 3925 865 3985 minnm
937 3921 1242 3985 millibus
1321 3923 1408 3983 ad
1492 3934 1851 3985 certamen
1916 3921 2186 4003 paratis
2239 3920 2319 3983 fit
2376 3922 2648 3985 obviuS.
2764 3921 3182 4003 Accingitur

621 4049 909 4109 uir-'isliu‘
965 4028 1150 4091 acies
1200 4017 1290 4091 ad
1331 4029 1595 4091 bellum
1629 4028 1793 4091 hinc
1823 4027 1990 4090 inde
2025 4038 2096 4090 et
2128 4039 2481 4091 tormenta
2511 4028 2771 4092 bellica
2818 4029 2948 4115 (illi
2996 4029 3181 4092 enim

617 4157 753 4197 nnn
813 4137 1139 4213 vulgares
1188 4146 1258 4196 et
1305 4134 1567 4197 abiecti
1606 4135 1732 4197 sed
1780 4135 1973 4197 bello
2023 4135 2533 4218 assuetissimi);
2585 4135 2665 4198 fit
2712 4146 2991 4219 strages
3039 4157 3180 4199 non

625 4241 1012 4305 munditiei-is.
1106 4240 1198 4304 Et
1243 4241 1572 4323 profecto
1623 4261 1891 4322 anceps
1939 4240 2060 4303 diu
2091 4240 2409 4322 victoria,
2459 4246 2639 4305 duce
2687 4244 2975 4307 tandem
3022 4243 3180 4306 Deo

625 4353 885 4429 ..primm
941 4348 1243 4413 maximo
1280 4348 1478 4411 cuius
1508 4369 1622 4411 res
1655 4350 2027 4430 agebatur,
2077 4349 2533 4432 Lotharingis
2565 4350 2763 4432 favit,
2813 4350 3180 4432 caesisque

621 4461 705 4517 nul
765 4478 1017 4519 numm
1066 4476 1250 4538 pene
1298 4455 1576 4519 illorum
1626 4453 2393 4536 impudentissimorum
2441 4457 2768 4539 millibus,
2809 4458 3063 4540 reliqui
3111 4459 3180 4520 in

617 4569 917 4645 abruptis.
969 4563 1306 4626 montium
1353 4561 2035 4644 angustissimosque
2083 4564 2312 4643 lucOS,
2377 4565 2516 4628 loci
2562 4586 2645 4628 ac
2693 4565 2922 4630 noctis
2967 4569 3178 4630 bene·

625 4673 777 4733 nstin
833 4693 989 4733 effuse
1045 4680 1491 4751 receperunt.
1600 4668 1885 4749 Quanta
1945 4678 2178 4732 autem
2238 4671 2319 4734 Β.
2383 4673 2463 4735 Ρ.
2521 4672 2658 4736 Dei
2728 4673 3182 4755 providentia

617 4781 681 4837 iti
737 4801 889 4857 xivg:
909 4781 997 4837 =tii
1031 4775 1481 4858 processerit,
1530 4774 1742 4837 fuerit
1774 4774 2184 4839 coniectura
2214 4777 2467 4859 facilis,
2498 4779 2608 4843 his
2639 4779 2759 4862 qui
2788 4791 2934 4843 tres
2965 4780 3179 4844 victo-

617 4889 753 4945 rina:
809 4889 1114 4971 =1ninque
1164 4882 1515 4947 continuis
1564 4881 1816 4944 diebus
1862 4882 2171 4968 principi
2224 4886 2349 4948 vix
2398 4889 2644 4950 decem
2705 4898 3180 4977 pugnatorum
