3559 5734
764 522 822 582 ΡΒ
861 528 914 583 272
952 526 1010 580 θ’

247 687 292 731 un
319 690 491 735 concorso
506 671 565 755 piu
583 675 720 755 grande
736 676 802 738 che
819 696 929 738 ancor
943 675 1023 756 mai,
1048 676 1107 738 del
1131 677 1197 738 che
1221 676 1291 739 Dio
1315 675 1357 738 sii
1381 678 1528 739 laudato

247 766 321 839 che⁸
338 779 382 840 de
406 781 476 842 ben
500 780 536 843 in
561 781 692 863 meglio
716 784 752 844 ia
776 803 860 846 cosa
884 784 1036 846 succede
1060 792 1186 846 contra
1219 782 1335 864 questi
1366 782 1528 846 heretici.

247 882 345 949 Sono
369 889 560 950 tuttavolta
582 909 716 952 ancora
739 894 797 971 qui
822 890 868 952 de
893 892 984 954 male
1008 889 1120 972 spine,
1145 888 1332 972 presertim
1350 890 1395 952 de
1419 889 1530 971 quelli

247 993 312 1055 che
337 996 466 1058 voleno
490 1007 663 1059 mostrare
688 1017 786 1061 esser
809 997 845 1059 di
870 1001 988 1060 bunne
1011 999 1138 1060 lettere
1162 1006 1256 1060 sotto
1273 1006 1399 1078 questo
1423 1016 1529 1059 nome

247 1108 283 1162 et
305 1101 387 1163 tutti
411 1103 505 1165 della
529 1105 652 1167 schola
676 1103 711 1167 di
736 1107 854 1186 quello
878 1105 992 1168 amico
1024 1106 1090 1167 che
1120 1102 1179 1186 qui
1213 1106 1259 1167 ha
1286 1113 1387 1167 tanto
1411 1124 1527 1166 nome.

246 1206 307 1269 Ma
331 1208 532 1290 besogner'a
557 1212 623 1273 che
647 1211 840 1275 abbassino
873 1211 895 1273 l’
917 1211 1082 1295 orgoglio
1116 1223 1151 1274 et
1180 1211 1362 1274 retornino
1391 1212 1437 1273 ad
1466 1231 1530 1274 cor

245 1313 358 1377 velint
382 1316 505 1397 nolint,
530 1319 643 1400 prima
667 1339 732 1399 per
756 1318 947 1409 leiustitia
971 1321 1066 1383 della
1091 1340 1198 1382 causa
1222 1328 1364 1397 nostra,
1396 1318 1527 1381 deinde

246 1441 312 1503 per
325 1424 359 1485 le
376 1443 525 1487 censure
540 1424 736 1506 apostolice
754 1437 790 1489 et
806 1429 926 1490 buono
941 1426 1066 1490 ordine
1084 1427 1168 1489 dato
1185 1426 1325 1488 (1ει151110
1346 1435 1527 1508 postremo

244 1548 310 1609 per
336 1548 433 1592 esser
457 1532 491 1593 el
515 1533 615 1594 voler
650 1532 685 1593 di
711 1531 820 1596 Cesar
851 1534 1034 1598 conforme
1068 1542 1103 1596 et
1135 1533 1327 1596 obediente
1355 1535 1426 1595 alla
1449 1553 1525 1595 sen-

245 1636 357 1698 tentia
381 1648 417 1699 et
440 1638 585 1701 decreto
610 1639 645 1702 di
671 1637 744 1703 Sua
768 1638 914 1703 Santita.

336 1744 472 1809 Perchc
497 1744 658 1810 Sabbato
690 1768 760 1810 non
784 1747 823 1810 fu
847 1748 972 1811 ordine
998 1749 1041 1812 ne
1066 1758 1271 1831 opportuno
1295 1747 1362 1811 che
1386 1767 1425 1809 se
1448 1766 1527 1827 pre·

244 1850 384 1915 dicasse
408 1852 443 1916 in
469 1874 576 1916 causa
599 1854 635 1917 di
653 1854 797 1933 Luther,
821 1854 858 1917 fu
883 1876 1040 1919 remessa
1064 1856 1098 1918 la
1120 1875 1205 1919 cosa
1229 1853 1317 1918 aldi
1342 1864 1525 1936 sequente,

243 1958 333 2021 satta
353 1962 441 2041 pero
465 1962 500 2023 la
524 1960 720 2025 intimation
746 1963 780 2024 al
804 1964 950 2045 populo,
975 1963 1009 2025 el
1032 1964 1116 2044 qual
1130 1961 1319 2025 Dominica
1338 1981 1523 2041 comparse

243 2068 313 2128 alla
337 2068 473 2147 grande
497 2068 618 2132 chiesa
650 2068 684 2132 in
708 2070 946 2153 grandissimo
982 2090 1128 2134 numero
1162 2078 1198 2133 et
1222 2069 1300 2133 fece
1325 2070 1359 2132 el
1382 2087 1525 2131 sermon

244 2193 290 2235 un
317 2175 436 2238 dottor
460 2176 495 2238 di
519 2177 679 2241 Lovanio
704 2177 785 2240 dell'
811 2177 937 2241 ordine
961 2176 997 2239 di
1020 2176 1212 2257 Carmeliti,
1236 2179 1367 2239 huomo
1392 2175 1427 2237 di
1451 2194 1524 2238 cre·

244 2280 317 2344 dito
343 2291 379 2345 et
401 2303 491 2365 gran
517 2284 654 2347 nemico
679 2283 714 2347 di
738 2295 865 2366 questa
889 2294 1004 2358 secta;
1029 2284 1238 2348 similmente
1254 2284 1287 2346 el
1302 2283 1337 2345 di
1352 2292 1525 2363 sequente

243 2389 309 2452 che
333 2388 370 2451 iu
390 2392 424 2452 la
441 2390 644 2454 dedication
668 2391 704 2453 di
719 2399 846 2473 questa
860 2391 990 2455 Chiesa
1006 2392 1039 2454 el
1055 2391 1221 2473 predetto
1245 2388 1325 2453 fece
1349 2389 1405 2452 un'
1431 2391 1524 2453 altro

243 2515 406 2559 sermone
431 2517 539 2560 ancor
563 2508 688 2561 contra
721 2499 854 2561 Luther
883 2519 950 2561 con
982 2500 1100 2560 buona
1129 2495 1333 2559 edification
1363 2496 1399 2558 di
1432 2494 1524 2575 tutti,

243 2614 279 2664 et
302 2602 512 2667 similmente
536 2604 657 2668 fecero
682 2605 707 2669 li
729 2606 866 2688 pastori
900 2607 994 2669 delle
1024 2605 1143 2668 chiese
1173 2603 1397 2685 parrochiale
1431 2613 1467 2665 et
1499 2602 1525 2665 li

242 2710 457 2775 mendicanti
481 2712 541 2776 alli
566 2713 660 2794 quali
685 2712 719 2775 io
744 2714 860 2776 havea
882 2712 973 2775 fatto
998 2711 1216 2775 admonition
1241 2709 1276 2772 di
1291 2719 1415 2792 questa
1440 2729 1526 2772 cosa

245 2818 457 2882 auctoritate
492 2820 709 2903 apostolica,
739 2828 775 2883 et
807 2820 829 2883 l'
861 2821 980 2883 hanno
1015 2819 1105 2884 fatto
1136 2827 1233 2882 certo
1267 2815 1456 2882 volentieri
1488 2825 1525 2881 et

242 2925 346 2988 bene.
393 2926 462 2990 Del
486 2936 577 2991 tutto
602 2927 671 2990 Dio
695 2928 851 2990 laudato

331 3034 370 3096 Io
395 3054 501 3116 spero
525 3037 591 3098 che
615 3035 706 3098 fatta
729 3036 764 3097 la
788 3034 978 3098 execution
1002 3032 1037 3095 in
1062 3030 1237 3096 Gandavo
1262 3040 1298 3095 et
1320 3031 1357 3093 in
1377 3030 1524 3093 Hollan·

242 3140 302 3203 dia
324 3141 404 3204 sara
426 3141 497 3205 fine
522 3143 593 3205 alla
615 3141 685 3205 mia
708 3140 973 3221 commissione,
1008 3142 1043 3203 la
1074 3140 1159 3220 qual
1182 3140 1215 3201 el
1239 3136 1374 3221 Spirito
1398 3145 1523 3199 sancto

241 3267 308 3328 per
330 3269 465 3311 summa
489 3248 598 3312 bonta
623 3251 671 3312 ha
695 3251 866 3312 condutta
889 3270 912 3310 a
940 3250 1013 3311 bon
1036 3253 1158 3328 porto;
1191 3265 1249 3309 ma
1277 3243 1311 3307 io
1347 3263 1419 3306 non
1449 3242 1523 3305 scio

242 3375 307 3439 per
331 3357 396 3418 che
420 3356 479 3420 via
502 3377 557 3419 me
581 3377 626 3419 ne
650 3367 813 3420 retornar
836 3377 858 3417 a
881 3354 1015 3434 Roma,
1051 3353 1182 3435 perche
1215 3353 1251 3414 la
1282 3348 1474 3415 Germania
1504 3348 1523 3412 ὲ

242 3473 403 3544 sospetta
426 3484 496 3526 non
522 3464 634 3526 solum
658 3465 816 3527 secundo
841 3464 874 3525 el
900 3481 962 3525 suo
988 3469 1158 3523 consueto
1174 3457 1210 3521 di
1225 3459 1338 3522 haver
1361 3459 1395 3520 le
1412 3463 1524 3519 strate

241 3572 311 3633 mal
335 3571 466 3649 sicure,
490 3591 548 3634 ma
571 3591 703 3634 ancora
727 3582 763 3633 et
786 3570 846 3652 piu
871 3590 938 3651 per
961 3569 1044 3650 quel
1068 3567 1287 3630 ladroncello
1318 3564 1355 3630 di
1385 3564 1524 3627 Hutten

242 3689 278 3740 et
301 3678 379 3741 suoi
402 3677 584 3760 complici,
612 3677 637 3741 li
660 3678 756 3761 quali
781 3698 851 3740 non
875 3678 894 3738 ὁ
919 3674 1053 3739 dubbio
1078 3675 1143 3737 che
1167 3694 1223 3737 me
1247 3673 1438 3737 sarebbero
1464 3670 1521 3733 de·

242 3785 403 3867 spiacere
427 3805 465 3849 se
490 3797 692 3869 potessero;
718 3787 761 3849 ne
786 3806 851 3868 per
874 3786 910 3847 la
933 3784 1071 3846 Franza
1095 3783 1113 3845 ὲ
1139 3782 1185 3844 da
1207 3780 1366 3861 fidarmi,
1389 3776 1522 3860 perche

241 3914 280 3958 se
304 3913 360 3956 me
384 3902 569 3957 arestorno
593 3894 736 3975 quando
766 3892 800 3954 io
829 3911 966 3969 venes,
1002 3890 1153 3954 essendo
1185 3890 1218 3952 le
1249 3908 1333 3951 cose
1363 3886 1399 3948 in
1431 3887 1523 3948 altro

242 4010 346 4079 stato,
371 4001 389 4064 ἐ
414 4002 460 4063 da
484 4001 608 4064 creder
632 4002 699 4064 che
716 3999 850 4083 peggio
865 3999 1016 4062 iaranno
1032 3997 1196 4060 addesso.
1234 3994 1294 4058 Me
1311 4013 1377 4077 par
1390 4011 1523 4055 ancora

241 4106 406 4171 intendet
430 4110 496 4171 che
520 4118 688 4190 questoro
713 4114 771 4189 qui
796 4127 867 4170 non
882 4107 1012 4169 voleno
1028 4105 1093 4167 che
1109 4104 1142 4166 io
1159 4102 1292 4166 retorni
1308 4118 1374 4184 per
1386 4100 1524 4163 Franza

242 4224 279 4278 et
301 4215 361 4297 gii
386 4217 500 4280 melo
524 4217 571 4279 ha
594 4216 693 4278 detto
717 4235 788 4278 uno
813 4214 871 4277 dei
896 4211 1042 4294 grandi;
1068 4215 1096 4275 si
1121 4212 1187 4274 che
1204 4230 1275 4273 non
1299 4208 1372 4274 scio
1396 4210 1431 4271 lo
1456 4207 1523 4271 che

241 4323 364 4387 habbii
387 4324 433 4386 ad
457 4322 522 4386 far.

332 4433 408 4494 Ben
441 4429 658 4493 desiderarei
686 4431 807 4512 parlar
831 4450 898 4491 con
923 4430 957 4491 el
980 4424 1213 4490 Sanctissimo
1237 4434 1273 4488 et
1297 4423 1341 4490 V.
1366 4420 1402 4486 S.
1426 4421 1523 4485 Rma

241 4561 307 4622 per
331 4542 396 4602 dar
419 4539 544 4602 ordine
568 4540 634 4601 che
659 4547 783 4620 questa
800 4535 1042 4600 maledittione
1066 4554 1137 4597 non
1153 4531 1329 4614 reanuli,
1354 4540 1390 4594 et
1406 4530 1523 4611 questi

243 4646 412 4711 Germani
444 4667 515 4710 non
539 4645 670 4709 intrino
704 4646 750 4708 da
773 4665 891 4711 nuovo
922 4643 959 4706 in
983 4644 1102 4725 quello
1133 4639 1232 4703 furor
1263 4639 1328 4702 che
1352 4657 1461 4703 erano
1486 4636 1522 4700 in

242 4758 278 4817 la
301 4754 398 4817 dieta
427 4752 611 4836 imperiale
642 4762 679 4817 et
701 4773 812 4817 ancor
841 4772 907 4834 per
931 4749 1070 4829 avanti,
1105 4749 1131 4812 il
1154 4749 1220 4812 che
1252 4755 1349 4811 certo
1380 4765 1419 4811 se
1450 4746 1523 4826 pud

241 4860 403 4947 prohibir
426 4881 491 4943 per
515 4859 613 4923 molti
636 4859 745 4923 buoni
769 4858 890 4942 moggi
914 4867 950 4921 et
974 4857 1041 4921 vie.
