3559 5734
834 553 893 607 (μδ
935 552 986 609 128
1025 551 1082 606 Ἦ

318 699 428 762 nostri
463 713 663 782 erumperet
688 721 753 763 nec
778 699 934 763 divinam
960 720 1101 762 causam
1127 699 1262 762 violare
1286 709 1472 781 pergeret,
1506 705 1599 783 quod

318 805 369 868 eis
393 805 545 870 libenter
569 806 835 888 ignosceremus
850 828 956 889 quum
974 809 1188 870 laetaremur
1202 807 1426 870 occasionem
1444 811 1600 872 oblatam

318 915 543 978 exercendae
574 925 718 978 nostrae
749 925 785 978 et
808 914 1042 997 benignitatis
1066 924 1102 977 et
1126 915 1352 988 clementiae;
1386 916 1508 978 sedin
1532 916 1602 979 Dei

317 1023 454 1083 honore
485 1021 521 1084 in
550 1021 635 1085 fidei
668 1033 813 1086 sanctae
845 1022 1042 1085 catholicae
1074 1042 1181 1085 causa
1209 1023 1238 1084 si
1263 1042 1388 1085 severe
1413 1033 1449 1085 et
1471 1022 1603 1086 acriter

318 1138 379 1190 aut
403 1127 549 1210 egimuS,
575 1139 635 1192 aut
659 1150 778 1193 sumus
802 1129 925 1208 acturi,
950 1150 1021 1192 non
1046 1128 1082 1191 id
1106 1130 1284 1193 hominum
1310 1130 1416 1193 etiam
1440 1130 1602 1193 inimicis·

318 1236 485 1297 simorum
510 1235 603 1317 odio,
628 1257 718 1318 quos
743 1247 778 1299 et
801 1257 866 1300 nos
890 1237 959 1320 ipsi
984 1239 1102 1300 salvos
1127 1257 1205 1301 esse
1223 1239 1392 1319 cupimuS,
1416 1239 1480 1301 sed
1495 1240 1602 1300 modo

318 1351 470 1423 urgente
496 1342 615 1406 officio
639 1353 694 1407 est
713 1344 928 1425 faciendum,
953 1366 1155 1427 quanquam
1171 1344 1240 1408 illis
1255 1346 1376 1409 brevis
1390 1346 1436 1409 ad
1451 1349 1603 1410 salutem

319 1449 371 1512 ira
408 1462 535 1531 parata
570 1459 642 1531 est,
677 1452 884 1533 penitentia.
933 1453 1068 1516 Verum
1103 1453 1200 1535 quod
1237 1453 1350 1519 nobis,
1364 1451 1604 1516 scribentibus

319 1555 436 1618 fuerat
466 1557 688 1638 propositum
722 1559 755 1621 ei
786 1560 921 1640 gratias
951 1570 1034 1623 tuae
1066 1559 1242 1622 nobilitati
1268 1563 1440 1622 maximas
1464 1559 1604 1643 agimus

319 1671 356 1725 et
379 1673 417 1725 ut
441 1678 502 1726 tua
525 1663 592 1726 ista
616 1664 788 1746 singulari
812 1667 1025 1730 auctoritate
1049 1677 1084 1729 et
1107 1669 1297 1748 prudentia
1321 1670 1367 1730 ad
1392 1668 1601 1750 extinguen-

320 1771 402 1832 dum
433 1771 550 1851 quoad
580 1771 712 1835 licitum
746 1772 853 1837 fuerit
883 1774 1084 1837 incendium
1115 1783 1210 1837 tuam
1244 1774 1466 1838 nobilitatem
1496 1776 1603 1858 pluri-

320 1897 414 1940 mum
438 1877 473 1939 in
490 1878 643 1942 Domino
668 1881 859 1961 hortamur,
885 1882 977 1944 sicut
1002 1903 1079 1959 cum
1105 1883 1230 1945 eadem
1254 1883 1376 1946 dilecti
1400 1881 1461 1944 filii
1485 1883 1606 1946 nuncii

321 1985 432 2047 nostri
471 1998 601 2068 agent,
639 1987 768 2068 quibus
807 1987 913 2052 fidem
953 2009 1093 2053 ornnem
1127 1989 1286 2052 habebit.
1344 1991 1426 2053 Dat.
1462 1989 1605 2053 Romae

321 2092 423 2155 XVI.
448 2092 568 2156 Martii
597 2114 674 2173 ¹52¹
702 2115 795 2160 anno
820 2098 988 2175 octav01).

937 2600 991 2664 52.

564 2723 652 2803 Leo
681 2724 723 2805 X.
753 2721 949 2824 taorgio
977 2725 1093 2805 Duri
1121 2723 1367 2807 Saronico.

769 2863 912 2934 (Nmolat.
925 2864 1049 2923 (tarmen.
1063 2863 1094 2921 1..
1107 2864 1160 2936 39.)

716 2976 790 3035 (Cum
818 2974 913 3023 litteris
945 2987 983 3036 19.
1007 2975 1097 3023 Martii
1128 2978 1213 3038 1521.)

413 3101 553 3163 Dilecte
587 3098 647 3162 fili.
695 3099 770 3161 Etsi
806 3120 876 3162 non
914 3099 1115 3162 dubitemus
1149 3100 1369 3163 nobilitatem
1405 3112 1500 3164 tuam
1537 3122 1610 3183 qua

324 3206 443 3289 coepit
474 3206 604 3269 virtute
637 3206 670 3268 in
703 3228 745 3269 ea
777 3218 812 3268 et
850 3204 931 3269 fidei
955 3207 1152 3269 catholicae
1177 3217 1213 3270 et
1238 3206 1272 3270 S.
1299 3209 1346 3270 R.
1371 3209 1410 3271 E.
1435 3210 1610 3272 adversus

324 3313 543 3396 impietatem
569 3334 688 3377 eorum
714 3313 833 3395 quiet
858 3335 970 3376 novas
995 3315 1155 3377 excitare
1179 3316 1324 3378 hereses
1349 3325 1385 3377 et
1407 3327 1548 3377 veteres
1565 3336 1610 3378 ac

325 3423 511 3483 damnatas
534 3441 706 3483 revocare
730 3433 905 3485 conantur
929 3421 1166 3500 defendenda,
1192 3425 1340 3485 eandem
1356 3442 1466 3504 usque
1484 3424 1529 3484 ad
1547 3443 1608 3484 ex·

325 3538 473 3591 tremum
498 3540 817 3610 perseveraturam,
842 3540 916 3592 turn
940 3550 1019 3592 cum
1043 3540 1183 3610 tempus
1198 3530 1351 3592 maxime
1368 3539 1610 3612 opportunum

325 3638 467 3698 adesset
501 3656 647 3718 operam
678 3646 714 3699 et
744 3637 994 3700 authoritatem
1027 3644 1123 3698 tuam
1154 3646 1193 3698 ut
1220 3637 1410 3699 adhiberes
1435 3638 1479 3698 ad
1503 3635 1614 3713 reseis

326 3744 451 3806 lendos
484 3744 637 3825 impetus
668 3744 814 3807 istorum
846 3746 905 3826 qui
934 3765 1022 3827 prae
1054 3764 1118 3806 sua
1151 3752 1185 3806 et
1209 3744 1402 3807 ambitione
1427 3754 1463 3806 et
1486 3743 1610 3824 iniqua

325 3850 509 3913 iracundia
539 3871 665 3932 pacem
690 3855 922 3933 perturbare,
954 3853 1087 3915 zizania
1111 3853 1303 3932 seminare,
1334 3851 1452 3914 omnia
1475 3852 1610 3913 acerbo

325 3958 490 4021 incendio
523 3958 739 4039 permiscere
771 3961 1007 4033 contendunt;
1040 3959 1153 4022 visum
1183 3958 1249 4021 fuit
1273 3958 1377 4020 nobis
1400 3959 1464 4019 has
1489 3959 1610 4019 denuo

327 4067 373 4129 ad
403 4065 624 4147 nobilitatem
656 4076 751 4128 tuam
785 4065 941 4129 scribere
972 4067 1110 4130 litteras
1134 4076 1240 4148 teque
1265 4064 1301 4127 in
1326 4065 1477 4127 Domino
1504 4067 1610 4126 vehe-

327 4186 463 4237 menter
487 4174 680 4254 exhortari,
709 4185 747 4235 ut
770 4195 849 4236 curn
874 4174 1059 4255 pristinam
1083 4183 1178 4236 tuam
1203 4173 1372 4255 pietatem
1397 4182 1503 4251 atque
1528 4190 1610 4252 pru·

328 4280 483 4344 dentiam
508 4292 581 4343 tum
604 4292 762 4345 veterem
786 4283 925 4345 laudem
943 4282 1113 4344 maiorum
1129 4292 1279 4359 tuorum,
1300 4299 1448 4361 quorum
1465 4277 1499 4340 in
1516 4280 1612 4341 hanc

327 4398 485 4452 sanctam
517 4387 648 4451 Sedem
691 4410 833 4471 semper
867 4392 1055 4471 praeclara
1094 4387 1211 4453 extitit
1247 4389 1430 4465 voluntas,
1466 4386 1500 4447 in
1540 4386 1612 4448 hoc

328 4496 480 4559 maxime
504 4496 610 4577 facto,
634 4499 703 4559 hoc
727 4497 897 4579 precipue
922 4508 1082 4577 tempore
1103 4494 1253 4557 concilio
1270 4495 1378 4556 totius
1395 4491 1612 4556 Germaniae

328 4623 515 4685 procerum
540 4615 666 4666 coacto
691 4625 913 4685 expromere,
938 4615 974 4665 et
997 4604 1220 4684 perspicuam
1246 4601 1408 4664 omnibus
1432 4599 1551 4662 facere
1566 4620 1612 4662 ac

329 4730 471 4773 causam
502 4708 658 4773 Sanctae
682 4711 870 4773 Romanae
897 4711 1078 4791 Ecclesiae
1111 4708 1161 4771 ita
1192 4718 1398 4771 constanter
1429 4705 1519 4770 tueri
1550 4708 1613 4769 ad-

359 4904 379 4975 ¹)
399 4908 525 4958 Similiter
544 4910 669 4974 scriptum
691 4909 739 4957 suit
758 4907 835 4957 etiarn
856 4907 991 4957 Cerdinali
1011 4907 1177 4969 Moguntino.
