3559 5734
733 610 979 667 *ebalo-³

220 755 284 816 che
309 758 470 818 bastasse
494 755 667 818 mandarli
698 776 744 818 un
777 776 895 820 nuovo
928 756 1057 820 nuncio
1087 777 1154 820 con
1178 758 1279 820 brevi
1304 755 1496 841 opportuni

220 859 318 922 iuxta
342 862 373 923 el
401 861 535 924 scriver
559 863 616 924 del
640 862 782 943 prefato
807 863 1017 926 Tridentino
1047 873 1083 926 et
1106 884 1128 926 a
1151 875 1276 945 questo
1302 863 1425 927 effetto
1449 865 1496 928 iu-

220 967 351 1029 dicarei
375 971 495 1031 buono
519 970 554 1031 lo
578 968 757 1051 Episcopo
787 972 856 1034 mio
887 969 1081 1050 Scarense,
1109 971 1134 1033 il
1162 973 1266 1052 quale
1294 975 1374 1034 vale
1405 972 1497 1035 assai

220 1073 343 1155 lingua
368 1084 405 1137 et
419 1074 580 1138 doctrina
605 1080 752 1140 ethera
776 1097 928 1140 conosce
953 1078 1033 1141 tutti
1057 1078 1081 1140 li
1109 1077 1272 1159 principi,
1297 1089 1332 1140 et
1356 1080 1498 1160 quando

220 1201 284 1263 per
308 1182 441 1245 maiore
467 1184 642 1245 autharith
668 1184 788 1266 voglia
812 1183 854 1246 N.
879 1182 916 1245 S.
941 1181 1169 1265 aggiungerli
1203 1183 1227 1246 il
1259 1185 1400 1266 prefato
1426 1185 1497 1248 Tri-

221 1287 366 1350 dentino
390 1288 486 1351 forse
511 1310 582 1353 non
607 1293 759 1354 sarebbe
782 1292 894 1364 male;
919 1290 1035 1352 iudico
1052 1293 1123 1354 ben
1140 1292 1206 1353 che
1221 1311 1292 1353 non
1313 1292 1365 1354 sia
1388 1295 1497 1355 molto

221 1397 254 1457 al
278 1396 462 1477 proposito
487 1416 680 1477 procurare
704 1399 770 1460 che
794 1398 818 1459 li
843 1397 975 1460 oratori
1000 1397 1093 1460 deli
1118 1398 1196 1460 altri
1220 1418 1259 1460 re
1284 1409 1320 1461 et
1347 1399 1498 1480 principi

221 1503 242 1563 li
269 1503 540 1585 intervenganO,
566 1505 739 1567 ancorche
764 1525 803 1566 se
826 1525 895 1586 pur
918 1504 942 1566 li
966 1525 1004 1566 se
1028 1505 1167 1567 facesse
1192 1509 1342 1587 qualche
1366 1509 1497 1569 resolu-

221 1609 316 1671 tione
341 1631 410 1672 non
436 1613 555 1673 buona
579 1613 645 1673 che
669 1611 807 1673 iussero
832 1612 909 1673 loro
933 1612 1010 1689 soli,
1035 1621 1071 1673 et
1098 1614 1133 1674 la
1164 1609 1259 1674 Sede
1289 1613 1498 1694 Apostolica

222 1737 259 1778 se
283 1728 427 1797 potesse
451 1722 639 1799 prevalere
664 1719 709 1780 de
741 1720 774 1780 le
797 1720 887 1780 altre
912 1718 1045 1780 nationi
1071 1739 1170 1782 come
1195 1722 1312 1800 quelle
1338 1721 1403 1783 che
1428 1741 1497 1782 non

223 1822 253 1883 ci
277 1823 415 1886 iussero
440 1825 664 1889 intervenute
688 1825 732 1887 ne
757 1827 841 1887 dato
864 1825 889 1887 il
914 1846 1103 1896 consenso;
1128 1835 1164 1889 et
1178 1839 1305 1908 reputo
1322 1828 1387 1889 che
1404 1849 1483 1890 man

223 1931 307 1992 dare
331 1931 394 1993 tali
419 1933 551 2018 oratori
576 1933 611 1995 iu
636 1931 827 1995 Germania
856 1953 927 1995 non
959 1932 1055 1995 fusse
1086 1935 1195 1995 molto
1224 1933 1340 1996 sicuro
1367 1935 1498 2016 perche

222 2038 423 2101 lacilmente
449 2051 484 2101 et
509 2060 574 2101 con
601 2040 695 2102 mille
724 2039 780 2101 vie
812 2042 1038 2120 potrebbono
1063 2061 1183 2103 essere
1207 2039 1353 2103 corrotti
1378 2048 1414 2102 et
1449 2041 1498 2102 in·

222 2145 311 2207 ‹lutti
339 2169 357 2208 a
382 2147 585 2209 consentire
611 2150 762 2228 qualche
788 2148 981 2210 disordinc.

311 2251 445 2331 Questo
470 2227 488 2316 i
513 2267 646 2335 quanto
671 2258 704 2317 al
729 2266 895 2336 presente
914 2254 959 2316 mi
975 2274 1121 2316 occorre
1139 2254 1172 2315 in
1191 2265 1317 2334 questa
1333 2254 1499 2326 materia:

222 2359 245 2420 il
262 2361 364 2438 quale
378 2371 470 2423 tutto
484 2362 624 2423 rimetto
642 2363 675 2423 al
690 2361 951 2442 sapientissimo
968 2360 1099 2422 iudicio
1117 2361 1152 2422 di
1170 2361 1205 2423 S.
1223 2361 1285 2422 B¹¹⁰
1307 2372 1342 2423 et
1358 2362 1500 2442 quando

227 2466 262 2525 V.
292 2466 329 2528 S.
355 2487 507 2530 conosca
532 2471 597 2530 che
630 2467 664 2530 in
697 2471 847 2551 qualche
880 2477 983 2550 parte
1013 2467 1171 2543 manchi,
1202 2469 1354 2549 pregola
1386 2488 1451 2548 per
1478 2468 1500 2528 l’

223 2594 320 2633 antor
345 2575 410 2634 che
434 2576 467 2636 la
492 2575 538 2636 mi
562 2586 665 2657 porta
690 2575 808 2655 voglia
833 2578 1036 2654 corregerlo
1060 2584 1095 2635 et
1111 2575 1168 2636 nol
1186 2576 1343 2654 legerea
1360 2572 1396 2639 S.
1412 2575 1499 2637 Bne.

312 2680 389 2741 Non
415 2683 551 2743 restare
575 2682 708 2745 anchor
732 2683 767 2743 di
792 2682 867 2743 dire
893 2702 914 2742 a
939 2681 980 2744 V.
1007 2682 1043 2744 S.
1075 2683 1141 2743 che
1172 2683 1280 2743 molto
1311 2692 1366 2742 sto
1390 2701 1500 2743 mera·

223 2786 370 2867 vigliato
396 2789 439 2848 de
464 2809 534 2850 una
559 2791 684 2869 parola
708 2790 772 2851 che
797 2788 826 2851 si
857 2787 953 2870 legia
984 2789 1076 2849 nella
1106 2789 1234 2849 lettera
1267 2788 1324 2850 del
1356 2787 1500 2850 Triden-

223 2892 296 2955 tino
322 2895 415 2956 dove
439 2895 623 2957 soadendo
648 2917 669 2958 a
693 2895 729 2957 S.
756 2895 807 2956 Sll
832 2897 1003 2957 mandare
1035 2915 1081 2956 un
1117 2896 1238 2976 legato
1270 2895 1349 2956 dice
1378 2895 1443 2957 che
1467 2896 1502 2956 la

225 3021 292 3061 non
319 3003 411 3062 deve
432 3003 624 3064 retrahersi
651 3005 696 3065 da
726 3014 852 3083 questo
877 3002 958 3083 quia
984 3001 1042 3083 qui
1058 3011 1164 3064 antea
1188 3002 1283 3064 missi
1307 3013 1388 3063 sunt
1412 3001 1502 3064 fruc·

224 3118 279 3169 tus
295 3107 423 3171 afferre
447 3110 682 3190 nequiverunt
699 3119 734 3172 et
759 3110 872 3189 magis
897 3109 1049 3170 ludibrio
1073 3109 1186 3170 habiti
1213 3123 1310 3178 sunt:
1334 3120 1368 3170 et
1390 3109 1501 3190 parmi

224 3217 288 3276 che
315 3236 379 3276 sua
403 3215 571 3298 Signoria
594 3217 703 3279 habia
727 3220 818 3278 male
841 3226 969 3297 pesate
993 3216 1111 3296 quelle
1135 3217 1259 3296 parole
1283 3216 1434 3296 perche,
1467 3226 1502 3276 ut

226 3322 270 3383 de
295 3343 349 3384 me
375 3322 507 3404 aliquid
534 3325 659 3402 dicam,
684 3322 718 3385 io
743 3344 813 3385 non
838 3323 945 3385 credo
971 3342 1067 3383 esser
1092 3331 1184 3384 stato
1209 3322 1361 3383 ludibrio
1387 3343 1442 3383 rna
1467 3322 1501 3383 di

225 3429 333 3490 hever
368 3428 455 3490 fatto
494 3432 644 3511 qualche
682 3433 777 3492 bona
801 3450 931 3511 opera,
957 3429 991 3489 di
1032 3431 1098 3490 che
1127 3439 1343 3491 certarnente
1375 3450 1419 3489 ne
1453 3430 1500 3491 ho

224 3535 384 3596 avvisato
400 3535 441 3601 V,
456 3535 491 3597 S.
509 3547 544 3597 et
561 3537 596 3602 S.
620 3538 711 3610 Bne;
737 3547 772 3599 et
796 3536 933 3598 bench&
958 3555 1026 3597 non
1053 3535 1105 3597 sia
1129 3547 1183 3597 sta
1199 3536 1356 3597 extincta
1377 3545 1503 3616 questa

226 3642 363 3704 heresis
399 3652 435 3703 et
466 3643 665 3722 sedicione,
701 3645 736 3706 la
767 3645 871 3724 quale
903 3644 990 3725 pero
1024 3662 1093 3704 non
1128 3662 1189 3703 era
1220 3642 1253 3703 in
1288 3653 1391 3722 poter
1421 3642 1502 3718 mio,

225 3768 291 3828 pur
316 3750 410 3811 dalla
432 3750 528 3812 dieta
552 3751 584 3811 di
604 3750 850 3830 Nuremberga
874 3770 943 3811 non
973 3749 1000 3809 si
1016 3748 1151 3830 riporto
1168 3748 1335 3810 obrobrio
1353 3751 1501 3818 alentio:

228 3870 263 3916 et
288 3861 345 3937 qul
370 3859 465 3918 lasso
491 3858 537 3918 da
560 3866 663 3938 parte
687 3858 711 3919 li
736 3857 866 3919 assidui
900 3854 1008 3917 officii
1040 3867 1075 3917 et
1099 3875 1208 3937 opere
1233 3858 1298 3918 che
1323 3857 1503 3917 continua·

226 3976 342 4026 mente
366 3964 395 4025 si
419 3986 506 4026 sono
532 3964 636 4035 fatte:
671 3965 983 4046 particolarmente
1020 3983 1084 4025 con
1114 3963 1194 4024 tutti
1219 3963 1242 4024 li
1267 3962 1417 4044 principi
1442 3962 1502 4024 alli

226 4070 319 4151 quali
343 4071 495 4152 predissi
511 4081 603 4133 tutto
626 4073 651 4133 il
675 4073 792 4133 danno
817 4082 852 4133 et
875 4072 1024 4132 tumulto
1049 4072 1114 4131 che
1137 4070 1197 4151 poi
1219 4069 1406 4150 eseguito,
1432 4090 1501 4132 non

225 4177 409 4259 pigliando
434 4179 458 4240 li
482 4178 628 4241 remedii
653 4180 718 4240 che
742 4178 766 4239 li
789 4197 1015 4259 proponeva;
1048 4176 1082 4238 di
1114 4178 1180 4239 che
1211 4197 1275 4239 son
1308 4189 1405 4239 certo
1437 4179 1502 4239 che

226 4284 464 4347 ciaschaduno
490 4305 533 4346 ne
552 4283 675 4366 tenghi
690 4286 809 4346 buona
824 4285 1004 4363 memoria,
1027 4286 1159 4364 perche
1184 4283 1244 4366 poi
1268 4284 1338 4346 alla
1353 4282 1423 4346 fine
1438 4304 1503 4365 per

229 4392 324 4455 forza
347 4393 466 4454 hanno
490 4390 581 4454 fatto
606 4394 724 4472 quello
749 4393 815 4453 che
840 4393 886 4453 da
910 4390 1084 4472 principio
1110 4394 1273 4453 doveano
1299 4401 1334 4452 et
1346 4401 1501 4471 poteano

226 4497 286 4580 piri
310 4498 511 4561 facilmente
535 4498 622 4561 fare.
669 4498 722 4561 Ne
748 4498 806 4579 qui
841 4497 918 4560 diro
953 4499 1108 4560 anchora
1139 4499 1183 4560 de
1212 4500 1248 4561 la
1276 4498 1502 4561 conclusione

227 4609 292 4668 che
317 4605 344 4668 si
370 4604 448 4669 fece
472 4605 507 4667 in
531 4606 733 4687 Ratispona
757 4608 791 4667 la
808 4608 912 4686 quale
929 4615 1076 4668 retenne
1096 4606 1194 4667 molti
1220 4606 1265 4666 de
1283 4605 1364 4686 quei
1379 4605 1502 4686 luoghi

226 4714 292 4775 che
308 4734 378 4775 non
404 4732 492 4775 sono
516 4712 555 4774 iti
580 4713 637 4775 nel
661 4712 849 4794 precipitio
865 4710 936 4774 deli
952 4711 1043 4790 altri,
1061 4723 1096 4773 et
1110 4711 1318 4774 similrnente
1335 4712 1370 4773 di
1385 4712 1502 4791 quello

228 4821 293 4882 che
318 4819 346 4882 si
370 4818 449 4882 fece
472 4820 508 4881 in
532 4819 678 4881 Austria
702 4838 766 4881 con
792 4819 812 4881 l'
830 4820 961 4881 andata
985 4819 1054 4881 mia
1077 4818 1113 4880 in
1145 4818 1284 4880 Vienna
1316 4818 1502 4881 retinendo

226 4936 317 4990 tutta
354 4927 473 5010 quella
510 4935 613 5008 parte
655 4926 691 4987 la
734 4927 838 5007 quale
874 4945 935 4987 era
973 4945 1040 5006 per
1078 4924 1195 5006 perire
1229 4944 1327 4987 come
1362 4925 1384 4985 l'
1413 4927 1502 4987 altre

1291 5029 1341 5094 aa
