3559 5734
842 521 1087 584 &1an

324 686 444 739 nostre
468 677 684 740 instruttioni
709 686 809 738 tanto
834 675 1002 755 evidenti,
1033 678 1076 738 ne
1102 696 1244 738 carezze
1268 675 1301 737 di
1327 678 1446 739 buone
1470 678 1604 756 parole,

323 785 366 847 ne
397 805 522 847 manco
554 784 575 847 l'
594 787 704 847 havet
728 785 868 865 perlato
894 783 1128 846 arditamente
1153 784 1245 845 dove
1270 782 1288 844 ὲ
1313 791 1405 844 stato
1430 786 1604 865 besogno,

322 894 356 954 le
381 893 476 974 quali
499 903 590 954 tutte
615 893 671 954 vie
694 893 813 953 hanno
838 892 908 952 ben
933 893 1054 953 valuto
1079 911 1099 951 a
1123 890 1227 951 indur
1246 889 1322 950 loro
1338 911 1359 950 a
1375 889 1470 951 mille
1487 892 1604 953 huone

322 999 540 1062 conclusioni
564 1009 599 1061 et
623 1018 817 1079 promesse,
842 1018 942 1060 come
966 997 1024 1059 noi
1049 998 1342 1071 demandavamo,
1368 1017 1424 1058 tna
1449 997 1471 1058 li
1492 997 1603 1059 effetti

322 1126 409 1168 sono
435 1106 515 1168 stati
539 1105 586 1167 fin
613 1105 669 1187 qui
696 1125 796 1166 come
821 1126 842 1167 a
866 1104 908 1166 V.
934 1104 970 1166 S.
990 1105 1083 1166 ana
1108 1103 1167 1184 gia
1192 1113 1290 1165 tante
1314 1102 1398 1165 fiate
1424 1105 1469 1166 ho
1497 1106 1603 1167 veris·

321 1213 527 1276 sirnamente
552 1212 685 1275 scritt0.
734 1213 817 1274 Ana
841 1212 925 1292 qual
950 1214 1036 1274 baso
1061 1212 1094 1274 le
1118 1211 1211 1272 mani
1237 1209 1476 1273 humilmente.

934 1568 988 1631 55.

656 1693 869 1773 Aloander
897 1692 1271 1774 Vicocancellario.

752 1833 894 1903 (liuntiat.
913 1832 1038 1891 deman
1057 1833 1088 1891 1..
1106 1833 1172 1899 167.)

806 1944 895 2010 (23.(?)
915 1945 1003 1992 Martii
1026 1942 1113 2007 1521.)

410 2070 509 2131 Hieri
545 2069 693 2132 mattino
729 2069 788 2150 poi
824 2069 858 2130 la
894 2069 1161 2131 consecratione
1194 2070 1252 2130 del
1289 2044 1533 2133 Arcivescovo
1567 2073 1603 2133 di

321 2176 502 2255 Palermo,
534 2177 589 2237 cui
613 2175 773 2237 interfuit
798 2175 931 2237 Caesar
955 2175 1155 2237 cardinales
1180 2185 1215 2238 et
1239 2185 1315 2238 tota
1338 2179 1437 2257 aula,
1472 2178 1605 2241 Caesar

320 2303 385 2364 per
415 2304 454 2345 se
485 2284 661 2345 demando
693 2285 774 2363 quel
800 2285 904 2345 luoco
930 2283 988 2344 del
1012 2282 1228 2362 Evangelio:
1265 2285 1513 2366 quodcumque
1538 2288 1603 2348 sol·

319 2390 414 2452 veris
438 2410 545 2472 super
569 2403 699 2452 terram
723 2401 789 2453 etc.
815 2392 848 2452 el
873 2392 956 2470 qual
981 2390 1157 2451 assendoli
1182 2391 1399 2471 dechiarato,
1425 2392 1536 2455 disse:
1568 2405 1604 2455 et

319 2499 385 2559 che
409 2499 490 2559 vole
515 2499 654 2560 adunca
679 2497 733 2559 dir
758 2507 881 2579 questo
907 2497 1049 2558 ribaldo
1074 2497 1119 2557 de
1143 2497 1301 2560 Luther?

409 2605 474 2666 Poi
500 2605 620 2667 disseli
644 2608 736 2666 bene
762 2606 827 2666 che
851 2624 921 2665 non
949 2612 1124 2665 temeamo
1149 2605 1321 2686 congredi
1346 2626 1423 2668 cum
1449 2606 1603 2670 Martino

319 2711 470 2791 Luther,
502 2712 633 2793 perche
667 2711 725 2772 noi
752 2730 822 2773 non
848 2709 1014 2772 hahiamo
1038 2710 1188 2792 ragione
1213 2722 1248 2773 et
1272 2712 1320 2774 lui
1344 2716 1377 2775 el
1403 2724 1513 2793 torto,
1547 2735 1604 2776 ma

319 2818 451 2901 perche
488 2839 556 2881 non
593 2820 803 2900 besognava
840 2826 967 2879 metter
998 2816 1032 2879 in
1065 2818 1308 2881 controversia
1340 2822 1458 2900 quello
1490 2823 1556 2883 che
1581 2822 1602 2882 'l

320 2925 551 2987 Sanctissimo
568 2946 653 2988 vero
677 2925 819 3007 giudice
836 2926 953 2986 havea
969 2923 1125 2988 iudicato
1143 2934 1178 2986 et
1193 2927 1445 2999 condemnato;
1471 2928 1603 2989 deinde

319 3034 384 3094 che
409 3032 433 3094 li
458 3032 609 3115 principi
633 3043 668 3094 et
692 3032 815 3113 populi
841 3034 885 3094 de
912 3035 946 3093 la
971 3033 1067 3095 dieta
1091 3033 1134 3095 ne
1159 3052 1317 3114 sapeano
1341 3034 1477 3096 iudicar
1501 3034 1535 3095 di
1554 3038 1602 3097 tal

319 3160 413 3220 cosa,
447 3140 488 3201 ne
513 3159 639 3201 manco
665 3159 773 3200 erano
799 3139 1016 3220 competenti
1041 3139 1164 3219 iudici,
1198 3144 1225 3202 sl
1251 3161 1351 3203 come
1376 3142 1472 3203 nullo
1495 3143 1602 3204 homo

319 3249 377 3309 del
402 3248 531 3310 mundo
566 3248 656 3308 altro
681 3247 746 3308 che
771 3246 793 3308 ’l
811 3247 911 3327 Papa
945 3266 1045 3309 come
1070 3249 1253 3327 sempree
1284 3258 1376 3310 stato
1401 3247 1507 3323 fatto;
1542 3268 1602 3329 po·

319 3363 449 3417 stremo
474 3354 604 3436 perche
629 3353 684 3415 fra
698 3353 853 3415 Martino
871 3353 1004 3415 Luther
1028 3353 1063 3415 in
1080 3354 1115 3415 la
1131 3353 1401 3434 protestatione,
1427 3358 1531 3436 quale
1554 3357 1601 3419 lui

318 3460 397 3523 fece
421 3463 456 3523 in
481 3460 621 3543 scriptis
646 3460 828 3523 aColonia
853 3461 898 3522 de
922 3462 1023 3523 voler
1047 3481 1144 3523 esser
1169 3460 1267 3522 udito
1292 3460 1326 3522 in
1349 3462 1602 3543 disputatione,

318 3570 462 3631 seclude
486 3577 577 3630 tutto
603 3568 623 3629 1'
638 3569 762 3630 ordine
778 3566 1032 3645 ecclesiastico,
1057 3568 1135 3629 tutti
1154 3567 1325 3649 theologi,
1350 3568 1601 3651 iurisconsulti,

318 3674 490 3737 canonisti
525 3685 560 3736 et
584 3675 788 3756 philosophi
820 3684 855 3736 et
885 3675 970 3756 ogni
1002 3675 1081 3736 loco
1107 3684 1284 3756 suspett0,
1316 3677 1382 3738 che
1414 3676 1431 3737 ἐ
1461 3686 1552 3740 tutto
1577 3678 1608 3739 ss.

319 3782 447 3843 mundo
490 3792 632 3844 excetra
663 3779 871 3861 Germania,
912 3781 1025 3862 perho
1066 3801 1136 3843 non
1175 3802 1284 3863 sapea
1323 3782 1377 3843 chi
1417 3782 1463 3844 lui
1497 3785 1601 3846 volea

317 3889 429 3949 haver
460 3908 526 3969 per
556 3887 672 3950 iudice
703 3909 740 3950 se
775 3908 844 3949 non
876 3887 963 3950 forsi
988 3888 1148 3951 Hutteno
1180 3909 1259 3951 cum
1282 3898 1373 3951 tutta
1398 3890 1432 3951 la
1456 3898 1600 3953 caterva

317 3993 372 4055 de'
390 3994 557 4077 poeticuli
573 3996 618 4057 de
635 3995 885 4057 Todescharia.
922 3995 1056 4057 Addidi
1073 3996 1179 4058 etiarn
1197 3997 1262 4058 che
1278 4016 1316 4058 se
1334 3996 1468 4059 Luther
1483 3999 1600 4062 havea

316 4102 433 4164 animo
466 4102 511 4164 de
534 4121 703 4182 revocer,
735 4122 756 4163 o
781 4103 845 4163 che
870 4103 924 4164 lor
948 4123 1160 4184 sperasseno
1186 4103 1230 4165 de
1254 4113 1359 4184 poter
1381 4103 1437 4166 far
1461 4108 1528 4168 che
1552 4106 1599 4168 lui

315 4207 453 4271 facesse
477 4210 526 4271 tal
551 4208 674 4272 affetto
700 4210 780 4271 chel
804 4229 994 4271 revocasse
1019 4211 1139 4272 avanti
1164 4211 1263 4273 iuxta
1287 4210 1437 4274 formam
1462 4213 1599 4286 Bullae,

316 4327 351 4378 et
382 4317 442 4398 poi
472 4337 620 4379 venesse
645 4318 714 4379 alla
738 4316 833 4379 dieta
858 4337 878 4377 ο
904 4317 997 4378 dove
1022 4338 1043 4378 a
1068 4316 1115 4379 lui
1142 4317 1320 4399 piacesse,
1355 4320 1420 4381 che
1445 4318 1487 4381 N.
1512 4317 1549 4382 S.
1575 4321 1598 4382 li

315 4425 589 4504 perdonarebbe
621 4433 656 4486 et
683 4424 963 4486 recevarebbelo
995 4444 1097 4486 como
1122 4426 1193 4486 bon
1217 4424 1320 4505 fiolo,
1352 4430 1379 4489 si
1405 4446 1506 4489 como
1531 4427 1550 4488 ὲ
1575 4427 1605 4489 il-

315 4531 419 4593 solito
445 4532 489 4591 (le
513 4530 598 4593 farsi
622 4531 657 4593 in
683 4533 731 4593 tal
755 4551 849 4610 cas0,
873 4529 1007 4612 perche
1032 4530 1074 4593 N.
1095 4528 1131 4593 S.
1157 4552 1228 4594 non
1252 4534 1333 4595 vole
1358 4533 1401 4595 ne
1425 4518 1460 4595 la
1484 4543 1598 4595 morte

315 4638 358 4699 ne
384 4638 403 4698 'l
429 4657 565 4718 sangue
590 4639 635 4700 de
659 4639 803 4717 Luther,
828 4659 884 4701 ma
908 4639 943 4700 la
967 4639 1080 4700 salute
1106 4658 1170 4700 sua
1194 4651 1229 4700 et
1254 4639 1298 4700 de
1323 4641 1357 4701 la
1381 4639 1532 4702 Chiesia.

404 4745 555 4807 Dissemi
583 4748 648 4808 che
673 4748 748 4807 loro
773 4746 842 4807 mai
866 4747 1030 4808 haveano
1054 4747 1265 4809 altramente
1284 4749 1438 4827 sperado
1463 4768 1500 4808 se
1525 4768 1594 4809 non

314 4853 380 4913 che
407 4851 426 4913 ’l
451 4872 489 4913 se
514 4873 721 4925 revocasse;
756 4874 812 4914 rna
835 4853 968 4934 perche
993 4873 1058 4934 per
1082 4853 1149 4915 rnie
1174 4856 1311 4935 parolle
1336 4875 1539 4935 cognoscea
1563 4857 1595 4916 el
