3559 5734
683 561 930 629 &16:350

167 717 260 788 nat0,
286 718 322 770 et
345 729 383 771 se
407 711 477 772 ben
503 709 631 770 alcuna
653 709 752 769 volta
775 707 823 769 lui
848 708 1058 770 commanda
1078 719 1113 769 et
1137 708 1215 771 dice
1240 708 1344 771 etiam
1370 729 1448 772 curn

165 816 282 877 animo
299 814 437 878 adirato
454 817 555 877 voler
572 816 637 877 che
662 815 690 876 si
714 814 829 876 faccia
844 817 972 876 alcuna
987 835 1070 877 cosa
1086 836 1185 879 come
1201 817 1446 898 demandamo,

165 933 255 985 tutta
279 922 363 985 fiata
388 922 475 984 nihil
498 923 538 985 fit
562 932 598 985 et
622 943 692 984 non
717 924 746 983 si
770 923 830 1003 pol
864 921 918 984 fer
948 923 1061 1002 altro,
1098 923 1229 1003 perche
1261 925 1293 985 el
1325 932 1447 985 nostro

165 1030 231 1108 dir,
255 1031 427 1108 admone,
453 1050 592 1113 pregar‚
619 1031 803 1108 lamentam,
828 1029 993 1110 increper
1018 1050 1088 1091 non
1113 1051 1152 1092 se
1175 1050 1345 1109 moveno‚
1381 1032 1447 1093 che

164 1137 181 1198 ὁ
206 1157 277 1199 una
302 1158 386 1200 cosa
408 1138 478 1200 fori
503 1139 547 1200 de
572 1136 657 1219 ogni
678 1138 945 1218 predicamento
965 1137 1003 1199 di
1025 1157 1140 1217 reson,
1166 1145 1201 1198 et
1225 1139 1321 1218 quod
1345 1136 1447 1218 peius

164 1252 219 1305 est
241 1246 403 1326 besegne
428 1246 554 1306 chose
579 1244 798 1306 remettiamo
823 1246 916 1306 nelle
939 1244 1034 1307 mani
1057 1245 1102 1306 de
1128 1243 1181 1306 chi
1198 1244 1349 1307 vedemo
1375 1265 1446 1306 non

162 1372 244 1413 arar
268 1353 406 1430 dretto,
442 1352 485 1413 nd
510 1353 528 1413 ὸ
554 1352 712 1414 remedio
745 1351 799 1413 fer
835 1355 1060 1430 altramente‚
1091 1351 1224 1432 perche
1260 1352 1340 1413 altri
1376 1372 1446 1413 non

163 1480 262 1539 sone,
288 1468 324 1522 et
348 1480 386 1521 se
411 1459 527 1541 questi
551 1481 572 1522 a
596 1461 652 1521 chi
677 1459 735 1522 noi
756 1479 968 1539 recorremo,
993 1460 1285 1540 descopressemo
1310 1457 1446 1521 haverli

163 1587 183 1628 o
210 1566 406 1629 adversarii
431 1588 451 1629 ο
477 1571 610 1647 sospeti
635 1574 725 1628 tutto
750 1565 849 1629 irebe
874 1587 896 1627 a
919 1575 1030 1640 terra3
1055 1569 1168 1628 solum
1185 1569 1347 1648 besogna
1363 1588 1444 1628 ven·

162 1674 249 1736 cerli
280 1694 347 1736 con
373 1676 475 1737 dolce
500 1676 653 1755 parone,
685 1694 763 1736 cum
788 1683 983 1755 prometter
1008 1675 1119 1737 maria
1143 1684 1179 1737 et
1202 1685 1359 1754 mentm,
1390 1695 1444 1736 ca-

161 1781 246 1861 pelli
281 1790 317 1843 et
348 1781 530 1863 capelletti
555 1782 613 1843 del
638 1780 812 1845 Pontifice
837 1785 928 1843 cossl
954 1782 1140 1863 cegnando
1166 1783 1297 1844 dextro
1322 1784 1444 1855 modo;

162 1889 206 1949 ne
231 1888 341 1968 giova
365 1888 423 1970 pili
448 1891 625 1969 procedes
649 1891 695 1950 ab
720 1898 930 1970 argumento
960 1888 1043 1950 fidei
1075 1898 1136 1950 aut
1169 1887 1352 1969 religionis
1385 1899 1445 1951 eut

161 1994 301 2076 salutis,
342 2017 363 2058 o
401 1996 447 2058 de
475 1995 716 2058 benedictioni
742 2017 763 2058 ο
789 1996 832 2056 de
858 1995 1113 2058 excomuniche
1137 1996 1268 2076 perche
1298 2004 1388 2057 tutto
1421 1996 1446 2057 il

162 2104 293 2164 mundo
319 2105 377 2184 qul
403 2105 421 2165 ἑ·
445 2103 633 2183 intepidito
658 2105 702 2164 de
727 2102 810 2165 fede
841 2111 876 2165 et
901 2124 938 2164 se
963 2123 1008 2165 ne
1034 2101 1120 2164 ride.
1167 2101 1294 2182 Quello
1319 2104 1385 2165 che
1410 2103 1444 2165 io

164 2209 280 2271 scrivo
306 2210 324 2272 ὲ
349 2211 383 2271 la
407 2230 497 2290 pura
521 2220 556 2272 et
580 2209 681 2291 quasi
719 2209 929 2292 evangelica
953 2208 1094 2289 Vento,
1132 2218 1167 2271 et
1201 2209 1384 2289 explicaro
1420 2209 1443 2271 il

160 2327 251 2380 tutto
276 2318 356 2379 Deo
380 2316 525 2379 favente
550 2339 571 2378 a
594 2319 707 2379 bocca
731 2338 778 2378 un
802 2318 953 2398 qualche
978 2316 1031 2396 di,
1067 2337 1105 2379 se
1142 2315 1271 2398 parere
1308 2316 1385 2379 fare
1423 2339 1444 2379 a

161 2423 359 2506 proposito,
384 2424 514 2504 perche
540 2445 595 2486 me
620 2424 743 2485 dubito
769 2426 834 2486 che
858 2423 1061 2506 besegnere
1086 2431 1207 2485 trovar
1230 2423 1310 2486 altri
1336 2444 1440 2505 expe·

161 2532 284 2608 dienti,
309 2532 333 2594 li
358 2530 453 2612 quali
478 2530 554 2592 diri>
580 2533 736 2593 secundo
762 2534 794 2592 el
820 2531 888 2592 mio
905 2552 997 2611 poco
1017 2550 1139 2611 parer:
1165 2529 1287 2593 Solum
1304 2530 1443 2593 interim

161 2639 323 2721 supplico
338 2640 369 2700 el
388 2638 619 2700 Sanctissimo
645 2648 679 2700 et
696 2639 828 2700 Vestra
854 2638 1021 2718 Signoria
1037 2637 1352 2700 Reverendissima
1378 2640 1443 2702 che
1535 2663 1539 2668 ·

162 2746 265 2809 stiino
291 2746 478 2824 constanti,
504 2755 539 2806 et
563 2766 634 2806 non
651 2748 882 2806 succumbant
900 2746 1027 2826 animo,
1052 2745 1115 2806 sed
1131 2746 1287 2808 habeant
1302 2766 1442 2827 semper

160 2853 195 2914 in
220 2854 366 2915 auribus
390 2863 426 2914 et
450 2852 566 2914 Corde
593 2850 724 2913 dictum
749 2851 897 2914 Christi:
944 2851 1062 2933 Petre‚
1088 2850 1187 2914 oravi
1211 2873 1276 2933 pro
1294 2863 1340 2933 te,
1365 2874 1440 2935 per-

161 2962 225 3022 chi·
250 2962 395 3022 tandem
432 2962 464 3022 la
489 2940 798 3041 guadagneremo:
847 2958 893 3019 Et
917 2980 954 3020 se
987 2958 1072 3020 forsi
1102 2959 1239 3021 interea
1262 2962 1441 3023 advenere

161 3069 311 3148 qualche
337 3067 490 3148 peggior
514 3067 694 3147 scandalo,
719 3067 786 3127 veh
813 3066 892 3144 illis,
917 3087 980 3147 per
1006 3087 1094 3147 quos
1114 3066 1319 3128 scandalum
1336 3088 1440 3130 vene-

162 3175 216 3246 rit,
241 3185 276 3237 et
300 3174 369 3236 illis
394 3174 498 3236 etiam
523 3194 588 3255 per
612 3194 701 3254 quos
728 3174 931 3234 scandalum
957 3172 1138 3254 prohiberi
1163 3186 1223 3235 aut
1239 3174 1356 3236 sedari
1380 3195 1441 3255 po·

163 3281 243 3360 tuit,
275 3295 311 3344 et
344 3301 414 3343 non
439 3280 505 3343 fuit
529 3281 708 3352 sedatum3
740 3281 809 3341 veh
834 3279 903 3340 illis
927 3279 1069 3360 inquam
1103 3280 1297 3360 quamlibet
1320 3282 1441 3362 magni

161 3389 241 3451 sint.

249 3495 375 3576 Questi
389 3495 469 3559 miei
495 3494 620 3576 poveri
637 3494 791 3556 Conselii
807 3502 843 3555 et
860 3492 1012 3555 conferti
1032 3492 1195 3574 supplico
1220 3516 1241 3557 a
1257 3494 1330 3558 Sua
1353 3494 1440 3558 San-

163 3603 224 3665 tite
249 3615 284 3666 et
308 3604 441 3666 Vestra
465 3603 633 3684 Signoria
656 3600 973 3664 Reverendissima
996 3601 1080 3663 boni
1096 3605 1297 3676 consulant;
1324 3603 1440 3666 dirolli

162 3711 249 3774 altre
274 3732 357 3773 cose
381 3712 416 3772 in
441 3711 555 3773 reditu
580 3730 669 3772 meo.
716 3708 795 3771 Non
822 3729 859 3769 se
885 3708 1031 3770 intende
1055 3711 1167 3789 perhd
1192 3711 1258 3772 che
1273 3712 1438 3790 quamdiu

163 3839 298 3880 saremo
331 3818 391 3900 qui
416 3819 449 3880 el
476 3817 610 3879 Nuncio
636 3816 749 3895 etio,
785 3837 855 3877 non
888 3814 1059 3878 lacciamo
1084 3825 1175 3878 tutto
1200 3818 1224 3878 il
1247 3828 1369 3898 poter,
1405 3829 1441 3882 et

164 3925 296 4001 stosze,
328 3928 394 3989 che
427 3947 464 3987 se
496 3925 659 4006 ottenghi
690 3933 938 4005 paratamente
963 3925 997 3986 lo
1022 3926 1088 3986 che
1112 3925 1350 4007 desideramO,
1384 3949 1440 3990 ma

164 4053 232 4098 non
256 4054 345 4095 noce
369 4034 545 4114 preveder
570 4032 593 4094 li
618 4031 764 4094 remedii
787 4052 808 4092 a
833 4030 912 4093 tutti
936 4030 959 4093 li
984 4032 1079 4110 mali,
1103 4033 1198 4112 quali
1216 4037 1438 4114 potrebbeno

164 4142 196 4202 al
220 4141 354 4222 peggio
379 4141 542 4218 accader,
567 4142 632 4201 che
658 4149 755 4201 certo
781 4138 798 4199 ὁ
823 4141 932 4200 molto
946 4138 992 4199 da
1009 4139 1161 4219 dubitem
1185 4141 1316 4221 perche
1332 4161 1439 4204 ancor

165 4247 227 4308 che
251 4258 419 4329 questoro
443 4247 614 4310 habbiino
639 4245 759 4309 scritto
784 4246 817 4307 al
842 4265 906 4306 suo
931 4245 1189 4308 ambasciatore
1221 4250 1314 4309 bone
1348 4268 1440 4310 nove

166 4355 210 4416 da
231 4355 358 4418 referir
382 4356 415 4416 al
439 4354 658 4417 sanctissimo
668 4403 676 4433 ,
706 4361 796 4414 tutta
827 4354 926 4414 volta
949 4354 982 4414 le
1007 4373 1089 4415 rose
1114 4375 1232 4416 vanno
1257 4376 1357 4416 como
1383 4355 1441 4418 nui

167 4461 345 4542 scrivemo,
371 4471 407 4523 et
431 4461 448 4523 e
473 4460 655 4543 possibile,
680 4462 745 4522 che
770 4458 827 4541 gie
852 4458 1023 4521 habbiino
1041 4461 1164 4523 melior
1181 4474 1308 4541 mente,
1334 4482 1355 4524 o
1380 4463 1440 4543 piu

169 4568 386 4631 advertentia
409 4570 473 4630 che
497 4568 625 4650 prima,
657 4588 713 4629 ma
737 4567 755 4629 ὲ
780 4567 825 4628 da
848 4577 960 4629 temer
986 4569 1051 4629 che
1075 4588 1139 4649 per
1164 4570 1239 4631 loro
1271 4571 1374 4651 colpe
1399 4570 1439 4632 sii

170 4676 292 4738 lassata
314 4676 406 4738 cossi
424 4678 674 4740 exhulcerarse
690 4685 815 4757 questa
829 4673 948 4755 plaga,
973 4676 1008 4737 la
1025 4677 1118 4756 qual,
1143 4697 1181 4739 se
1197 4677 1440 4758 sequitavamo

171 4802 262 4844 como
285 4784 484 4846 havevamo
510 4783 738 4862 cominciat0,
772 4790 863 4843 tutta
887 4784 1040 4844 sarebbe
1065 4780 1123 4862 gib
1147 4794 1290 4863 sanata,
1315 4795 1350 4846 et
1373 4789 1440 4847 hoc

173 4899 219 4950 est
249 4909 371 4953 verum
396 4902 433 4953 ut
457 4891 524 4973 ipsi
548 4911 669 4953 omnes
693 4888 849 4951 fatentur
881 4897 988 4968 atque
1021 4888 1069 4950 illi
1100 4889 1206 4952 iidem
1231 4891 1289 4971 qui
1313 4891 1439 4972 princi-

1229 4993 1282 5048 11*
