3559 5734
784 588 1031 650 ⁰⁴35th

268 735 302 798 in
327 736 382 799 his
405 738 567 819 partibus
592 738 794 803 iamdudum
827 762 873 804 ne
904 740 1093 823 vestigium
1126 739 1268 823 quidem
1291 739 1385 805 forte
1409 748 1549 804 extaret

269 843 496 908 Lutheranae
519 847 726 919 haereseos:
751 868 830 910 cum
854 848 923 911 iam
949 848 1067 911 multis
1090 847 1125 910 in
1142 847 1230 911 locis
1243 850 1324 929 plus
1345 846 1549 911 infectionis

269 950 314 1014 sit
346 972 451 1034 quam
483 952 636 1017 fortasse
666 964 827 1037 putetur,
860 954 1014 1019 maxime
1038 955 1071 1018 in
1098 955 1257 1037 emporio
1294 953 1549 1037 Antverpiensi

269 1067 305 1120 et
333 1080 400 1142 per
425 1060 574 1124 insulam
605 1063 880 1143 comitatumque
906 1062 1131 1140 Hollandiae,
1155 1063 1215 1125 ubi
1244 1071 1360 1125 tamen
1387 1062 1550 1144 proxime

272 1166 358 1229 satis
382 1168 473 1230 acris
498 1177 533 1231 et
558 1169 709 1232 celebris
734 1170 899 1233 executio
924 1171 969 1234 de
993 1172 1160 1234 mandato
1186 1180 1322 1233 etcum
1347 1168 1550 1233 assistentia

269 1273 386 1336 dictae
410 1274 501 1337 illue
525 1296 591 1358 per
615 1295 677 1339 eos
701 1276 760 1357 qui
786 1297 876 1340 nunc
902 1287 983 1341 sunt
1007 1276 1244 1359 inquisitores,
1268 1277 1363 1340 facta
1379 1287 1442 1341 est.
1475 1274 1548 1337 Sed

268 1401 339 1443 non
364 1395 513 1464 potuere
536 1383 698 1464 perversi
722 1393 758 1446 et
781 1384 849 1445 sibi
875 1385 1006 1447 conscii
1031 1394 1102 1447 tam
1134 1404 1252 1447 acrem
1286 1393 1322 1446 et
1354 1382 1549 1446 animosum

268 1489 527 1552 haereticorum
551 1500 832 1572 persecutorem,
871 1492 931 1571 qui
962 1493 1006 1555 ad
1038 1491 1257 1555 moriendum
1289 1511 1356 1573 pro
1386 1490 1457 1554 fide
1489 1488 1548 1552 ubi

268 1616 326 1658 res
350 1607 516 1677 posceret
539 1597 813 1661 resolutissimus
839 1610 925 1680 erat,
949 1599 1080 1661 diutius
1103 1598 1218 1672 ferre,
1249 1598 1312 1661 sed
1337 1596 1475 1679 magnis
1500 1600 1550 1679 (ut

270 1703 389 1782 timeo)
412 1704 662 1786 largitionibus
689 1705 1009 1769 intervenientibus
1034 1727 1112 1769 eum
1137 1704 1280 1768 destitui
1304 1713 1549 1787 procurarunt.

270 1811 376 1874 Unde
389 1812 448 1874 ille
468 1812 608 1893 quidem
625 1814 732 1896 (quod
742 1815 787 1877 ad
798 1813 913 1896 ipsum
930 1814 1116 1895 attinebat)
1131 1813 1277 1896 gavisus
1288 1822 1357 1884 est;
1373 1812 1449 1874 ille·
1463 1832 1548 1875 vero

271 1919 414 1982 domina
429 1928 465 1982 et
479 1919 529 1982 illi
543 1920 610 2003 ipsi
632 1920 691 2002 qui
708 1920 783 1984 eius
800 1922 1035 1985 excellentiae
1055 1931 1093 1984 ut
1112 1920 1208 1983 illum
1225 1919 1366 1983 destitui
1384 1938 1547 2001 procura·

271 2034 325 2089 ret
339 2027 462 2089 dolose
472 2037 734 2108 persuaserant,
744 2027 908 2091 videntes
920 2028 955 2091 in
966 2038 1133 2111 quantam
1143 2026 1318 2090 flammam
1332 2027 1492 2090 modicus
1504 2028 1550 2088 ab

270 2133 369 2196 initio
384 2132 477 2214 ignis
488 2134 523 2196 in
537 2134 593 2197 his
605 2134 767 2217 partibus
781 2135 963 2214 evasisset,
977 2156 1046 2199 non
1059 2137 1168 2198 semel
1182 2135 1316 2218 (credo)
1329 2132 1550 2217 poenitentia

271 2241 367 2303 ducti
382 2253 480 2315 sunt;
497 2252 533 2304 et
547 2242 718 2305 hactenus
730 2241 873 2324 quidem
889 2242 934 2303 de
948 2240 1194 2323 Egmondano.
1219 2242 1351 2305 Restat
1365 2250 1404 2304 ut
1420 2242 1465 2304 de
1481 2261 1549 2304 ma·

271 2349 383 2431 gistro
408 2348 598 2412 Vincentio
631 2348 865 2412 Dominicano
902 2358 937 2411 et
966 2348 1050 2430 quid
1084 2368 1162 2412 cum
1187 2370 1230 2413 eo
1255 2349 1400 2431 egerim,
1425 2348 1548 2413 dicam.

271 2456 305 2519 Is
334 2456 443 2538 igitur
467 2458 517 2538 (ut
540 2455 628 2536 dixi)
653 2457 734 2519 dum
761 2476 830 2538 ego
855 2455 1005 2519 Lovanii
1030 2476 1160 2537 essem,
1194 2456 1276 2518 inde
1304 2458 1444 2535 aberat,
1472 2475 1549 2537 pro·

270 2562 386 2626 fectus
403 2563 523 2625 nescio
541 2583 611 2645 quo
618 2612 626 2643 ,
641 2562 725 2626 fidei
740 2584 857 2628 causa.
888 2563 1000 2643 Quem
1021 2572 1147 2646 postea
1168 2563 1348 2645 aliquanto
1365 2560 1551 2625 interiecto

271 2680 432 2753 tempore
470 2669 692 2752 Antverpiae
728 2690 797 2733 non
836 2670 1042 2752 requisitum
1078 2669 1223 2750 offendi,
1259 2670 1362 2753 eique
1386 2670 1552 2733 mandata

271 2775 357 2840 SS¹¹¹i
385 2778 430 2840 D.
454 2777 497 2842 N.
523 2777 691 2859 exposui;
728 2778 855 2859 quibus
885 2777 945 2841 ille
975 2777 1119 2858 auditiS,
1154 2777 1249 2841 illico
1274 2776 1457 2859 respondit
1481 2796 1551 2839 non

271 2905 349 2947 esse
374 2905 412 2947 se
444 2885 503 2965 qui
537 2884 668 2947 Vicarii
699 2884 829 2948 Christi
859 2884 1074 2949 iussionibus
1105 2884 1280 2948 obsistere
1311 2884 1437 2957 vellet;
1472 2903 1550 2945 eum

271 2990 439 3073 quicquid
464 2990 498 3053 in
524 2990 676 3074 negocio
699 2989 782 3055 fidei
809 2994 944 3074 egisset
967 3011 1008 3055 ac
1034 2991 1183 3055 dixisset
1206 3011 1336 3073 magna
1366 3011 1413 3054 ex
1448 3000 1550 3072 parte

270 3120 337 3182 pro
362 3101 495 3161 tuenda
520 3108 554 3161 et
580 3099 774 3161 asserenda
804 3099 979 3180 dignitate
1004 3099 1236 3181 Apostolicae
1261 3097 1366 3162 Sedis
1406 3110 1440 3161 et
1471 3118 1549 3161 auc·

272 3205 425 3268 toritatis
449 3226 552 3288 quam
578 3206 680 3269 nimis
705 3206 935 3287 contemptim
952 3227 974 3268 a
989 3206 1201 3270 Lutheranis
1225 3206 1378 3269 convelli
1403 3205 1553 3269 dixisset

272 3323 306 3376 et
331 3313 474 3396 egisset.
522 3310 595 3375 Sed
620 3314 720 3375 salva
744 3333 884 3395 semper
909 3333 1018 3396 pace,
1051 3326 1086 3376 et
1116 3317 1212 3377 bona
1242 3314 1346 3376 venia
1367 3310 1427 3376 S¹nl
1446 3314 1490 3376 D.
1507 3313 1550 3375 N.

271 3419 391 3483 mirari
414 3440 452 3483 se
476 3419 526 3482 ait
549 3428 683 3482 tantum
708 3421 803 3501 apud
835 3419 911 3483 eius
940 3417 1172 3483 Sanctitatem
1202 3420 1356 3484 valuisse
1387 3422 1552 3502 querelas

271 3527 426 3607 Erasmi,
460 3547 565 3609 quem
597 3547 718 3590 omnes
752 3527 884 3590 scirent
917 3528 1095 3608 quomodo
1126 3526 1268 3609 scriptis
1292 3526 1364 3590 suis
1388 3527 1432 3589 de
1457 3524 1552 3589 Sede

273 3634 482 3718 Apostolica
507 3644 542 3696 et
565 3634 740 3715 religione
764 3634 909 3697 meritus
935 3646 1039 3714 esset,
1063 3643 1102 3696 ut
1126 3635 1171 3697 ad
1195 3633 1229 3696 ei
1261 3634 1552 3715 complacendum

274 3745 398 3806 eadem
422 3742 591 3804 sanctitas
614 3740 696 3804 fidei
722 3751 758 3804 et
780 3741 963 3824 religionis
987 3741 1198 3823 dictaequae
1222 3740 1327 3803 Sedis
1350 3761 1551 3824 propugna-

273 3851 409 3913 toribus
432 3848 609 3912 silentium
633 3848 884 3929 imponendum
910 3847 1117 3926 censuisset,
1148 3868 1215 3912 nec
1238 3848 1361 3911 videre
1385 3847 1552 3931 quidnam

273 3956 380 4021 animi
405 3958 450 4019 de
475 3965 595 4017 cetero
630 3953 785 4017 habituri
817 3965 936 4018 essent
968 3955 1094 4036 reliqui
1128 3955 1287 4038 theologi
1312 3965 1348 4018 et
1370 3956 1550 4037 praedica·

275 4075 370 4127 tores
394 4061 507 4125 Verbi
532 4061 600 4124 Dei
624 4062 669 4124 ad
704 4062 955 4142 exponendum
987 4083 1025 4125 se
1057 4062 1151 4125 mille
1182 4062 1487 4145 indignationibus
1518 4074 1553 4126 et

273 4169 443 4253 periculis
467 4175 535 4250 pro
558 4167 688 4230 Chrlsti
712 4165 783 4231 fide
807 4170 956 4236 tutanda
981 4180 1017 4231 et
1040 4172 1086 4231 ab
1101 4169 1361 4233 haereticorum
1376 4171 1552 4233 fermento

276 4277 500 4357 vindicanda,
525 4273 554 4337 si
580 4275 630 4338 eis
655 4275 714 4356 qui
748 4295 813 4356 pro
838 4275 1039 4357 praecipuis
1062 4275 1145 4340 fidei
1169 4276 1279 4358 ipsius
1304 4276 1553 4340 defensoribus

275 4398 310 4447 et
334 4383 592 4446 haereticorum
617 4383 906 4463 persecutoribus
929 4382 1060 4465 ubique
1089 4393 1338 4465 reputarentur
1374 4405 1413 4448 ac
1446 4381 1552 4447 nomi·

273 4503 452 4570 narentur,
477 4511 498 4552 a
522 4487 650 4552 Christi
675 4488 808 4552 vicario
832 4490 1010 4553 silentium
1034 4490 1167 4571 imponi
1191 4490 1442 4572 intelligerent.
1481 4491 1552 4553 Ad·

275 4597 364 4660 didit
388 4608 506 4659 tamen
531 4616 569 4659 se
594 4594 799 4678 diligentius
832 4596 877 4658 de
910 4597 1029 4660 dando
1053 4597 1136 4660 mihi
1161 4599 1219 4660 vel
1244 4597 1309 4659 8¹³0
1334 4599 1398 4660 D¹¹⁰
1422 4598 1553 4661 Nostro

274 4726 339 4788 per
375 4703 508 4766 ordinis
544 4703 597 4765 sui
637 4703 911 4766 Procuratorem
948 4703 1045 4767 finali
1081 4725 1274 4787 responso,
1317 4705 1553 4788 cogitaturum

274 4813 411 4875 interea
441 4813 522 4874 dum
559 4831 628 4893 ego
659 4807 854 4874 Lovanium
890 4810 1061 4893 redirem,
1095 4833 1165 4894 quo
1196 4822 1279 4894 post
1307 4812 1445 4894 aliquos
1476 4812 1554 4877 dies

274 4919 469 4983 rediturum
505 4938 560 4980 me
595 4916 791 5000 spodondi;
825 4918 910 4981 licet
941 4932 1068 5002 postea
1099 4922 1145 4981 ob
1177 4929 1275 4983 certa
1298 4919 1555 5002 impedimenta
