3559 5734
1712 523 2205 581 0-<339oz>-0

1883 804 2031 869 176.

1218 886 1511 1003 Carolus
1565 922 1645 1002 V.
1701 920 1920 1001 fratri
1973 919 2422 1000 Perdinando
2480 919 2674 999 arch.

1541 1069 1737 1143 (aput.
1772 1068 2012 1142 mag».
2048 1067 2093 1125 1.
2129 1066 2222 1125 τοι.
2258 1037 2393 1137 4ο.)

1627 1189 1766 1255 (Ult.
1807 1188 2056 1237 Octobris
2100 1184 2279 1273 1524.)

854 1317 1148 1379 Carolus
1195 1314 1457 1378 Divina
1503 1312 1795 1376 favente
1844 1311 2222 1375 clementia
2269 1310 2347 1373 E.
2399 1310 2887 1372 Romanorum
2927 1309 3230 1390 Impera·

670 1435 782 1487 tor
830 1444 1115 1506 aamper-
1173 1424 1543 1505 Augustus
1592 1441 1677 1483 ac
1726 1420 2198 1499 Germaniae,
2264 1417 2802 1498 Hispaniarum,
2867 1416 3233 1497 utriusque

670 1531 978 1611 Siciliae,
1028 1530 1476 1593 Hierusalem
1527 1538 1659 1592 etc.
1754 1528 1947 1608 Rex,
2000 1525 2373 1590 Archidux
2424 1524 2794 1603 Austriae‚
2842 1523 3008 1586 Dux
3059 1524 3233 1587 Bur-

674 1639 1021 1721 gundiae,
1085 1635 1521 1700 Brabantiae
1571 1646 1704 1698 ete.
1824 1634 2076 1697 Comes
2124 1631 2574 1715 Habspurgi,
2645 1631 3027 1693 Flandriae
3099 1641 3238 1694 ete.*

670 1745 1137 1807 &arianissimo
1186 1742 1506 1824 Principi
1552 1741 1861 1804 Domino
1911 1740 2364 1803 Ferdinando
2411 1735 2675 1801 Infanti
2728 1737 3230 1819 Hispaniarum

677 1851 1058 1915 archiduci
1126 1849 1462 1914 Austriae
1542 1859 1671 1912 etc.
1737 1848 1941 1911 fratri
2013 1856 2256 1910 nostro
2322 1845 2732 1909 charissimo
2790 1848 3091 1907 salutem
3162 1856 3232 1908 et

670 1956 962 2019 fraterni
1011 1956 1272 2020 amoris
1321 1952 1729 2020 continuum
1778 1955 2306 2018 incrementum.
2385 1951 2850 2016 Serenissime
2884 1952 3231 2034 Princeps

670 2067 894 2127 frater
939 2063 1369 2127 charissime.
1444 2062 1792 2145 Acceptis
1838 2062 2062 2124 literis
2111 2059 2530 2124 Serenitatis
2576 2060 2881 2123 Vestrae
2929 2060 3021 2122 de
3070 2080 3230 2122 con-

670 2171 930 2235 atitutia
993 2170 1065 2234 in
1122 2169 1639 2252 Ratisponensi
1701 2179 2094 2248 conventu,
2149 2177 2349 2231 tanta
2405 2187 2643 2229 sumus
2704 2166 2930 2229 letitia
2989 2166 3230 2230 affecti

670 2291 742 2339 ut
794 2278 1038 2340 maiori
1087 2287 1280 2340 certe
1332 2298 1471 2339 non
1521 2272 2018 2358 potuissemuS‚
2069 2271 2809 2359 promptissimumque
2858 2275 3230 2337 consilium

670 2384 1090 2447 Sel-enitatis
1138 2385 1443 2446 Vestrae
1493 2393 2073 2464 ceterorumque,
2122 2382 2240 2463 qui
2289 2383 2381 2444 ad
2428 2391 2571 2443 tam
2621 2384 2979 2443 excellens
3047 2401 3228 2463 opus

670 2491 1006 2575 suffragia
1064 2512 1191 2554 sua
1240 2491 1838 2571 administrarant,
1889 2511 2028 2552 non
2079 2490 2302 2552 solum
2350 2497 2502 2551 toto
2551 2488 2785 2551 animo
2817 2491 3224 2569 probamuS‚

666 2603 794 2663 aad
846 2603 935 2663 nb
984 2598 1057 2660 id
1105 2598 1445 2660 maximas
1492 2598 1701 2660 vobis
1749 2597 2075 2660 omnibus
2122 2597 2443 2678 agendas
2499 2596 2769 2676 gratias
2833 2616 3225 2677 censemuS,

666 2707 1059 2786 Utramque
1108 2703 1584 2767 Serenitatem
1631 2706 2021 2784 hortamur,
2067 2715 2144 2766 ut
2191 2703 2505 2785 ipsorum
2553 2702 2886 2784 singuliS‚
2935 2703 3055 2783 qui
3105 2716 3227 2765 aut

670 2811 1009 2875 eiusmodi
1059 2808 1360 2883 comitiis
1406 2804 1905 2892 interfuerunt,
1938 2804 2210 2873 'suosve
2259 2810 2574 2886 nunci05‚
2623 2819 2696 2872 et
2743 2810 3227 2874 mandatarios

666 2919 1026 2998 miaerunt,
1074 2918 1412 2999 plurimas
1462 2926 1703 2981 nostro
1753 2919 2036 2980 nomine
2084 2917 2353 2998 gratias
2402 2928 2591 2999 agat,
2640 2938 2724 2979 ac
2770 2916 2891 2999 ita,
2934 2926 3010 2979 ut
3040 2918 3223 3000 ipso·

666 3047 814 3087 rum
886 3024 1359 3107 unusquisque
1430 3045 1514 3087 ac
1561 3024 1937 3107 presertim
1989 3024 2337 3087 Bavariae
2393 3026 2631 3087 Duces
2708 3014 3219 3106 consanguinei

670 3135 886 3195 nna-tri
949 3132 1340 3195 charissimi
1403 3131 1809 3216 intelligant
1883 3153 1956 3195 se
2021 3153 2168 3195 rem
2233 3133 2439 3195 nobis
2492 3131 2740 3195 mirum
2802 3132 2874 3194 in
2938 3134 3220 3196 modum

666 3255 944 3319 gratam
994 3239 1271 3321 fecisse,
1323 3260 1756 3323 sperareque
1806 3260 1936 3303 nos
1984 3251 2306 3302 caeteros
2356 3238 2555 3302 Sacri
2593 3238 2905 3302 Romani
2934 3240 3219 3321 Imperii

666 3339 1031 3409 Elant'nres
1090 3347 1490 3428 PrincipeS,
1541 3358 1614 3410 et
1661 3357 1916 3427 statuS‚
1975 3347 2031 3409 si
2096 3367 2387 3428 quorum
2447 3350 2536 3408 ab
2597 3346 2940 3409 eiusmodi
2987 3366 3212 3410 sacro-

666 3455 930 3515 aanntia
979 3462 1049 3516 et
1098 3474 1266 3516 vere
1315 3454 1716 3543 christianis
1771 3452 2108 3517 institutis
2175 3453 2468 3517 consilia
2529 3457 2737 3516 modo
2801 3454 3036 3536 aliquo
3099 3456 3189 3517 ad

666 3583 870 3623 veraa
922 3572 1099 3641 sunt,
1151 3561 1273 3623 tali
1322 3563 1654 3642 exemplo
1704 3560 2029 3623 adductis
2066 3561 2317 3642 hisque
2361 3562 2560 3623 malis
2606 3560 2985 3640 deterritis,
3034 3582 3212 3642 quae

662 3667 798 3727 iam
850 3666 1068 3747 pestis
1117 3667 1237 3730 illa
1303 3667 1712 3730 Lutherana
1782 3667 2120 3731 suscitare
2185 3667 2460 3748 coepit,
2525 3666 2859 3749 optimam
2923 3676 2995 3729 et
3061 3670 3210 3730 Deo

660 3775 1012 3855 placidam
1060 3774 1248 3837 viam
1297 3786 1759 3855 sequuturos,
1811 3783 1882 3836 et
1931 3775 2215 3861 quando
2264 3776 2462 3837 Deus
2510 3774 2664 3855 ipse
2713 3774 3021 3856 optimus
3069 3775 3208 3837 Ma-

662 3883 886 3943 aimua
937 3891 1078 3942 tam
1123 3902 1476 3981 prospere
1521 3882 1659 3944 hiis
1708 3882 1924 3944 initiis
1973 3881 2236 3945 affulsit
2284 3882 2610 3963 iactaque
2641 3892 2804 3944 sunt
2833 3891 2975 3944 tam
3027 3886 3211 3945 bona

662 3987 1119 4050 fundamenta
1168 3990 1361 4050 nulla
1407 4009 1605 4051 mora
1652 3987 2144 4051 interficienda
2192 3998 2328 4068 est,
2379 4009 2518 4071 quo
2568 3989 2795 4051 minus
2843 4009 3024 4070 opus
3072 4000 3206 4052 tam

658 4103 975 4155 aanctum
1024 4107 1443 4177 peragatur,
1495 4096 1749 4158 ceteris
1800 4095 2011 4158 etiam
2059 4096 2146 4157 iis
2195 4095 2602 4158 melioribus
2651 4095 2982 4159 remediis
3033 4117 3205 4178 quae

658 4199 981 4263 adhibi-eri
1029 4211 1385 4282 poterunt,
1436 4204 1526 4264 ad
1575 4223 1818 4264 veram
1868 4203 2393 4284 agnoscendam
2442 4202 2781 4284 pietatem
2813 4197 3207 4266 excitandis

658 4307 1022 4387 mndiaque
1073 4307 1395 4370 omnibus
1443 4308 1858 4388 alliciendiS,
1908 4329 2044 4389 qua
2092 4309 2161 4371 in
2210 4330 2287 4371 re
2337 4330 2777 4391 nequaquam
2829 4308 3207 4372 diffidimus

658 4423 726 4475 at
774 4414 1079 4476 atudium
1129 4423 1200 4476 et
1249 4414 1688 4495 diligentiam
1740 4415 2159 4479 serenitatis
2190 4417 2493 4479 Vestrae
2524 4416 2969 4479 defuturam.'
3040 4417 3203 4481 Cae-

660 4535 882 4583 tarum
936 4540 1073 4601 quo
1144 4521 1393 4583 melius
1452 4521 1662 4583 etiam
1730 4521 2094 4602 negotium
2149 4522 2493 4604 perficere
2542 4523 2785 4605 possit,
2836 4523 3203 4587 scribimus

654 4639 722 4691 at
774 4647 902 4691 nna
969 4624 1171 4689 Sacri
1220 4627 1531 4691 Romani
1580 4628 1867 4710 Imperii
1914 4628 2381 4711 ElectoribuS‚
2431 4652 2512 4694 ac
2547 4630 2976 4694 Germaniae
3025 4631 3201 4695 Civi-

653 4735 937 4815 tatibus,
988 4731 1278 4798 dimissa
1326 4735 1686 4799 literarum
1735 4736 2358 4819 suprascriptione,
2410 4748 2483 4800 ut
2531 4738 2686 4819 ipsa
2715 4739 2976 4801 Vestra
3002 4737 3202 4803 Sere·

654 4839 834 4903 nitas
882 4860 1011 4919 pro
1060 4840 1353 4905 arbitrio
1403 4862 1529 4905 suo
1580 4842 1739 4905 illas
1789 4842 2101 4925 dirigere
2148 4844 2392 4926 possit.
2485 4844 2710 4908 Nobis
2776 4846 3060 4929 quidem
3109 4844 3201 4910 ni-
