3559 5734
779 484 837 541 6<3
875 478 929 541 318
968 477 1027 541 116

262 639 457 696 constretta
480 653 502 694 a
524 631 602 695 fare
626 630 651 694 il
674 642 770 695 resto
799 651 865 713 per
888 633 1092 715 impedirIa,
1126 630 1270 698 sendosi
1293 629 1348 698 sin
1373 651 1394 698 a
1418 651 1545 717 questo

262 750 335 801 atto
360 760 545 822 processo;
576 760 634 802 ma
661 760 700 802 66
730 750 855 822 questo
886 760 1056 821 processo
1089 742 1163 825 (sic)
1194 741 1295 805 siano
1327 742 1391 805 atti
1415 743 1460 805 ad
1483 743 1544 805 im-

262 847 402 929 pedirla
426 867 448 909 o
463 867 546 927 non,
570 845 709 909 benche
733 867 804 909 non
829 867 874 909 66
898 847 951 909 616
975 847 1110 921 chiaro;
1139 869 1207 930 pur
1229 849 1289 931 phi
1313 858 1408 912 tosto
1431 869 1546 931 penso

263 955 298 1016 di
329 955 358 1016 si
392 956 457 1018 che
491 953 527 1016 di
561 974 640 1018 no..
685 953 731 1018 Et
772 973 837 1035 per
871 963 998 1036 potere
1031 956 1160 1036 meglio
1194 959 1384 1020 executar'e
1418 968 1546 1038 questo

263 1061 412 1142 disegno
447 1081 535 1123 sono
567 1060 601 1123 in
641 1080 768 1142 parere
811 1062 845 1122 di
880 1061 1099 1141 persoadere
1134 1064 1168 1125 al
1203 1063 1370 1145 Principe
1404 1067 1469 1126 che
1504 1083 1546 1125 ce

262 1168 467 1230 ritorniamo
491 1171 537 1229 ad
562 1166 688 1248 Esling
712 1169 804 1229 dove
829 1168 846 1230 ὲ
872 1168 907 1230 10
931 1168 1130 1249 regimento
1154 1170 1338 1253 imperiale
1363 1180 1399 1234 et
1421 1190 1487 1252 per
1510 1172 1548 1232 la

262 1275 400 1356 magior
431 1286 533 1358 parte
565 1277 685 1337 buona
715 1282 751 1336 et
780 1272 902 1354 fidele,
935 1283 970 1337 et
1003 1276 1048 1337 de
1079 1277 1101 1338 ll
1132 1297 1199 1339 con
1228 1287 1320 1340 tutta
1349 1277 1371 1339 l’
1393 1275 1547 1340 autorita

263 1383 298 1444 di
335 1403 414 1446 esso
450 1382 649 1463 regimento
686 1382 751 1444 che
786 1380 864 1444 farai
902 1383 1015 1444 ancho
1050 1383 1086 1445 la
1120 1404 1184 1446 sua
1208 1383 1368 1466 magiore
1391 1382 1547 1465 potrassi

262 1491 394 1572 meglio
418 1490 559 1566 seguire
584 1499 621 1553 et
644 1489 855 1571 consaguire
880 1501 1007 1571 questo
1033 1488 1167 1569 effett0‚
1192 1499 1227 1553 et
1250 1511 1443 1573 procurare
1467 1510 1547 1570 spe·

265 1597 446 1660 tialmente
471 1599 537 1660 che
561 1606 652 1659 tutte
676 1598 710 1658 le
735 1596 820 1658 61116
846 1607 881 1658 61
905 1596 986 1658 altri
1009 1597 1131 1677 luoghi
1156 1596 1271 1661 stiano
1296 1618 1341 1660 66
1365 1598 1386 1660 l'
1404 1597 1549 1660 anticha

265 1705 497 1767 observantia
527 1704 648 1767 sinche
684 1723 750 1786 per
780 1704 815 1764 16
850 1703 925 1765 Mra
958 1703 1035 1767 Ces
1068 1725 1106 1766 se
1138 1704 1227 1786 pigli
1263 1705 1478 1787 expediente
1513 1704 1547 1766 al

265 1821 356 1874 tutto
381 1810 527 1873 insieme
552 1831 616 1873 con
643 1809 685 1874 N.
711 1807 747 1874 S.
782 1810 928 1871 dandoli
958 1820 1048 1873 tutte
1073 1814 1190 1892 quelle
1215 1813 1333 1874 buone
1362 1813 1487 1895 parole
1512 1821 1549 1874 et

265 1917 507 1999 assignandoli
531 1925 621 1979 tutte
646 1917 764 1997 quelle
789 1916 927 1979 efficaci
952 1918 1087 1999 ragioni
1113 1920 1179 1980 che
1213 1939 1366 1983 saranno
1399 1919 1434 1982 al
1468 1938 1547 2000 pro·

265 2025 393 2108 posito.
440 2023 531 2105 Quel
556 2023 689 2105 luogho
713 2044 778 2105 per
803 2043 901 2086 esser
924 2024 1025 2105 quasi
1049 2026 1107 2086 nel
1139 2046 1255 2087 mezzo
1288 2026 1324 2088 di
1355 2024 1549 2088 Germania

266 2133 466 2214 propinquo
500 2132 560 2193 alli
584 2131 664 2193 altri
688 2129 851 2214 principi,
876 2114 993 2193 iudico
1018 2133 1083 2193 che
1108 2131 1161 2194 sia
1185 2134 1294 2195 molto
1327 2132 1387 2214 piri
1417 2154 1437 2195 a
1468 2153 1546 2214 pro·

268 2238 386 2320 posito
411 2242 476 2301 che
501 2251 626 2319 questo
653 2236 728 2320 qui3
759 2237 865 2299 credo
897 2239 968 2299 ben
993 2238 1059 2300 che
1083 2249 1174 2301 tutto
1199 2252 1325 2320 questo
1350 2260 1445 2303 mese
1469 2259 1545 2321 pre·

267 2358 366 2408 sente
391 2366 461 2407 non
487 2366 524 2407 se
548 2345 670 2407 166661(
694 2345 739 2406 (16
764 2343 908 2424 qui...
941 2363 1008 2424 pur
1031 2344 1065 2407 io
1094 2366 1164 2408 non
1189 2348 1381 2409 mancharo
1406 2346 1464 2409 del
1489 2347 1546 2408 de-

266 2454 352 2516 bito.
401 2453 542 2514 lntanto
566 2451 700 2515 vederd
725 2472 747 2513 a
777 2452 843 2513 che
876 2451 1026 2513 termine
1057 2452 1286 2516 reusciranno
1316 2462 1440 2536 queste
1464 2473 1546 2516 cose

268 2563 312 2622 de
338 2560 500 2641 Ungaria
524 2570 559 2621 et
583 2560 628 2621 de
652 2558 800 2621 Boemia
825 2568 860 2619 et
884 2559 955 2620 alla
983 2557 1147 2639 giornata
1176 2560 1328 2640 pigliard
1362 2560 1547 2643 consiglio.

359 2666 461 2730 Circa
491 2669 526 2729 la
551 2666 712 2728 matteria
744 2667 802 2727 del
827 2663 1009 2746 Consiglio
1042 2669 1211 2746 generale
1242 2668 1289 2729 ho
1320 2667 1413 2731 visto
1444 2668 1479 2729 la
1503 2667 1544 2730 si-

267 2787 378 2856 gnata
401 2773 435 2834 A
465 2784 500 2834 et
529 2773 643 2853 parmi
668 2774 733 2834 che
759 2774 1054 2853 prudentemente
1079 2793 1144 2854 per
1168 2773 1209 2838 N.
1234 2771 1269 2838 S.
1295 2794 1333 2836 se
1358 2774 1410 2837 sia
1434 2773 1546 2838 consi·

268 2883 392 2944 derato
417 2890 508 2942 tutto
534 2881 651 2961 quello
677 2880 705 2942 si
731 2880 821 2941 deve
846 2890 882 2940 et
906 2879 993 2960 pero
1017 2879 1053 2941 in
1077 2891 1203 2960 questa
1235 2880 1383 2942 materia
1418 2890 1454 2943 et
1481 2882 1547 2942 che

268 2989 319 3050 sia
343 2988 461 3068 giusta
486 2999 521 3048 et
545 2996 647 3048 santa
672 2986 968 3049 determinatione
994 2997 1028 3048 et
1052 2986 1086 3049 io
1110 3006 1175 3069 per
1199 2987 1223 3048 il
1247 2987 1400 3068 bisogno
1423 3006 1478 3050 me
1503 3007 1547 3048 ne

269 3095 419 3167 serviro;
452 3105 488 3156 et
520 3093 639 3175 pereh’
658 3093 692 3155 io
728 3114 841 3173 penso
875 3096 941 3155 che
969 3094 1084 3174 questi
1110 3092 1304 3155 Lutherani
1336 3103 1372 3156 et
1395 3096 1471 3156 loro
1495 3114 1546 3155 se·

268 3203 372 3285 quaei
393 3221 493 3264 come
517 3200 711 3262 intendono
737 3221 774 3262 se
798 3199 934 3262 rivochi
959 3209 1084 3280 questa
1116 3199 1209 3262 dieta
1245 3200 1279 3260 di
1303 3199 1409 3279 Spita
1432 3199 1547 3281 grida-

268 3330 379 3373 ranno
403 3310 448 3370 ad
473 3310 605 3389 sydera
628 3317 663 3369 et
687 3306 869 3368 farannosi
891 3306 1069 3388 gagliardi
1094 3327 1161 3369 con
1185 3305 1209 3367 li
1235 3306 1359 3389 populi
1381 3307 1447 3367 che
1471 3326 1542 3367 non

268 3416 447 3498 vogliamo
472 3415 500 3476 si
525 3415 618 3476 veda
641 3415 684 3476 ne
709 3414 855 3476 intenda
879 3415 914 3475 la
937 3412 1050 3475 666116
1063 3462 1071 3491 ,
1099 3434 1157 3475 ma
1180 3423 1385 3474 mantenere
1408 3412 1442 3474 16
1466 3431 1545 3474 606-

269 3522 441 3586 6111611οηί
457 3523 609 3583 humane
626 3532 751 3582 eontra
767 3523 800 3582 16
824 3520 1043 3601 evangelice,
1068 3530 1104 3582 et
1128 3521 1236 3582 multa
1260 3519 1295 3581 in
1321 3520 1388 3581 hoc
1412 3538 1547 3600 genere

269 3650 359 3712 quae
383 3640 465 3692 sunt
489 3628 521 3690 ei
545 3627 652 3690 obvia
677 3649 696 3689 a
720 3630 822 3690 trebo
848 3629 893 3689 de
915 3627 1082 3709 populari
1114 3636 1150 3689 et
1182 3628 1226 3689 de
1254 3626 1449 3708 ignoranti:
1481 3645 1547 3688 con

270 3736 390 3799 debita
426 3734 630 3798 reverentia
662 3734 856 3796 ricordarei
889 3754 911 3794 a
945 3733 981 3795 S.
1014 3731 1065 3795 8¹³
1093 3735 1162 3795 due
1197 3753 1279 3795 6066
1313 3733 1358 3795 (16
1389 3733 1422 3794 16
1453 3731 1548 3813 quali

270 3844 377 3906 credo
404 3844 492 3904 altre
517 3843 613 3903 volte
637 3842 794 3904 haverne
812 3841 934 3903 scritto
959 3841 1109 3921 qualche
1134 3860 1228 3902 cosa.
1267 3839 1404 3902 Perche
1420 3837 1455 3901 S.
1470 3839 1546 3901 Bne

270 3949 525 4031 quamprimum
546 3967 756 4029 procurasse
790 3948 825 4009 di
850 3950 982 4010 havere
1006 3967 1075 4009 uno
1105 3966 1126 4008 o
1151 3946 1210 4008 doi
1234 3945 1367 4008 oratori
1398 3945 1442 4007 de
1467 3945 1547 4006 tutti

269 4059 293 4119 li
318 4055 504 4138 principali
532 4055 610 4136 capi
637 4056 681 4116 de
706 4054 927 4117 christianita
955 4064 992 4117 et
1023 4054 1193 4136 precipue
1227 4053 1261 4114 di
1287 4051 1478 4115 Germania
1501 4053 1545 4113 de

270 4166 293 4226 li
317 4163 469 4245 principi
494 4161 727 4224 ecclesiastici
752 4171 787 4224 et
803 4162 955 4224 seculari
972 4182 1081 4224 ancor
1096 4164 1161 4223 che
1177 4162 1328 4222 dovesse
1353 4180 1373 4221 a
1397 4160 1548 4240 qualche

269 4292 339 4334 uno
364 4269 510 4333 offerirli
534 4269 558 4331 11
582 4268 711 4331 6161160
729 4279 822 4332 60110
848 4279 973 4349 questo
998 4277 1166 4350 presento
1198 4268 1263 4329 che
1295 4287 1365 4329 non
1398 4265 1548 4328 essendo

270 4376 504 4440 conveniente
529 4378 594 4437 che
619 4376 653 4436 le
681 4396 763 4463 cose
788 4376 833 4437 de
865 4376 900 4436 la
930 4373 1012 4437 fede
1045 4394 1082 4436 se
1111 4375 1256 4436 trattino
1290 4375 1326 4434 in
1357 4373 1550 4453 particolar

270 4495 446 4546 convento
471 4484 515 4544 de
540 4503 610 4544 una
636 4483 778 4545 natione
804 4493 839 4544 et
862 4503 928 4564 per
952 4481 1086 4543 evitare
1110 4482 1259 4543 tumulto
1291 4489 1327 4542 et
1358 4477 1457 4541 accio
1481 4479 1549 4540 che

269 4594 303 4654 le
327 4611 410 4653 cose
435 4591 639 4672 procedano
664 4610 729 4652 con
756 4588 920 4651 maturita
945 4600 980 4650 et
1004 4588 1071 4650 che
1096 4587 1225 4649 Cesare
1254 4586 1551 4668 prudentemente

270 4719 341 4760 non
366 4700 412 4759 ha
435 4699 557 4759 voluto
582 4699 648 4758 che
672 4695 701 4757 si
724 4695 839 4757 iaccia
862 4697 960 4758 detta
984 4695 1091 4771 dieta,
1116 4714 1172 4756 ma
1189 4693 1219 4756 si
1234 4691 1371 4776 expetti
1387 4692 1411 4755 il
1428 4703 1548 4772 tempo

273 4815 308 4870 et
331 4803 546 4870 commodita
569 4803 604 4864 di
630 4823 699 4866 uno
724 4802 875 4865 coneilio
900 4804 1070 4885 generale
1094 4800 1153 4863 nel
1186 4801 1290 4884 quale
1319 4817 1548 4883 016666660-
