3559 5734
688 497 918 556 04317ὃῆ

165 647 237 707 bita
259 666 339 708 esse
362 645 548 726 publicari,
572 654 618 722 et,
642 656 784 709 servato
806 646 931 710 ordine
955 646 990 708 in
1015 644 1147 708 licteris
1171 644 1307 707 servari
1324 644 1441 723 solito,

165 754 306 833 publico
330 753 405 832 igni
428 754 587 815 comburi
611 754 863 835 procurabitis:
888 754 924 815 in
949 773 1019 834 quo
1043 772 1117 814 rem
1143 752 1300 814 debitam
1324 762 1360 814 et
1383 773 1439 814 no·

165 859 276 922 bisin
301 859 424 942 primis
439 869 578 940 gratam
602 859 752 941 facietis,
777 871 884 942 atque
909 881 954 922 ne
979 880 1081 922 secus
1105 859 1259 938 faciatiS,
1289 879 1359 922 non
1383 860 1443 921 im·

164 966 288 1048 periali
321 969 446 1047 m0d0‚
479 970 542 1031 sed
575 977 610 1032 et
643 967 874 1031 Archiducali
899 978 1020 1030 nostro
1042 968 1120 1048 jure
1144 967 1247 1029 vobis
1270 966 1442 1048 praecipi·

164 1094 255 1153 mus,
289 1084 325 1137 et
348 1077 566 1139 mandamus,
619 1076 793 1139 Volumus
818 1075 910 1138 enim
934 1095 999 1137 vos
1028 1084 1064 1136 et
1094 1094 1217 1137 omnes
1241 1074 1330 1136 alios
1354 1074 1444 1136 scire

163 1202 227 1245 nos
251 1202 319 1263 pro
343 1181 538 1264 imperialis
560 1182 744 1266 dignitatis
768 1183 898 1263 officie,
923 1192 959 1245 et
983 1190 1105 1244 nostra
1129 1182 1235 1244 etiam
1258 1189 1385 1243 natura
1408 1181 1444 1243 in

163 1289 284 1369 primis
309 1299 512 1371 curaturos,
539 1311 611 1354 non
636 1294 747 1354 solum
780 1311 824 1352 ne
855 1300 979 1352 sancta
1008 1287 1122 1351 Sedes
1147 1289 1374 1370 Apostolica,
1409 1297 1445 1351 et

162 1397 374 1460 universalis
390 1397 563 1479 Ecclesia,
587 1408 748 1480 tempore
769 1397 956 1480 presertim
972 1407 1105 1475 nostro,
1132 1396 1276 1477 aliquod
1291 1397 1444 1459 schisma

162 1515 222 1566 aut
247 1504 499 1567 detrimentum
522 1505 696 1587 patiatur:
732 1507 795 1568 sed
820 1516 856 1568 et
881 1515 919 1567 ut
942 1504 978 1567 in
1002 1498 1137 1566 summa
1161 1523 1251 1585 pace
1276 1503 1444 1585 tranquil-

161 1611 272 1689 litate,
298 1620 334 1673 et
358 1612 488 1676 unione
513 1613 633 1694 degat,
657 1611 793 1694 floreat,
820 1621 855 1674 et
870 1621 1101 1693 propagetur,
1119 1631 1255 1673 summa
1279 1629 1349 1691 ope
1374 1609 1442 1671 eni·

161 1737 287 1779 xuros:

252 1824 354 1886 Bene
379 1827 504 1891 valete.
555 1827 685 1889 Datum
711 1827 892 1890 Wormac.

744 1987 755 1995 ¹¹
763 1986 860 1998 wrath»
872 1987 883 1997 ¹⁸·

787 2220 818 2284 8.

497 2327 562 2406 Leo
592 2326 634 2407 X.
663 2327 806 2406 nuntiis
833 2326 873 2406 in
903 2323 1103 2406 Germania.

465 2465 571 2533 (Lern.
590 2465 623 2522 Κ
642 2466 718 2537 aeg.
738 2465 785 2523 ll0.
803 2465 888 2523 rtet
907 2464 963 2522 fol
982 2464 1021 2522 rt
1038 2465 1160 2535 tergo.)

697 2573 733 2640 (3·
753 2579 816 2642 Jan.
839 2580 922 2637 1521·)

252 2693 327 2754 Leo
360 2702 428 2754 etc.
451 2691 600 2754 Dilectis
633 2690 713 2754 filiis
737 2691 889 2754 Alberto
918 2691 968 2753 tit.
995 2690 1109 2753 sancti
1133 2688 1327 2773 Grisogoni
1351 2711 1445 2773 pres·

161 2802 290 2882 bytero
308 2798 489 2861 Cardinali
507 2799 717 2881 Maguntino
743 2808 779 2861 et
792 2798 934 2860 Marino
952 2797 1156 2861 Carraciolo
1181 2818 1223 2861 ac
1238 2798 1446 2862 Hieronimo

160 2908 349 2969 Aleandro
387 2926 527 2968 necnon
557 2906 710 2985 Johanni
741 2905 848 2967 Eccio
883 2905 1040 2967 Notariis
1074 2916 1110 2967 et
1146 2905 1284 2968 nunciis
1318 2907 1447 2969 nostris

160 3013 376 3095 respective,
401 3011 559 3075 Salutem
593 3022 659 3075 etc.
685 3012 896 3093 Apostolice
922 3011 1027 3074 Sedis
1050 3012 1277 3094 providentia
1301 3012 1445 3076 circum-

160 3132 287 3203 specta
312 3131 437 3182 contra
461 3140 522 3182 eos
546 3119 605 3200 qui
629 3120 786 3181 heretice
809 3120 997 3200 pravitatis
1022 3131 1103 3182 sunt
1127 3122 1210 3182 labe
1233 3120 1389 3201 respersi
1412 3132 1448 3184 et

160 3248 312 3309 quorum
330 3225 488 3308 nequitia
504 3227 614 3308 serpit
639 3235 677 3288 ut
700 3236 838 3301 cancer,
864 3247 909 3288 ne
932 3226 968 3288 in
993 3227 1142 3289 aliorum
1167 3227 1363 3309 perniciem
1385 3249 1448 3291 sua

162 3354 305 3396 venena
337 3332 536 3395 diffundant
566 3334 629 3395 sed
658 3332 692 3395 in
719 3353 839 3396 eorum
866 3333 1030 3396 versutiis
1055 3343 1089 3397 et
1113 3334 1235 3415 pravis
1259 3335 1447 3399 conatibus

161 3450 437 3522 compescantur
467 3440 619 3502 libenter
643 3440 804 3520 intendit,
841 3451 877 3502 et
912 3449 1018 3520 prout
1053 3441 1225 3521 expedire
1261 3441 1447 3523 cognoscit

161 3548 322 3611 remedia
347 3546 495 3608 adhibet
519 3558 731 3628 opportuna.
767 3547 852 3611 Cum
878 3547 965 3609 alias
990 3546 1080 3610 false
1103 3546 1187 3609 fidei
1212 3550 1367 3610 cultores
1391 3568 1448 3611 va·

162 3676 245 3717 nam
270 3654 392 3717 mundi
416 3654 567 3736 gloriam
591 3666 782 3735 querentes
807 3656 996 3718 nonnullos
1021 3675 1161 3718 errores
1184 3655 1362 3718 hereticos
1386 3677 1448 3719 seu

162 3762 396 3824 scandalosos
432 3771 493 3823 aut
524 3760 662 3842 piarum
694 3761 831 3824 aurium
864 3761 1057 3825 offensivos
1088 3763 1124 3824 in
1152 3762 1273 3825 inclita
1305 3763 1449 3826 natione

162 3868 370 3945 germanica
401 3868 651 3948 seminassent,
684 3869 759 3931 Nos
790 3880 897 3950 prout
928 3879 1049 3932 nostro
1080 3868 1253 3949 pastorali
1278 3869 1449 3931 incumbit

164 3975 286 4037 officio
309 3974 433 4037 habita
457 3995 564 4056 super
587 3974 655 4038 hiis
676 3974 940 4039 cumfratribus
957 3974 1085 4038 nostris
1101 3986 1137 4036 et
1153 3975 1332 4039 nonnullis
1349 3997 1449 4040 sacre

164 4081 364 4163 'l‘heologie
382 4093 418 4144 et
433 4081 615 4163 utriusque
632 4083 726 4162 Juris
742 4081 1006 4164 professoribus
1022 4093 1159 4144 matura
1181 4082 1448 4163 deliberatione,

164 4189 246 4251 illos
271 4191 316 4250 de
342 4190 543 4253 eorumdem
567 4189 716 4251 fratrum
741 4189 889 4252 consilio
905 4198 1074 4270 tanquam
1091 4188 1202 4251 falsos
1219 4200 1255 4252 et
1270 4190 1449 4253 hereticos

165 4317 229 4357 seu
263 4296 494 4359 scandalosos
525 4307 586 4359 aut
617 4296 755 4378 piarum
779 4296 915 4358 aurium
940 4295 1133 4358 offensivos
1157 4296 1282 4358 merito
1308 4299 1448 4360 damna-

164 4404 281 4465 vimus
299 4413 335 4465 et
350 4404 630 4485 reprobavimus,
656 4424 697 4465 ac
723 4402 885 4466 omnibus
911 4402 1041 4466 Christi
1062 4402 1228 4466 fidelibus
1252 4407 1317 4466 snb
1343 4404 1448 4466 certis

165 4510 269 4592 penis
302 4519 387 4572 tunc
419 4510 598 4591 expressis
631 4509 875 4574 mandavimus
909 4532 953 4573 ne
977 4530 1117 4579 errores
1141 4510 1238 4592 ipsos
1261 4511 1448 4592 predicare

166 4638 230 4679 seu
260 4618 455 4680 defendere
486 4629 740 4699 presumerent.
788 4617 832 4679 Et
863 4618 947 4699 quia
978 4637 1117 4680 errores
1147 4618 1214 4699 ipsi
1240 4637 1303 4680 seu
1328 4637 1448 4692 eorum

165 4725 275 4806 aliqui
300 4725 335 4787 in
360 4725 490 4787 libellis
514 4725 696 4788 cuiusdam
713 4726 856 4789 Martini
874 4723 1021 4787 Lutheri
1044 4725 1327 4808 reperiebantur,
1350 4724 1447 4787 libel·

166 4834 221 4894 los
244 4833 342 4913 ipsos
367 4832 472 4895 etiam
497 4832 740 4895 damnavimus
764 4854 805 4894 ac
831 4832 965 4895 eisdem
981 4830 1275 4894 christifidelibus
1299 4835 1364 4894 sub
1387 4833 1447 4894 eis·

193 4958 275 5009 mun,
287 4958 431 4998 Documenta
440 4956 578 4998 Luthcrana.
1272 4938 1289 4994 2
