3559 5734
719 551 970 611 eovnoo

204 700 389 765 vesaniam
426 711 461 764 et
493 701 745 764 contumatiam
781 713 816 764 et
851 702 1126 766 obstinationem
1163 705 1319 769 addente
1354 708 1400 767 ad
1425 725 1490 768 nos

204 809 411 872 necessario
443 809 602 873 defertur
637 809 833 873 necessitas
864 810 1085 883 vindicandi;
1122 831 1203 874 nam
1239 821 1274 874 et
1309 810 1489 877 interitum

203 918 266 980 vel
290 917 455 980 minimae
489 916 566 979 ovis
599 937 646 979 ex
674 936 787 1000 grege
823 927 946 980 nostro
982 938 1060 980 cum
1097 918 1220 981 dolore
1255 917 1417 1001 ferimus,
1453 928 1489 983 et

201 1045 347 1106 poenae
382 1023 643 1087 animadversio
681 1024 943 1088 mansuetudini
987 1036 1130 1089 nostrae
1168 1027 1398 1091 vehementer
1435 1035 1489 1090 est

202 1132 418 1197 contraria“.

298 1240 398 1321 Quae
421 1240 550 1303 verba!
575 1259 680 1320 quam
704 1239 846 1303 diversa
870 1242 917 1303 ab
941 1239 1045 1303 editis
1069 1240 1281 1305 lutheranis!

299 1350 348 1411 At
361 1369 431 1410 non
447 1347 589 1410 diversa
601 1356 738 1411 tanturn
751 1350 813 1410 sed
827 1358 862 1410 et
872 1347 1060 1428 contraria,
1072 1347 1106 1410 in
1124 1348 1353 1430 sequentibus
1369 1370 1487 1412 occur-

201 1467 306 1519 runt:
328 1456 489 1535 „Testem
502 1455 617 1518 Deum
634 1455 913 1538 omnipotentem
935 1466 970 1518 et
984 1464 1079 1518 tuam
1093 1455 1315 1518 nobilitatem
1328 1455 1486 1537 facimuS,

194 1585 273 1627 >nos
298 1563 366 1626 iarn
392 1566 438 1625 ab
462 1562 561 1625 initio
587 1582 665 1625 cum
692 1561 838 1625 Martini
862 1562 1029 1643 Lutheri,
1063 1583 1167 1645 quem
1197 1562 1305 1626 filium
1336 1563 1486 1646 amplius

201 1681 367 1734 nostrum
391 1690 521 1733 vocare
545 1689 617 1732 non
641 1689 828 1751 possumus
852 1718 860 1733 .
886 1718 926 1733 ..
957 1669 1088 1733 diutius
1121 1690 1199 1733 esse
1232 1689 1358 1752 passos
1381 1690 1486 1752 quam

200 1779 368 1842 forsitam
383 1777 574 1861 pastoralis
590 1797 696 1839 curae
711 1776 897 1858 vigilantia
918 1779 1137 1859 postulabat:
1166 1778 1229 1840 sed
1255 1797 1297 1839 ea
1320 1797 1385 1858 spe
1408 1797 1487 1841 esse
1555 1776 1558 1781 ‘

200 1907 334 1970 passos
356 1886 451 1968 quod
471 1885 568 1947 illum
589 1885 635 1946 ad
651 1883 908 1966 poenitentiam
933 1884 1092 1948 converti
1117 1890 1267 1948 ettotam
1282 1883 1486 1949 nobilitatem

201 2016 276 2058 non
306 1990 438 2081 offendi
465 1990 675 2075 optavimus
729 1989 788 2054 Sic
820 1990 913 2054 enim
943 1992 1119 2055 commoni
1148 1991 1301 2055 oninium
1334 2013 1488 2056 sermone

193 2099 465 2187 praedicabatur
493 2097 558 2162 tibi
581 2096 683 2162 illum
713 2098 855 2162 chorum
878 2104 1113 2182 acceptumque
1135 2120 1214 2182 osse,
1238 2104 1361 2183 tuoque
1384 2099 1485 2163 illum

194 2207 397 2294 patrocimo
420 2205 530 2292 magis
554 2206 718 2293 confisam
742 2227 843 2290 quom
867 2208 1042 2291 oportebat,
1066 2209 1131 2270 hos
1155 2216 1274 2270 tantos
1298 2206 1365 2269 sibi
1389 2227 1484 2271 arro-

200 2316 352 2401 gantiae
376 2314 520 2397 spiritus
544 2314 809 2397 assumpsisse“.

273 2424 373 2486 Haec
397 2424 510 2484 verba
534 2420 676 2484 omnino
701 2421 879 2483 contraria
904 2431 985 2483 sunt
1006 2421 1170 2485 laudibus
1186 2420 1368 2485 Friderico
1392 2422 1485 2486 datis

199 2552 272 2615 pro
296 2530 473 2593 constanti
497 2528 767 2611 oppugnatione
792 2529 949 2608 Lutheri,
973 2549 1038 2610 pro
1061 2529 1193 2592 reiecta
1218 2528 1293 2592 eius
1307 2528 1485 2592 familiari·

199 2649 290 2719 tate,
306 2659 372 2721 pro
387 2637 558 2700 fidelitate
575 2646 641 2700 etc.
674 2636 815 2699 Nemini
832 2635 941 2717 igitur
956 2636 1100 2699 dubium
1117 2637 1200 2719 quin
1219 2636 1248 2699 si
1264 2656 1335 2699 una
1347 2636 1486 2700 sincera
1515 2670 1516 2673 ¹

201 2755 272 2827 est,
285 2747 398 2809 altera
411 2744 552 2807 omnino
566 2743 687 2825 spuria
708 2744 753 2806 sit
768 2744 949 2813 habenda:
964 2764 1045 2806 nam
1060 2763 1130 2806 uno
1148 2743 1205 2806 die
1222 2747 1313 2807 duae
1326 2743 1377 2805 sic
1393 2743 1485 2807 inter

200 2876 243 2918 se
269 2860 472 2936 pugnantes
497 2852 671 2933 epistolae
695 2850 857 2934 scriptae
879 2850 1078 2932 missaeque
1108 2871 1186 2913 esse
1217 2871 1288 2913 non
1318 2860 1483 2933 possunt;

201 2981 277 3024 una
300 2980 388 3042 ergo
412 2959 503 3022 falsa
527 2967 598 3030 est;
623 2959 686 3021 sed
710 2961 907 3039 quaenam?

295 3067 387 3129 Illud
426 3066 690 3128 observandum
727 3085 814 3148 prae
854 3064 1005 3128 caeteris
1043 3065 1138 3146 quod
1176 3065 1259 3127 dum
1298 3065 1485 3128 lutherana

201 3174 361 3258 epistola
406 3194 497 3255 quae
543 3174 684 3236 Romae
729 3172 1022 3235 circumferentur
1060 3191 1168 3235 voces
1214 3171 1374 3253 ignorat,
1425 3192 1483 3235 va-

201 3283 325 3345 ticana
348 3291 384 3344 et
407 3280 593 3363 cognoscit
617 3289 652 3343 et
676 3279 920 3343 reminiscitur.
979 3278 1194 3343 Resciverat
1225 3278 1426 3342 Fridericus
1464 3301 1486 3342 a

202 3391 399 3453 Valentino
417 3389 462 3451 de
473 3387 663 3452 Deitleben
681 3388 795 3469 ,quod
804 3385 947 3470 publica
964 3386 1059 3450 fama
1075 3385 1276 3449 affirmabat
1292 3385 1485 3449 Lutherum

201 3502 251 3561 ab
276 3498 355 3579 ipso
391 3496 448 3576 ali,
479 3495 594 3558 foveri
630 3505 666 3558 et
697 3495 889 3557 clementer
922 3493 1079 3574 haberi“,
1111 3493 1230 3574 itaque
1263 3493 1298 3555 in
1334 3493 1485 3574 epistola

201 3605 372 3668 vaticana
388 3604 462 3667 Leo
487 3601 609 3666 scribit
633 3602 796 3665 electori:
825 3601 1019 3679 „communi
1035 3601 1188 3665 omnium
1205 3621 1367 3664 sermone
1383 3620 1484 3681 prae·

201 3712 393 3773 dicabatur
425 3710 617 3773 Lutherum
655 3708 720 3771 tibi
753 3710 899 3772 charum
929 3720 1185 3790 acceptumque
1221 3728 1319 3788 esse,
1351 3717 1483 3789 tuoque

200 3819 302 3882 illum
317 3817 515 3899 patrocinio
530 3819 596 3880 hos
609 3826 727 3879 tantos
742 3815 808 3879 sibi
822 3816 1049 3897 arrogantiae
1062 3815 1207 3896 spiritus
1219 3812 1483 3897 assumpsisse“.

294 3925 340 3987 Et
364 3925 481 4008 logica
509 3936 545 3987 et
568 3924 715 3987 historia
738 3924 852 4005 magis
875 3923 956 3986 huic
982 3923 1216 4004 conveniunt,
1250 3942 1355 4003 quam
1390 3923 1484 4003 stylo

202 4032 369 4097 mendaci
409 4052 480 4114 quo
519 4031 686 4094 asseritur
721 4031 856 4093 Ducem
900 4029 1080 4093 Saxoniae
1129 4049 1289 4112 ,semper
1325 4027 1485 4092 infensos

201 4140 373 4204 habuisse
403 4138 598 4220 iniquitatis
627 4136 690 4200 filii
721 4137 866 4200 Martini
900 4137 1046 4201 Lutheri
1078 4138 1257 4200 conatus“.
1315 4135 1361 4198 Et
1395 4136 1483 4199 haec

202 4269 271 4331 pro
295 4266 423 4328 magna
446 4245 737 4328 praesumptione
762 4254 886 4307 contra
910 4244 1150 4308 sinceritatem
1174 4243 1348 4325 epistolae
1373 4243 1483 4306 luthe-

202 4376 315 4418 ranae
339 4354 505 4416 habenda
528 4362 699 4417 tenemus.
737 4431 740 4439 Ι

296 4460 386 4541 Sed,
419 4481 570 4542 quaeso,
603 4462 780 4542 quomodo
813 4469 955 4541 poterat
986 4459 1168 4521 Aleander
1203 4455 1388 4537 epistolam
1413 4455 1484 4518 diei

204 4576 223 4633 8
249 4569 333 4651 Julii
358 4568 554 4650 ignorare?
600 4566 676 4630 Nec
701 4587 828 4630 revera
851 4564 1047 4649 ignoravit;
1081 4565 1205 4647 ignota
1238 4563 1289 4625 illi
1322 4562 1389 4626 fuit
1412 4561 1482 4644 epi·

202 4680 298 4742 stola
323 4699 343 4740 a
367 4674 562 4739 lutheranis
586 4673 714 4737 deinde
739 4674 850 4746 edita;
877 4673 976 4736 novit
1001 4671 1178 4754 apprime,
1202 4669 1331 4751 retulit,
1354 4669 1390 4733 in
1415 4671 1481 4733 col·

205 4784 361 4850 lectione
385 4803 449 4847 sua
473 4781 671 4864 composuit
696 4780 883 4863 epistolam
915 4781 1127 4843 vaticanam.
1185 4778 1284 4841 Haec
1316 4796 1403 4857 ergo
1436 4775 1484 4840 in-

204 4891 411 4957 dubitanter
435 4889 592 4971 sincera,
623 4910 708 4952 vere
732 4888 855 4969 missa,
890 4888 994 4951 unice
1027 4886 1160 4968 scripta
1183 4884 1267 4958 fuit;
1301 4905 1367 4947 nec
1391 4884 1484 4947 inter
