3559 5734
726 529 974 586 ῡ-ΜόΊιἫ

211 688 247 741 et
271 698 379 760 opere
404 677 503 741 accio
528 676 639 741 Cesar
663 696 816 740 conosca
841 685 877 739 et
900 685 992 739 tutto
1018 677 1039 738 ’l
1064 677 1195 740 mondo
1220 679 1286 742 che
1309 677 1352 743 N.
1378 675 1432 740 S⁰r
1454 693 1490 739 et

211 795 336 866 questa
360 785 472 847 Santa
497 782 592 846 Sede
616 793 791 866 reputano
816 792 943 865 questa
966 783 1083 865 gratia
1108 785 1228 866 doppo
1253 784 1322 847 Dio
1348 785 1394 847 da
1417 770 1506 848 Sua⁸

211 891 286 955 Mta
316 891 471 955 Cesarea
502 899 538 954 et
568 893 634 954 che
665 912 710 953 ne
744 910 872 953 serano
902 911 1043 972 sempre
1074 892 1290 955 ricordevoli
1330 902 1366 955 et
1397 891 1491 973 grati

211 1020 315 1063 verso
339 1001 458 1081 quella
483 1008 518 1062 et
541 1008 634 1061 tutta
657 1018 698 1060 su
723 997 815 1061 Casa
845 998 1080 1061 serenissima.
1127 998 1198 1062 Voi
1230 1019 1332 1062 mess.
1367 998 1490 1062 Hiero·

210 1127 318 1189 nymo
342 1105 592 1188 ringratierete
625 1125 735 1168 ancor
766 1106 800 1168 el
833 1125 907 1185 ren.
932 1105 1050 1168 Padre
1083 1105 1285 1187 confessor,
1317 1104 1490 1187 Palantia,

210 1214 410 1277 consellieri
434 1226 469 1276 et
494 1213 516 1276 li
541 1212 621 1275 altri
645 1212 780 1295 signori
802 1212 959 1275 secondo
983 1212 1007 1275 li
1032 1211 1156 1295 meriti,
1181 1222 1217 1275 et
1240 1212 1491 1293 persuadetevi

209 1323 277 1384 che
301 1331 400 1383 tante
422 1319 573 1399 fatiche,
607 1319 696 1381 tanti
727 1318 832 1382 stenti
866 1329 902 1382 et
926 1318 1049 1401 vigilie
1073 1329 1173 1382 usate
1197 1319 1231 1382 in
1258 1328 1383 1402 questa
1408 1339 1493 1383 cosa

208 1427 246 1489 vi
270 1447 423 1489 saranno
449 1429 744 1489 cumulatamente
768 1427 944 1490 ristorate.
991 1425 1034 1489 N.
1059 1425 1096 1493 S.
1129 1427 1245 1490 lauda
1264 1446 1330 1490 con
1356 1447 1491 1490 summa

210 1533 495 1597 commendation
521 1533 541 1595 l’
558 1552 688 1615 opera,
721 1533 745 1596 il
779 1533 897 1596 studio
931 1543 967 1596 et
993 1532 1077 1596 fede
1102 1542 1138 1596 et
1161 1532 1347 1597 animositi
1371 1543 1493 1598 vostra

210 1641 318 1724 piena
342 1639 377 1702 di
402 1640 576 1722 religione
600 1639 635 1702 in
661 1649 787 1722 questa
810 1659 894 1702 cosa
919 1650 1017 1703 tanto
1042 1641 1282 1723 travagliosa‚
1315 1650 1350 1703 et
1373 1640 1433 1703 noi
1456 1641 1492 1702 vi

209 1747 361 1811 amiamo
395 1747 651 1811 cordialmente
685 1755 720 1810 et
752 1767 925 1829 pensamo
955 1767 977 1809 a
1008 1748 1258 1811 commodarvi.
1305 1748 1348 1810 Ei
1380 1750 1491 1811 breve

209 1857 257 1918 de
280 1853 415 1918 accessi
439 1874 505 1935 per
528 1853 550 1917 l'
567 1853 721 1917 officiale
746 1853 790 1916 de
815 1855 964 1918 Treveri
987 1852 1023 1916 vi
1047 1854 1077 1917 si
1100 1854 1231 1917 manda
1262 1874 1328 1917 con
1354 1864 1490 1936 questa,

209 1962 235 2025 il
258 1972 355 2025 resto
379 1961 409 2024 si
433 1981 544 2044 segue
569 1961 604 2023 di
628 1961 761 2024 vedere
786 1960 815 2022 si
839 1961 1045 2042 expedisca.
1091 1960 1137 2023 Et
1151 1962 1243 2025 bene
1260 1963 1389 2024 valete.
1435 1962 1491 2024 Ex

208 2069 393 2132 Florentia
416 2068 450 2129 V
474 2067 568 2147 Junii
591 2067 775 2131 MDXXI.

299 2175 380 2238 Non
405 2175 439 2237 vi
463 2175 581 2238 scordi
605 2176 638 2238 le
663 2184 784 2237 nostre
808 2174 1135 2239 raccomandationi
1159 2195 1180 2237 a
1204 2173 1240 2237 S.
1265 2174 1329 2237 Mi*
1347 2175 1490 2256 quando

208 2283 246 2345 vi
281 2302 427 2345 occorre
459 2279 706 2363 opportunita,
735 2282 801 2344 che
833 2291 931 2343 certo
963 2291 1126 2363 portamo
1157 2283 1215 2344 nel
1250 2302 1333 2344 core
1365 2292 1490 2363 questo

207 2393 305 2453 buon
331 2388 492 2472 principe
517 2398 552 2452 et
576 2388 687 2452 siamo
712 2408 777 2470 per
808 2389 967 2470 portario
1000 2389 1085 2469 ogni
1117 2386 1152 2450 di
1183 2388 1244 2469 pir
1272 2409 1338 2470 per
1366 2397 1491 2470 questa

208 2518 274 2560 sua
298 2515 432 2559 summa
456 2496 575 2558 bonta.
628 2497 674 2558 Al
705 2494 889 2558 confessor
919 2495 1236 2558 osservandissimo
1266 2494 1340 2558 fate
1375 2497 1490 2558 anche

208 2606 244 2667 le
268 2604 395 2667 iterate
419 2602 744 2666 raccomandationi
769 2604 803 2665 al
826 2621 918 2684 gran
942 2601 1153 2666 Cancellieri
1177 2612 1242 2668 ete.

300 2710 403 2774 Circa
420 2709 442 2773 il
459 2709 582 2774 venire
598 2719 720 2772 vostro
737 2711 842 2791 quale
858 2718 1027 2772 mostrate
1044 2710 1258 2791 desiderare,
1276 2709 1318 2773 N.
1336 2708 1490 2792 Signore

209 2818 290 2882 dice
314 2820 380 2880 che
405 2837 443 2880 se
468 2836 538 2880 non
562 2815 598 2877 vi
615 2836 702 2897 pare
718 2815 777 2899 piri
793 2816 997 2879 necessaria
1021 2816 1041 2879 l'
1058 2836 1169 2898 opera
1185 2827 1305 2880 vostra
1322 2816 1357 2879 in
1373 2819 1490 2899 quelle

208 2927 329 2988 bande
362 2926 428 2987 che
459 2925 478 2987 e
519 2932 687 2986 contento
720 2944 764 2986 ve
795 2943 840 2985 ne
877 2923 1034 3004 possiate
1066 2932 1210 2985 tornare
1249 2944 1270 2985 a
1305 2925 1490 2987 commodo

209 3042 343 3096 vostro.
390 3031 435 3094 Et
458 3033 552 3094 bene
576 3031 703 3094 valete..
751 3029 955 3093 Florentiae
980 3030 1031 3092 VI
1055 3030 1150 3109 Junii
1173 3029 1356 3094 MDXXI.

960 3153 1007 3216 vr.
1026 3153 1133 3225 mter,
1154 3163 1220 3211 vice
1240 3160 1455 3225 eaucenanusst)

751 3357 770 3368 ν
776 3358 812 3367 ’.νε
820 3363 824 3367 .
831 3357 956 3369 «mv-»W

811 3604 884 3671 100.

537 3733 744 3812 Alcander
775 3730 1163 3812 vicecancellarii).

681 3869 780 3942 (dunt
801 3870 892 3929 dem
909 3868 1026 3935 11188.)

732 3981 768 4048 (1.
787 3981 862 4046 Junii
884 3977 971 4050 1521.)

299 4107 380 4170 Non
405 4127 467 4171 era
489 4127 555 4188 per
578 4109 746 4170 molestat
770 4107 804 4169 al
835 4114 1003 4187 presente
1032 4125 1099 4168 con
1127 4105 1195 4167 mie
1223 4106 1328 4168 lettre
1359 4105 1489 4168 Vostra

210 4213 382 4297 Signoria
404 4213 739 4295 Reverendissirna‚
772 4233 810 4276 se
834 4232 905 4275 non
934 4210 1031 4275 fusse
1055 4214 1121 4275 che
1144 4213 1179 4274 lo
1204 4211 1382 4295 Episcopo
1407 4212 1489 4275 olim

211 4320 282 4386 mio
306 4322 442 4385 Patron
466 4321 490 4383 li
514 4320 630 4384 scrive
654 4322 780 4384 alcune
805 4318 1013 4382 credentiali
1038 4318 1074 4381 di
1097 4318 1165 4382 mie
1190 4321 1314 4382 lettre:
1339 4319 1431 4381 Perd
1455 4321 1488 4382 le

211 4428 375 4511 supplico
401 4430 467 4491 che
491 4448 531 4491 se
554 4448 626 4490 non
648 4448 714 4509 per
738 4426 930 4509 preghiere
955 4428 1013 4489 del
1037 4428 1136 4489 detto
1160 4426 1340 4508 Episcopo
1357 4426 1399 4488 ne
1424 4446 1490 4506 per

209 4536 281 4599 mie
310 4533 433 4598 humili
466 4534 719 4614 summissioni‚
748 4536 888 4596 almeno
917 4553 983 4615 per
1012 4553 1110 4596 amor
1138 4534 1233 4596 della
1256 4530 1369 4596 Santa
1392 4532 1488 4595 Sede

211 4643 433 4725 Apostolica,
447 4653 483 4705 et
493 4650 773 4705 sustentamento
787 4641 822 4702 di
833 4641 962 4722 quella,
976 4640 1109 4703 Vostra
1125 4638 1293 4721 Signoria
1306 4641 1488 4703 Reveren-

245 4872 265 4941 1)
285 4874 421 4923 Alcander
438 4889 516 4922 marm
535 4874 643 4938 propria
660 4873 810 4922 adnotavit:
831 4872 968 4922 Redditae
987 4872 1098 4921 Lovanii
1118 4884 1160 4920 21.
1180 4871 1263 4937 Junii.

236 4980 318 5031 Balsa,
329 4981 474 5020 Documenta
483 4979 621 5020 hetbartus.
1296 4960 1328 5012 l?
