3559 5734
832 469 1062 523 enectae

305 615 471 694 misimus
496 635 574 677 cum
599 615 722 677 debita
739 614 952 677 executione
969 616 1165 678 litterarum
1182 616 1498 679 declaratoriarum
1514 638 1589 679 sen·

305 718 494 785 tentiarum
525 732 725 785 nostrarum
758 722 941 785 nobiscum
966 733 1004 785 ut
1029 725 1133 787 decet
1157 724 1364 795 convenire;
1399 732 1434 786 et
1458 734 1496 785 ut
1520 744 1589 786 om-

306 829 409 891 nibus
433 828 723 893 christifidelibus
746 829 782 891 id
806 829 1008 893 innotescat
1031 851 1096 912 per
1113 843 1210 893 tuum
1227 831 1397 912 generale
1413 830 1591 893 aedictum

305 936 340 999 in
374 935 537 1000 omnibus
572 936 776 999 civitatibus
812 947 847 998 et
882 936 969 1000 locis
1003 936 1217 1000 Germaniae
1253 937 1430 1018 publicari
1465 958 1591 1001 curare

305 1043 457 1105 eundem
480 1042 673 1105 Martinum
706 1053 742 1105 et
772 1043 860 1106 alios
894 1044 1094 1108 haereticos
1128 1045 1161 1107 ei
1192 1046 1408 1108 adherentes
1441 1064 1483 1107 ac
1516 1046 1591 1126 ejus

305 1150 463 1213 fautores
488 1160 524 1212 et
547 1157 793 1232 receptatores
816 1151 1000 1233 ipsiusque
1024 1151 1298 1233 perversitatem
1315 1163 1506 1233 sequentes
1522 1151 1592 1215 illis

306 1257 418 1339 peniS,
443 1278 534 1338 quae
551 1257 588 1321 in
612 1257 739 1321 litteris
763 1258 894 1321 nostris
919 1268 1044 1322 contra
1068 1280 1130 1322 eos
1155 1260 1322 1322 decretae
1346 1259 1500 1340 fuerunt,
1524 1259 1592 1321 nisi

305 1364 530 1445 resipiscant,
563 1365 672 1446 plecti
692 1365 851 1447 jubendo
876 1386 919 1427 ac
950 1365 1132 1455 ciuitatum
1160 1366 1359 1430 rectoribus
1385 1377 1422 1430 et
1445 1365 1591 1429 Provin-

306 1470 438 1534 ciarum
471 1480 609 1534 tuarum
641 1471 926 1535 moderatoribus
960 1474 1224 1555 eorundemque
1257 1473 1523 1556 apparitoribus
1558 1484 1593 1535 et

306 1578 384 1641 aliis
408 1576 631 1659 officialibus
665 1582 731 1641 sub
756 1579 858 1661 penis
894 1583 939 1643 de
971 1580 1099 1662 quibus
1131 1580 1193 1642 tibi
1219 1580 1399 1643 videbitur
1423 1582 1593 1643 mandare

305 1695 342 1746 ut
374 1705 439 1768 per
472 1685 652 1768 publicum
684 1685 839 1748 edictum
863 1688 1027 1750 omnibus
1051 1689 1236 1751 declarent
1260 1698 1367 1769 atque
1391 1687 1593 1770 significent

305 1801 340 1853 te
374 1801 499 1855 contra
531 1793 684 1854 eundern
707 1792 901 1855 Martinum
932 1815 974 1856 ac
1005 1795 1184 1857 hereticos
1214 1793 1312 1877 ipsos
1344 1795 1532 1858 damnatos
1557 1806 1593 1857 et

306 1899 337 1960 ei
369 1899 584 1961 adherentes
615 1918 807 1980 eorumque
841 1899 999 1964 fautores
1027 1903 1128 1983 juxta
1158 1901 1357 1964 litterarum
1391 1911 1591 1964 nostrarum

306 2026 383 2068 esse
413 2026 655 2087 processuros.
712 2006 919 2070 Praestabis
958 2008 1051 2070 enim
1083 2008 1119 2071 in
1155 2009 1224 2070 hoc
1256 2006 1435 2071 Salvatori
1467 2018 1592 2070 nostro

303 2114 388 2192 Jesu
405 2112 545 2176 Christo
570 2112 781 2194 obsequium
804 2113 839 2177 in
864 2114 986 2195 primis
1010 2114 1307 2196 acceptissimum,
1324 2123 1475 2197 propter
1491 2117 1589 2196 quod

306 2217 465 2281 diffusius
497 2221 646 2283 extollet
680 2220 831 2302 gloriam
862 2230 945 2284 tuae
976 2222 1169 2303 majestatis
1200 2221 1332 2285 famam
1363 2242 1455 2303 quae
1484 2222 1592 2285 etiam

305 2328 340 2388 in
358 2338 524 2408 posteros
541 2336 620 2390 tuos
642 2347 721 2390 cum
738 2328 843 2391 laude
859 2329 1015 2391 maxima
1033 2330 1238 2409 descendet,
1263 2339 1299 2391 et
1315 2330 1408 2391 ultra
1424 2339 1594 2391 aeternae

305 2435 400 2497 vitae
433 2434 628 2516 praemium
660 2436 757 2516 quod
789 2435 919 2498 exinde
951 2436 1015 2497 tibi
1044 2434 1249 2517 proveniet,
1283 2434 1442 2515 reperies
1466 2456 1532 2498 nos
1557 2448 1594 2499 et

305 2543 397 2602 hanc
428 2549 588 2604 sanctam
612 2540 743 2604 Sedem
774 2542 1007 2623 apostolicam
1032 2544 1078 2605 ad
1102 2541 1220 2604 omnia
1244 2561 1337 2622 quae
1360 2543 1533 2605 honorem
1558 2552 1594 2606 et

306 2660 435 2711 statum
459 2657 541 2711 tuae
566 2647 786 2711 celsitudinis
810 2667 1027 2711 concernere
1051 2658 1221 2731 poterunt
1245 2649 1340 2711 omni
1376 2670 1454 2711 cum
1486 2652 1593 2713 bene-

306 2757 462 2819 dictione
486 2765 683 2837 promptos.
731 2756 863 2818 Datum
887 2756 1029 2819 Romae
1054 2759 1149 2838 apud
1167 2755 1339 2820 Sanctum
1356 2757 1501 2818 Petrum
1525 2761 1593 2819 sub

307 2864 437 2925 annulo
464 2861 674 2944 Piscatoris,
709 2861 766 2924 die
798 2861 935 2924 XVIII.
964 2864 1123 2943 Januarii
1154 2863 1327 2926 MDXXI
1358 2863 1594 2928 Pontificatus

308 2969 419 3032 nostri
444 2988 537 3032 anno
562 2977 701 3032 octavu.

1337 3067 1377 3128 la.
1396 3066 1558 3129 titolum.

844 3229 1050 3241 mmmmm

926 3460 975 3523 14.

693 3567 872 3646 Aloandur
890 3566 1204 3647 Vioeounmllario.

651 3714 826 3786 minorat.
847 3714 997 3774 (herman.
1018 3713 1048 3771 11·
1066 3712 1246 3786 llo-ut)

826 3829 879 3900 (19.
900 3836 960 3898 Jan.
985 3836 1069 3896 1521.)

396 3961 437 4023 El
462 3960 654 4038 ,confessor
687 3959 723 4021 in
756 3957 871 4039 questi
896 3957 1009 4020 ultimi
1033 3966 1175 4038 quattro
1199 3957 1317 4038 giorni
1341 3956 1402 4038 gia
1426 3956 1486 4040 piu
1510 3957 1595 4023 fiate

308 4070 331 4131 il
356 4071 403 4131 ha
426 4068 623 4130 dechiarito
647 4087 718 4130 non
743 4066 842 4129 voler
860 4085 925 4146 per
940 4085 1023 4127 cosa
1038 4066 1166 4127 alcuna
1183 4073 1297 4126 restar
1314 4063 1384 4146 qui,
1409 4084 1466 4127 ma
1482 4067 1596 4129 andar

309 4178 343 4238 al
374 4176 531 4256 capitulo
563 4194 627 4237 suo
658 4174 827 4255 generale
861 4173 928 4234 che
959 4171 1090 4234 sisara
1118 4192 1139 4233 a
1154 4169 1272 4253 Carpi,
1302 4173 1337 4233 al
1366 4173 1472 4253 quale
1502 4172 1551 4235 lui
1576 4172 1596 4236 e

310 4291 505 4345 constretto
529 4301 575 4343 ex
599 4290 698 4343 voto:
724 4279 784 4342 noi
810 4279 1064 4361 cognoscendo
1088 4298 1159 4341 non
1184 4279 1296 4341 haver
1319 4279 1410 4340 altro
1426 4283 1484 4359 qul
1502 4300 1524 4341 a
1538 4279 1598 4342 chi

308 4389 368 4470 piu
394 4409 437 4450 ne
461 4388 640 4469 possiamo
673 4386 764 4449 fidar
795 4386 830 4448 in
863 4394 990 4466 questo
1021 4387 1087 4448 che
1111 4406 1133 4447 a
1157 4384 1220 4463 lui,
1248 4385 1271 4446 li
1296 4382 1484 4447 facessimo
1509 4386 1596 4466 ogni

309 4494 476 4557 instantia
500 4495 579 4557 chel
604 4503 772 4575 restasse,
807 4491 1026 4574 allegandoli
1056 4491 1082 4554 il
1112 4492 1277 4573 maggior
1299 4491 1369 4554 imo
1393 4491 1597 4555 universale

309 4607 380 4666 ben
403 4602 498 4665 della
514 4601 634 4665 chiesa
658 4620 777 4663 essere
801 4600 848 4663 da
872 4597 1046 4682 preferire
1070 4599 1105 4661 al
1128 4602 1199 4661 ben
1224 4598 1427 4679 particular,
1448 4607 1484 4660 et
1500 4600 1597 4679 quod

311 4711 356 4771 ad
380 4711 448 4770 hoc
474 4718 665 4789 cogeretur
683 4728 734 4786 ,ex
759 4716 843 4769 voto
861 4705 1035 4787 Baptismi
1060 4705 1155 4786 quod
1177 4706 1286 4786 longe
1303 4714 1458 4767 antestat
1474 4715 1598 4769 votum

309 4814 506 4895 religionis,
530 4824 567 4876 et
590 4814 625 4877 in
649 4813 697 4876 fin
722 4813 829 4893 disse,
854 4816 920 4876 che
945 4832 1016 4875 non
1040 4813 1259 4892 restarebbe,
1285 4813 1328 4874 ne
1353 4831 1418 4894 per
1444 4812 1598 4894 Impera-
