3559 5734
815 524 1045 580 &disp-0

287 688 346 750 voi
370 708 555 751 commune
580 688 753 771 consiglio
779 699 814 750 et
839 709 905 751 con
923 692 1019 751 bona
1036 687 1294 750 deliberatione
1312 696 1347 750 et
1362 686 1572 757 concordia;

287 797 345 857 nel
369 804 465 858 resto
490 816 654 877 speramo
677 796 714 857 in
739 796 807 858 Dio
832 796 968 858 aiutera
993 798 1027 858 la
1051 816 1159 858 causa
1183 816 1257 858 sua.

375 901 455 964 Non
481 901 510 963 si
533 904 711 983 potrebbe
737 901 939 983 exprimere
964 913 1097 984 quanto
1115 902 1246 965 Cesare
1270 922 1336 983 per
1360 903 1395 963 la
1414 922 1479 963 sua
1495 922 1572 963 san·

287 1009 422 1071 tissima
454 1029 566 1090 opera
596 1008 630 1071 in
661 1019 787 1091 questa
819 1030 927 1073 causa
952 1030 1154 1091 commune,
1187 1010 1240 1072 sia
1264 1009 1512 1071 commendato
1538 1020 1574 1069 et

288 1117 444 1178 exaltato
477 1117 523 1177 da
546 1115 677 1179 Nostro
703 1116 875 1199 Signore,
911 1127 947 1180 et
974 1119 1021 1181 da
1044 1119 1150 1180 tuttol
1175 1137 1276 1179 sacro
1301 1115 1489 1197 Colleggio
1515 1115 1571 1176 dei

288 1222 483 1302 Cardinali‚
517 1233 552 1285 et
576 1232 668 1286 tutta
691 1225 726 1286 la
750 1235 849 1288 corte
874 1225 898 1287 li
923 1225 1089 1288 desidera
1112 1222 1314 1306 prosperita
1339 1232 1374 1285 et
1399 1220 1514 1302 gloria
1538 1230 1574 1282 et

287 1329 355 1391 Noi
386 1350 495 1411 sopra
519 1329 619 1409 tutti,
654 1330 726 1393 cosi
751 1341 893 1413 potrete
917 1332 994 1395 fare
1018 1330 1205 1394 intendere
1230 1351 1251 1392 a
1275 1330 1349 1391 Sua
1372 1328 1513 1391 Maesta
1536 1339 1572 1390 et

288 1460 308 1499 a
333 1437 378 1498 lei
402 1437 597 1501 humillime
621 1439 965 1511 raccommandarci;
991 1439 1215 1501 benevalete.

376 1562 432 1624 Ex
458 1563 545 1624 Palo
570 1563 773 1644 portuensis
797 1562 950 1625 diocesis
976 1562 1153 1625 XXVIII.
1178 1562 1256 1641 Jan.
1281 1561 1464 1623 MDXXI.

1274 1675 1375 1738 torto
1393 1674 1502 1742 tritor,

1248 1775 1313 1824 Vicc
1339 1773 1530 1823 Cancellarius.

908 2146 959 2232 1r.‘

660 2301 991 2384 vicecancellarius
1010 2302 1199 2382 Alcandrc.

607 2451 801 2523 (Nunclat.
827 2450 943 2510 Germ.
969 2449 999 2507 11·
1024 2449 1088 2507 fol.
1112 2447 1253 2517 12-13.)

626 2573 677 2630 (Ex
696 2572 773 2620 senis
795 2584 816 2619 1.
837 2572 916 2622 Febr.
936 2598 970 2607 -
990 2570 1155 2618 Wormatiae
1180 2568 1230 2633 11.)

503 2696 721 2759 Venerabile
745 2696 811 2758 Vir
835 2695 960 2757 Amice
985 2695 1117 2756 Noster
1140 2693 1345 2774 praecipue.

377 2822 574 2884 Havemmo
607 2820 698 2884 visto
728 2831 861 2902 quanto
886 2820 918 2909 ci
943 2820 1096 2881 scrivete
1120 2837 1186 2900 per
1209 2819 1244 2879 la
1268 2826 1389 2880 vostra
1414 2818 1450 2880 di
1477 2818 1570 2879 XIX

288 2931 345 2991 del
369 2943 526 3011 passato.

376 3036 427 3099 Le
458 3037 560 3099 Bolle
592 3048 627 3098 et
661 3034 787 3113 Brevi,
821 3036 887 3097 che
919 3035 1048 3095 havete
1074 3031 1238 3094 ricercati
1271 3031 1332 3113 gia
1365 3031 1427 3094 111.
1463 3033 1497 3094 dl
1537 3031 1571 3093 fa

287 3144 322 3205 vi
347 3143 376 3205 si
400 3164 489 3206 sono
514 3144 671 3205 mandati
695 3142 841 3205 insieme
866 3161 933 3204 con
959 3161 1029 3203 una
1054 3139 1099 3201 de
1123 3139 1263 3203 cambio
1288 3142 1332 3203 de
1365 3160 1429 3217 400
1455 3137 1572 3200 ducati

288 3252 409 3318 doro:
442 3260 583 3333 potrete
611 3248 805 3313 inscrivere
830 3270 876 3311 un
903 3248 938 3310 di
963 3247 1070 3329 quelli
1096 3247 1205 3310 Brevi
1229 3249 1262 3309 al
1287 3248 1388 3310 Duce
1413 3244 1572 3327 Georgio

288 3358 323 3419 di
348 3358 517 3420 Sassonia
548 3366 583 3420 et
611 3357 764 3438 darglilo
797 3360 903 3436 costl,
938 3377 959 3418 ο
990 3354 1226 3435 mandarglilo
1258 3374 1324 3434 per
1357 3362 1484 3434 questa
1516 3351 1573 3414 via

287 3464 430 3545 quando
462 3485 531 3526 non
562 3463 658 3525 fosse
689 3484 755 3544 per
785 3463 908 3526 venire
939 3464 1009 3526 alla
1036 3462 1157 3533 Dieta;
1190 3481 1228 3524 se
1260 3462 1350 3523 altre
1373 3459 1570 3541 provisioni

288 3572 552 3652 bisogneranno
577 3590 647 3632 non
673 3570 707 3631 vi
732 3570 761 3632 si
785 3568 978 3632 manchera
1002 3569 1037 3630 di
1062 3571 1199 3647 alcuna,
1224 3578 1316 3629 state
1340 3587 1408 3648 pur
1425 3567 1461 3628 di
1476 3568 1572 3629 bono

287 3678 422 3757 anim0‚
447 3690 482 3739 et
505 3676 681 3759 segnitate
706 3675 1096 3761 animosissimamente,
1122 3695 1262 3756 sempre
1287 3675 1375 3755 perd
1400 3693 1467 3736 con
1491 3693 1571 3754 pru·

289 3785 409 3847 dentia
440 3794 476 3847 et
508 3784 684 3847 modestia
717 3793 752 3846 et
784 3793 875 3845 tutto
907 3782 981 3844 fate
1015 3781 1162 3844 insieme
1186 3783 1242 3844 col
1266 3779 1512 3862 protonotario
1538 3790 1574 3841 et
1600 3818 1604 3829 -

288 3890 544 3954 communicato
569 3891 729 3954 consilio.
771 3890 906 3953 Instate
937 3891 1208 3952 ardentemente
1239 3908 1412 3970 appresso
1442 3886 1573 3949 Cesare

289 4011 323 4061 et
347 3999 455 4080 quelli
480 3996 625 4080 Signori
643 3997 802 4079 Principi
818 3996 978 4075 Elettori‚
1004 3998 1070 4058 che
1091 3995 1222 4059 Cesare
1247 4008 1282 4058 et
1307 3994 1376 4058 essi
1400 4014 1470 4057 non
1495 4013 1571 4076 per·

288 4115 444 4168 mettano
469 4114 562 4167 sotto
587 4115 688 4167 tanto
713 4105 934 4187 Imperatore
958 4113 994 4165 et
1018 4106 1046 4165 sl
1079 4101 1184 4165 selice
1219 4115 1253 4165 et
1290 4103 1427 4183 grande
1462 4102 1574 4182 Impe-

288 4212 340 4274 rio
365 4222 400 4274 et
424 4233 444 4274 a
469 4221 589 4292 tempo
613 4214 691 4275 loro
724 4213 759 4275 la
783 4210 992 4290 Germania,
1024 4212 1129 4291 quale
1159 4229 1298 4288 sempre
1323 4209 1343 4271 e
1369 4220 1463 4270 stata
1495 4207 1572 4270 reli-

288 4318 487 4399 giosissima
512 4328 547 4382 et
571 4319 811 4382 defensatrice
836 4320 932 4382 della
956 4318 1085 4380 Chiesa
1110 4316 1277 4379 Romana
1303 4324 1337 4377 et
1362 4313 1459 4378 Sede
1477 4316 1573 4396 Apo·

288 4425 413 4489 stolica
438 4436 473 4489 et
497 4428 562 4489 che
587 4446 651 4507 per
676 4428 726 4488 tal
750 4437 856 4487 conto
882 4425 1019 4487 estate
1043 4435 1169 4485 ornata
1194 4422 1278 4483 dalli
1303 4421 1438 4485 Summi
1454 4423 1573 4485 Ponti·

287 4532 344 4594 fici
381 4533 475 4595 dello
510 4534 665 4614 Imperio
701 4542 736 4596 et
772 4533 867 4594 della
902 4531 1097 4607 Elettione,
1137 4537 1325 4610 postposta
1361 4528 1444 4611 ogni
1481 4530 1573 4591 altra

290 4640 441 4702 >latione
473 4649 508 4702 et
531 4640 634 4703 Italia
658 4652 788 4717 stessa‚
821 4642 911 4702 hora
935 4660 956 4701 a
980 4647 1084 4721 posta
1116 4639 1160 4700 de
1187 4639 1257 4699 duo
1282 4659 1303 4699 o
1329 4649 1382 4700 tre
1407 4637 1573 4699 scelerati

289 4747 418 4808 ribaldi
441 4746 587 4810 heretici
613 4747 743 4810 declini
768 4747 865 4809 dalla
881 4746 994 4809 Santa
1012 4747 1177 4808 Romana
1202 4754 1237 4807 et
1255 4744 1439 4807 Catholica
1456 4744 1572 4817 Fede;

290 4865 324 4915 et
356 4854 611 4935 persuadeteli,
646 4857 712 4918 che
741 4855 829 4917 detti
853 4854 1003 4917 heretici
1026 4872 1098 4916 non
1122 4859 1220 4913 tanto
1247 4872 1399 4914 cercano
1424 4861 1572 4915 mettere
