3559 5734
704 501 952 565 ΗΒΒΘῊΉ

278 647 317 715 Io
340 671 387 716 vo
411 672 480 735 pur
502 652 721 718 intendendo
746 654 812 718 che
837 655 935 718 molti
960 655 996 718 di
1021 655 1137 738 questi
1160 654 1312 739 principi
1329 654 1365 719 di
1381 653 1467 720 Ger·

186 759 306 821 mania
329 769 456 824 stanno
481 782 546 825 con
572 763 622 843 gli
646 763 747 825 occhi
772 764 886 844 aperti
912 785 933 826 a
956 765 1088 827 vedere
1112 785 1150 827 se
1175 765 1208 827 le
1233 784 1315 827 cose
1346 764 1381 826 di
1406 764 1467 827 Ce-

188 887 268 929 sare
293 887 360 930 con
377 866 514 930 Franza
538 869 787 949 declinassino,
812 890 878 932 con
900 871 1068 953 dissegno
1086 872 1151 933 che
1167 872 1309 952 quando
1328 873 1468 934 vedano

189 973 255 1035 che
279 974 333 1036 sia
355 994 421 1057 per
446 996 565 1038 essere
590 988 764 1057 occupato
795 982 823 1039 sl
858 979 923 1040 che
946 977 968 1040 'l
1004 998 1073 1040 non
1108 988 1251 1059 potesse
1279 976 1401 1040 venire
1432 977 1469 1040 in

190 1077 381 1144 Germania
404 1083 470 1144 che
495 1085 530 1144 lo
560 1082 883 1146 ricercharebbono
919 1085 964 1146 ad
999 1085 1099 1147 voler
1130 1083 1252 1146 venire
1287 1095 1349 1147 aut
1382 1084 1470 1166 ipsis

189 1186 375 1268 resignare
392 1187 578 1271 imperium
603 1209 669 1270 per
692 1193 862 1272 eleggere
886 1212 931 1253 un
956 1194 1047 1254 altro
1072 1191 1256 1273 pigliando
1280 1211 1346 1273 per
1370 1211 1470 1253 occa·

189 1293 290 1356 sione
315 1305 351 1356 et
375 1295 604 1358 fondamento
630 1298 664 1357 la
688 1297 907 1360 dissensione
932 1297 968 1360 di
992 1296 1185 1360 Germania
1216 1307 1251 1359 et
1283 1298 1308 1359 li
1332 1296 1470 1360 tumulti

191 1410 227 1462 et
249 1402 388 1464 heresie
414 1423 459 1464 ne
484 1404 516 1464 le
541 1422 624 1465 cose
649 1405 694 1466 de
718 1406 753 1466 la
776 1404 869 1485 fede,
894 1406 928 1467 le
948 1406 1042 1486 quali
1066 1424 1138 1468 non
1162 1425 1282 1488 ponno
1307 1414 1402 1467 stare
1426 1405 1469 1467 nd

190 1506 321 1589 pigliar
345 1507 470 1571 ordine
495 1529 601 1572 senza
625 1512 660 1573 la
683 1531 837 1591 persona
862 1512 906 1574 de
923 1532 992 1573 uno
1016 1513 1082 1574 che
1099 1520 1185 1594 agat
1203 1512 1469 1593 imperatorem:

190 1635 278 1678 sono
307 1613 394 1678 forsi
426 1615 575 1679 discorsi
611 1637 631 1676 o
662 1617 783 1680 iudicii
813 1620 879 1681 che
914 1617 974 1699 poi
999 1617 1072 1681 cosi
1105 1619 1308 1681 facilmente
1338 1637 1409 1680 non
1442 1616 1472 1679 si

190 1741 311 1803 ponno
336 1724 516 1803 exequire.

281 1827 349 1890 Gis
374 1829 499 1910 cinque
524 1830 640 1911 giorni
664 1830 715 1893 fui
741 1831 776 1893 di
801 1850 918 1894 nuovo
943 1833 1185 1895 crudelmente
1209 1833 1396 1895 molestato
1426 1830 1472 1892 da

193 1955 239 1998 un
264 1936 388 1998 dolore
413 1936 449 1998 di
473 1937 580 2017 piedo
604 1956 669 2018 per
694 1958 739 2000 un
764 1938 893 2019 giorno
926 1945 962 2001 et
991 1958 1062 2001 una
1099 1947 1214 2009 nette:
1246 1936 1307 2019 poi
1346 1937 1392 2000 mi
1426 1938 1473 1999 ha

192 2044 336 2120 lassat0,
361 2064 418 2105 ma
442 2064 557 2126 zoppo
582 2054 617 2107 et
641 2056 876 2127 conquassato
902 2046 1006 2112 assai.
1054 2043 1170 2127 Spero
1186 2044 1274 2126 perd
1292 2047 1472 2108 convaler-

191 2150 250 2230 mi,
276 2150 319 2212 ne
344 2150 390 2212 mi
415 2154 634 2215 occorrendo
668 2153 759 2215 altro
790 2151 837 2215 mi
865 2155 1102 2215 raccomendo
1133 2152 1193 2215 alli
1225 2149 1285 2215 8¹⁰¹
1317 2150 1413 2233 piedi
1437 2150 1473 2212 di

192 2255 231 2321 S.
255 2258 317 2320 Βιιθ
348 2267 384 2320 et
408 2279 430 2321 a
452 2279 485 2321 v.
511 2280 536 2321 s.
563 2279 654 2339 quae
678 2259 882 2323 felicissime
907 2261 1025 2323 valeat
1083 2260 1244 2322 Viennae
1269 2259 1342 2321 XV
1368 2258 1472 2321 Octo·

193 2364 266 2427 bris
290 2364 510 2430 MDXXIV.

801 2885 873 2948 174.

516 3001 652 3082 Paulus
679 3002 849 3082 leideker
877 3000 1050 3081 Clementi
1076 2999 1156 3082 VIL

647 3148 746 3223 (Epist.
763 3149 878 3223 princip.
897 3148 926 3206 11
953 3147 1023 3217 ³07.)

683 3268 736 3334 (24.
757 3270 882 3318 Octobris
906 3269 991 3332 1524.)

288 3421 496 3486 Beatissime
522 3421 638 3501 Pater,
663 3431 745 3502 post
769 3422 900 3483 devota
925 3422 1109 3482 beatorum
1133 3418 1264 3499 pedum
1289 3419 1419 3480 oscula.

289 3547 375 3612 Cum
407 3565 476 3627 ego
505 3543 645 3607 humilis
676 3563 800 3606 servus
824 3542 862 3607 S.
886 3543 930 3606 V.
962 3542 1022 3623 qui
1046 3540 1081 3604 in
1106 3544 1193 3604 urbe
1225 3549 1258 3604 et
1284 3547 1478 3623 conspectu

198 3658 239 3721 E.
263 3655 307 3719 V.
333 3653 369 3717 S.
396 3656 440 3717 ab
465 3653 723 3728 adolescentia,
755 3651 877 3714 decem
903 3659 939 3712 et
963 3659 1042 3711 octo
1069 3669 1179 3730 usque
1205 3669 1333 3729 annos,
1363 3647 1478 3711 causis

197 3765 234 3827 in
258 3773 378 3826 vestro
403 3759 591 3825 Auditorio
615 3759 736 3822 Rotae
760 3756 957 3820 scribendis
983 3766 1018 3818 et
1042 3754 1250 3835 tractandis,
1281 3764 1317 3817 et
1340 3754 1369 3817 si
1395 3755 1479 3837 quid

196 3870 331 3934 residui
362 3867 531 3950 temporis
561 3865 812 3946 facultatisque
836 3862 1123 3946 permittebatur,
1161 3861 1344 3925 conductis
1373 3862 1478 3925 etiam

198 3978 301 4061 gravi
324 3996 406 4040 aere
427 3973 615 4056 magistris,
639 3971 744 4033 bonis
759 3971 885 4033 litteris
900 3990 1046 4053 operam
1062 3969 1244 4042 dederam
1269 3977 1479 4030 renascente

199 4095 316 4149 autem
341 4103 455 4165 nuper
477 4081 512 4144 in
538 4082 663 4142 eadem
687 4081 776 4141 urbe
800 4077 998 4159 epidemiae
1023 4078 1097 4155 lue,
1122 4074 1198 4137 eius
1221 4074 1365 4155 timore,
1399 4077 1479 4137 loco

199 4193 398 4256 cedendum
422 4200 537 4266 ratus,
572 4188 617 4250 ad
641 4186 746 4249 finem
772 4184 906 4266 Aprilis
930 4182 1120 4246 novissime
1145 4180 1320 4260 abscessi,
1355 4202 1410 4242 me
1436 4182 1480 4243 ad

199 4301 319 4365 natale
343 4299 466 4376 solum,
491 4294 677 4358 Civitatem
695 4292 828 4354 scilicet
848 4292 938 4354 hanc
954 4289 1257 4367 Bambergensem
1281 4287 1315 4350 in
1334 4287 1480 4351 Germa·

199 4409 294 4473 niam
331 4404 536 4482 conferens,
572 4400 632 4462 ubi
674 4410 709 4462 et
742 4399 770 4460 si
804 4398 838 4460 in
874 4396 951 4460 aliis
985 4393 1174 4458 Germanic
1209 4394 1411 4456 civitatibus
1445 4403 1481 4456 et

199 4515 307 4595 locis,
332 4512 464 4595 passim
487 4509 594 4591 impia
617 4508 804 4570 lutherana
827 4501 978 4587 perfidia
1002 4500 1190 4582 plurimum
1214 4500 1408 4581 grassavit,
1444 4499 1480 4561 in

200 4623 353 4686 Ciuitate
384 4630 501 4681 tamen
526 4617 610 4693 hac,
647 4624 682 4676 et
715 4614 791 4675 eius
815 4612 933 4693 ampla
957 4607 1109 4687 diocesi,
1145 4606 1298 4669 maxime
1328 4625 1414 4668 vero
1445 4606 1478 4668 in

199 4727 435 4793 famosissimo
471 4722 602 4804 alioqui
644 4721 752 4803 opido
788 4715 1080 4797 Nurenbergensi
1115 4712 1276 4776 mettium
1311 4711 1481 4794 emporio,

200 4838 360 4902 eiusdem
384 4831 548 4911 diocesis,
573 4847 772 4909 exuperare
796 4826 947 4905 videtur,
972 4821 1032 4885 ubi
1048 4821 1286 4884 Ecclesiarum
1309 4818 1482 4902 prepositi
