3559 5734
851 527 1097 585 e<3442t>0

936 802 1001 866 204

766 916 977 1020 campagis
1004 852 1178 999 isdoleb.

710 1065 882 1135 (linntlst.
907 1066 1056 1126 German
1082 1065 1157 1124 12111.
1184 1065 1237 1133 80.)

831 1185 883 1253 (26.
905 1187 1007 1251 Aprilis
1029 1185 1116 1250 1525.)

508 1315 610 1379 Circa
635 1319 668 1379 le
693 1338 775 1380 cose
799 1320 1008 1400 prothenice
1034 1341 1100 1383 con
1125 1323 1159 1383 le
1174 1320 1292 1383 littere
1316 1320 1361 1383 de
1379 1320 1500 1383 XXX
1515 1342 1611 1384 man·

334 1420 393 1482 dai
418 1422 522 1503 copia
546 1422 591 1484 de
615 1425 650 1485 la
673 1423 791 1488 littera
815 1428 881 1489 che
906 1427 942 1489 di
966 1427 999 1490 la
1033 1428 1196 1490 scriveva
1226 1425 1368 1491 Statilio
1402 1437 1543 1491 oratore
1575 1427 1610 1490 in

334 1527 485 1591 Polonia
509 1529 544 1590 di
568 1541 710 1611 questa,
740 1553 805 1614 per
829 1535 947 1615 quella
972 1536 1135 1610 materia;
1161 1542 1196 1598 et
1219 1535 1357 1598 bench&
1382 1555 1453 1597 non
1477 1534 1612 1617 potessi

335 1637 578 1714 persuadermi
604 1638 639 1700 di
663 1642 744 1720 quel
769 1661 808 1703 re
832 1643 899 1704 che
915 1644 1066 1705 havesse
1083 1663 1105 1706 a
1120 1642 1321 1705 consentire
1345 1663 1366 1704 a
1381 1646 1453 1705 cosi
1479 1642 1613 1705 enormi

336 1741 552 1823 condicioni,
580 1764 648 1826 pur
679 1749 713 1809 la
743 1748 973 1813 conclusione
1005 1760 1040 1812 et
1069 1769 1159 1831 pace
1187 1750 1387 1813 universale
1421 1750 1440 1813 e
1473 1749 1613 1831 seguita

334 1845 391 1910 fra
415 1849 490 1911 loro
516 1859 552 1912 et
576 1856 648 1915 cosl
673 1854 788 1917 scrive
813 1856 912 1919 detto
937 1854 1079 1919 Statilio
1104 1867 1140 1921 et
1163 1859 1198 1919 la
1221 1856 1343 1938 quinta
1361 1856 1451 1919 feria
1467 1855 1613 1919 Maioris

335 1956 557 2020 ebdomadae
589 1958 612 2020 il
642 1979 682 2023 re
712 1961 737 2023 li
767 1962 864 2025 dette
898 1963 921 2025 il
952 1964 1145 2026 stendardo
1178 1974 1214 2026 et
1244 1966 1279 2026 lo
1314 1964 1461 2026 infeudd
1498 1964 1543 2026 de
1578 1966 1614 2026 la

334 2061 478 2125 Prussia
502 2076 537 2126 et
560 2068 595 2128 lo
620 2069 666 2129 ha
690 2068 780 2131 fatto
805 2070 840 2131 di
857 2091 946 2151 gran
965 2080 1128 2149 maestro,
1153 2071 1297 2134 dimissa
1312 2069 1497 2152 religione,
1522 2071 1613 2133 duca

335 2169 370 2232 di
395 2171 539 2234 Prussia
563 2181 599 2235 et
623 2174 695 2238 cosi
721 2175 768 2237 lui
793 2177 823 2239 si
839 2178 956 2240 scrive
973 2189 1009 2240 et
1025 2178 1177 2242 nomina.
1225 2179 1270 2241 Et
1293 2177 1432 2241 benche
1457 2179 1490 2241 el
1514 2179 1612 2241 detto

335 2298 404 2340 non
428 2278 545 2342 scriva
569 2282 880 2363 particolarmente
905 2288 938 2348 le
962 2285 1174 2366 condicioni,
1198 2307 1255 2348 ma
1279 2288 1312 2349 le
1335 2284 1462 2348 riservi
1490 2288 1524 2348 al
1549 2305 1612 2348 suo

334 2384 468 2448 ritorno
494 2388 559 2450 che
583 2389 664 2452 sara
688 2400 829 2472 presto,
865 2413 933 2474 pur
966 2413 1003 2456 se
1028 2393 1172 2456 intende
1197 2395 1264 2456 che
1287 2393 1347 2475 gii
1371 2396 1405 2456 lo
1429 2394 1476 2455 ha
1499 2392 1610 2455 infeu-

335 2494 419 2556 dato
444 2515 508 2575 pro
533 2516 572 2558 se
596 2505 632 2560 et
656 2498 956 2563 descendentibus
985 2513 1020 2564 et
1044 2503 1135 2564 altra
1158 2522 1223 2582 pro
1248 2500 1422 2580 Joachino
1456 2501 1613 2563 electore

335 2608 370 2661 et
394 2600 464 2663 alio
488 2601 598 2665 fratre
623 2604 680 2685 qui
706 2616 761 2668 est
784 2607 818 2669 in
844 2608 1020 2689 Hispania
1045 2610 1148 2689 quale
1173 2610 1218 2670 ha
1243 2628 1308 2689 per
1331 2607 1461 2688 moglie
1496 2608 1530 2669 la
1554 2607 1612 2669 del

335 2709 513 2789 quondam
548 2729 586 2772 re
621 2713 815 2793 catholico,
849 2726 884 2777 et
924 2725 1049 2797 questo
1082 2714 1403 2778 successivamente
1439 2733 1506 2776 con
1542 2734 1612 2776 non

334 2833 426 2896 poco
451 2827 611 2897 suspetto
636 2821 702 2881 che
719 2819 741 2881 'l
767 2821 864 2884 detto
895 2842 934 2884 re
962 2822 1014 2884 sia
1037 2842 1102 2903 per
1128 2821 1217 2884 darli
1240 2823 1275 2884 la
1297 2819 1432 2902 figliola
1456 2841 1520 2883 sua
1543 2821 1612 2903 pri-

335 2923 517 3002 mogenita
542 2924 587 2987 de
610 2925 632 2986 l'
648 2926 739 2989 altra
762 2928 936 3010 mogliera
959 2939 997 2991 ut
1020 2930 1150 2991 malum
1174 2931 1266 2992 malo
1287 2928 1450 3009 addatur,
1475 2925 1504 2990 si
1532 2947 1611 3009 per-

335 3028 400 3091 che
425 3049 512 3092 sono
537 3031 714 3096 coniuncti
738 3034 771 3097 in
798 3038 955 3099 secundo
989 3037 1122 3118 gradu,
1158 3040 1186 3098 sl
1221 3036 1351 3117 perche
1388 3036 1487 3098 detto
1523 3054 1611 3115 gran

335 3148 488 3200 maestro
514 3138 532 3200 ἐ
556 3139 700 3203 addicto
724 3143 770 3204 ad
793 3141 862 3205 tria
885 3155 991 3218 vota;
1026 3145 1160 3206 anchor
1188 3144 1253 3206 che
1277 3143 1311 3206 io
1337 3142 1444 3205 creda
1467 3141 1522 3204 ch’
1541 3141 1613 3223 egli

333 3262 398 3324 per
421 3263 540 3307 essere
564 3246 727 3310 immerso
755 3248 790 3311 in
823 3261 949 3332 questa
980 3250 1171 3313 maledetta
1195 3257 1287 3315 setta
1317 3250 1504 3312 lutherana
1537 3269 1608 3311 non

334 3350 364 3413 si
387 3351 512 3414 cureris
537 3353 581 3415 ne
606 3354 651 3416 de
675 3354 781 3419 l'uno
807 3357 850 3420 ne
875 3358 911 3419 di
935 3358 956 3420 l'
974 3359 1065 3420 altro
1099 3369 1134 3419 et
1159 3357 1262 3420 stimo
1295 3359 1360 3419 che
1393 3355 1429 3418 di
1458 3367 1549 3418 tutto
1584 3355 1613 3419 si

335 3459 484 3539 pensino
508 3459 711 3525 facilmente
736 3472 898 3527 ottenere
923 3464 1183 3545 approbatione
1212 3474 1247 3526 et
1277 3462 1541 3544 dispensatione
1566 3462 1612 3525 da

333 3565 376 3629 N.
401 3563 438 3628 S.
463 3568 657 3632 colorando
682 3580 772 3633 tutto
797 3584 923 3653 questo
949 3582 1094 3634 trattato
1119 3572 1175 3633 col
1199 3590 1303 3633 nome
1328 3571 1373 3632 de
1396 3571 1432 3632 la
1454 3589 1546 3652 pace
1577 3578 1614 3632 et

336 3673 371 3734 di
397 3682 522 3754 potere
545 3675 606 3757 piis
630 3677 832 3741 iacilmente
857 3677 1003 3761 opporsi
1027 3688 1151 3741 contra
1174 3677 1289 3740 turchi
1313 3697 1334 3739 o
1358 3696 1459 3739 come
1481 3675 1613 3757 meglio

335 3801 524 3862 sapranno,
547 3803 615 3865 pur
639 3786 704 3848 che
729 3786 779 3868 gli
803 3786 856 3848 sia
879 3786 1038 3848 creduto.
1086 3785 1124 3847 lo
1149 3784 1275 3847 dirblil
1300 3804 1386 3846 vero
1410 3803 1431 3846 a
1446 3783 1490 3848 V.
1507 3781 1543 3846 S.
1566 3785 1613 3846 ho

336 3896 435 3950 tanto
466 3889 672 3971 despiacere
702 3891 738 3954 di
777 3903 902 3973 questa
938 3913 1022 3955 cosa
1054 3893 1120 3955 che
1155 3892 1261 3953 niuno
1297 3892 1387 3953 altro
1421 3889 1615 3972 particolar

335 3995 405 4059 mio
430 3997 496 4060 che
520 3998 566 4060 mi
591 4019 797 4063 accascasse
828 3999 863 4063 in
897 3999 1092 4076 contrario,
1117 3998 1212 4062 fosse
1236 4000 1349 4060 anche
1373 3998 1408 4059 la
1431 4006 1544 4060 morte
1568 3997 1614 4060 de

335 4123 383 4166 un
411 4102 481 4166 mio
515 4104 666 4187 figliolo,
698 4106 759 4189 piu
791 4107 837 4170 mi
865 4108 1040 4189 potrebbe
1074 4107 1196 4169 dolere
1229 4115 1265 4168 et
1298 4124 1417 4168 essere
1453 4106 1613 4185 molesto,

335 4212 544 4294 parendomi
570 4215 634 4276 che
659 4213 711 4277 sia
735 4235 820 4277 cosa
843 4214 879 4275 di
903 4223 1002 4277 tanto
1026 4215 1118 4277 mala
1133 4222 1228 4276 sorte
1246 4214 1312 4275 che
1333 4211 1394 4293 piis
1412 4232 1482 4274 non
1507 4231 1614 4293 possa

337 4339 474 4401 essere,
507 4330 543 4384 et
567 4322 849 4385 massimamente
873 4343 895 4384 a
918 4320 1034 4404 questi
1057 4320 1167 4402 tempi
1191 4341 1236 4382 ne
1264 4319 1288 4381 li
1319 4319 1415 4401 quali
1448 4317 1478 4380 si
1513 4327 1613 4381 sente

337 4429 404 4490 che
439 4427 520 4490 tutti
554 4427 578 4490 li
612 4429 693 4492 altri
728 4428 1006 4493 commendatori
1040 4428 1076 4490 in
1111 4426 1255 4490 Prussia
1289 4445 1449 4509 pensano
1480 4427 1614 4488 anchor

338 4534 457 4617 eglino
483 4535 518 4598 di
542 4544 637 4599 torre
662 4537 794 4617 moglie
817 4535 1116 4618 appropriandosi
1140 4535 1165 4597 li
1189 4534 1272 4597 beni
1289 4535 1333 4596 de
1350 4534 1382 4595 le
1396 4534 1613 4612 commende,

338 4652 374 4706 et
398 4646 470 4705 cosi
495 4664 516 4706 a
539 4645 633 4707 bove
658 4643 781 4706 maiori
805 4644 910 4728 discit
934 4664 1035 4707 arare
1058 4643 1183 4707 minor.
1230 4641 1270 4704 In
1300 4640 1450 4704 Livonia
1480 4641 1614 4703 anchor

336 4761 504 4831 presento
529 4753 595 4814 che
619 4751 771 4832 pessime
795 4751 952 4815 sentiunt
976 4752 1021 4814 de
1043 4749 1114 4813 fide
1131 4758 1167 4813 et
1182 4759 1274 4812 tutta
1291 4750 1326 4811 la
1341 4746 1613 4830 quadragesima

338 4859 599 4943 publicamente
624 4861 741 4923 hanno
759 4858 940 4942 mangiato
958 4878 1064 4921 carne
1074 4905 1084 4938 ,
1109 4858 1217 4920 credo
1234 4857 1368 4919 anchor
1383 4856 1418 4917 lo
1433 4853 1611 4937 Episcopo
