3559 5734
689 550 936 605 &illiba

171 698 309 761 roribus
332 696 482 779 ipsoque
506 717 572 779 pro
597 697 793 777 haeretico,
822 713 861 760 ut
885 695 1027 778 quidem
1053 706 1121 774 est,
1154 694 1371 775 reputando,
1405 691 1454 753 ita

172 805 338 887 religiose
369 814 405 866 et
428 804 587 886 graviter
611 824 649 866 se
673 798 847 884 gessisse,
881 813 920 866 ut
944 823 1009 865 nos
1034 812 1070 864 et
1094 803 1173 863 Deo
1197 809 1234 862 et
1257 798 1321 862 tibi
1346 799 1451 862 maxi-

171 932 305 974 marum
341 910 537 993 gratiarum
573 911 755 973 debitores
790 911 916 993 simus,
953 910 1104 989 Deoque
1129 908 1223 989 quod
1248 906 1277 970 is
1301 906 1454 969 animum

170 1030 265 1082 tuum
290 1019 344 1081 sui
368 1016 492 1081 Sancti
516 1016 671 1099 Spiritus
687 1010 779 1100 ‘igne
804 1019 850 1081 ad
874 1017 1120 1080 defensionem
1145 1013 1306 1077 veritatis
1330 1034 1453 1075 accen·

170 1125 272 1207 derit,
306 1125 441 1207 tibique
466 1124 666 1188 constantia
690 1134 724 1186 et
749 1124 884 1206 pietate
909 1134 970 1187 tua
994 1122 1141 1205 dignum
1166 1121 1281 1183 eidem
1305 1117 1453 1202 Spiritui

168 1231 302 1296 Sancto
334 1233 369 1295 in
400 1242 462 1295 tuo
493 1241 641 1314 pectore
671 1231 884 1294 domicilium
914 1229 1104 1312 prebuisti,
1136 1230 1276 1309 hocque
1300 1226 1453 1289 maxime

169 1340 372 1403 necessario
396 1349 558 1420 tempore
583 1348 708 1402 contra
727 1337 871 1419 impium
889 1338 1045 1401 furorem
1064 1356 1178 1398 novae
1199 1333 1453 1398 debacchantis

168 1449 360 1510 haereseos
393 1456 429 1529 et
461 1447 708 1509 auctoritatem
742 1455 837 1509 tuam
869 1465 1009 1508 omnem
1034 1454 1069 1507 et
1094 1442 1317 1524 prudentiam
1343 1462 1452 1524 oppo-

167 1555 288 1628 suisti;
322 1556 419 1637 quod
452 1574 531 1616 curn
564 1553 695 1616 virtute
727 1564 787 1616 tua
818 1562 853 1615 et
883 1552 1071 1616 nobilitate
1096 1550 1258 1632 dignum,
1288 1559 1360 1611 tum
1385 1547 1451 1611 isto

168 1661 247 1744 ipso
273 1661 480 1725 charissimo
505 1660 540 1722 in
561 1659 702 1723 Christo
725 1658 798 1722 filio
823 1669 944 1722 nostro
961 1657 1091 1721 Cesare
1116 1657 1183 1719 fuit
1199 1656 1452 1738 dignissimum,

168 1770 267 1832 cuius
291 1778 329 1832 ut
353 1771 468 1831 honor
491 1766 666 1829 maximus
689 1767 741 1829 sic
764 1766 908 1847 pietatis
932 1768 1008 1827 laus
1031 1764 1066 1826 in
1091 1765 1160 1827 hoc
1184 1783 1293 1845 opere
1309 1763 1451 1826 sanctis·

167 1875 257 1938 simo
282 1874 453 1957 precipua
478 1873 554 1937 fuit.
602 1874 657 1936 Ac
682 1873 913 1961 nosbquidem
937 1872 1141 1935 memoriam
1166 1870 1253 1934 tanti
1277 1870 1327 1932 tui
1344 1869 1452 1932 officii

166 1991 378 2064 perpetuam
410 1981 444 2044 in
476 1981 594 2044 animo
626 1980 874 2061 retinebimus,
907 1980 984 2061 ipse
1007 1988 1124 2042 autem
1149 1979 1247 2041 Deus
1271 1986 1452 2059 spectator

167 2089 261 2151 idem
296 2100 332 2151 et
361 2098 606 2151 remunerator
639 2090 812 2151 bonorum
844 2106 1009 2168 operum,
1043 2085 1098 2146 cui
1122 2087 1212 2147 haec
1236 2106 1257 2148 a
1280 2095 1316 2147 te
1341 2105 1452 2165 opera

167 2206 300 2257 navata
331 2206 385 2258 est
415 2206 452 2258 et
483 2195 539 2258 cui
571 2197 758 2258 multorum
790 2193 948 2258 fidelium
973 2193 1111 2256 animae
1139 2213 1205 2274 per
1227 2202 1263 2256 te
1288 2201 1369 2255 sunt
1391 2193 1450 2254 vel

166 2311 331 2365 servatae
356 2303 411 2364 vel
438 2302 611 2380 redditae,
637 2322 680 2364 ea
705 2302 768 2364 tibi
794 2302 931 2383 premia
947 2301 1047 2381 large
1066 2300 1237 2381 conieret,
1262 2310 1451 2381 quaesunt

165 2410 330 2472 omnibus
354 2409 516 2473 humanis
540 2408 818 2490 cogitationibus
842 2408 986 2471 maiora.
1029 2406 1132 2469 Nunc
1156 2409 1252 2488 quod
1277 2405 1448 2487 reliquum

165 2528 230 2582 est.
257 2527 324 2580 etc.

777 2972 831 3038 51.

398 3097 473 3177 Leo
502 3097 544 3178 lt
574 3097 808 3177 Murchioni
834 3097 1211 3199 Brandaburgensi.

611 3234 753 3305 (llunclet.
767 3235 893 3295 deman.
905 3235 935 3294 L.
949 3236 1003 3306 tt.)

570 3343 646 3412 (Cum
666 3347 761 3397 litteris
784 3360 822 3409 19.
844 3349 932 3396 Martii
956 3345 1043 3409 1521.)

257 3472 325 3533 Dil.
350 3471 408 3534 fili.
457 3471 607 3553 Agimus
632 3472 817 3535 Nobilitati
845 3483 928 3536 tuae
953 3475 1070 3536 denuo
1096 3472 1229 3553 gratias
1252 3472 1347 3554 quod
1372 3470 1445 3533 offi-

165 3579 257 3641 cium
282 3597 368 3658 sepe
392 3577 459 3640 iam
485 3578 701 3659 prestitimus
719 3589 764 3659 et,
789 3589 827 3643 ut
843 3581 994 3661 videtur,
1019 3600 1137 3643 sumus
1151 3578 1343 3661 prestituri,
1368 3599 1446 3640 cum

165 3685 195 3747 si
230 3695 291 3746 tua
326 3684 457 3747 eximia
488 3687 523 3748 in
556 3689 647 3749 hanc
680 3683 848 3750 Sanctam
880 3685 1010 3751 Sedem
1042 3699 1078 3750 et
1110 3688 1310 3751 universam
1339 3683 1446 3747 fidem

166 3792 376 3855 catholicam
408 3792 686 3875 quotidianaque
718 3795 844 3857 merita
869 3794 1134 3875 expendantur,
1163 3796 1260 3856 nulla
1284 3793 1447 3854 videatur

165 3897 280 3961 oratio
304 3899 608 3980 prestantissimae
633 3909 715 3962 tuae
739 3901 860 3963 virtuti
885 3923 926 3963 ac
944 3901 1067 3983 pietati
1083 3901 1233 3983 reperiri
1248 3920 1355 3982 posse
1371 3920 1446 3981 par,

166 4015 203 4068 et
225 4006 368 4087 quidem
391 4004 427 4068 in
453 4004 572 4069 officio
587 4009 683 4088 quod
699 4009 744 4069 ad
762 4028 982 4071 communem
999 4007 1212 4071 christianae
1228 4006 1446 4089 reipublicae

165 4111 322 4194 pertinet
345 4115 514 4194 salutem,
544 4113 593 4176 ita
618 4136 656 4177 se
680 4115 773 4197 gerit
796 4126 857 4178 tua
881 4116 1058 4180 Nobilitas
1082 4126 1120 4178 ut
1144 4115 1250 4178 facile
1273 4123 1447 4197 appareat

166 4221 311 4283 multum
341 4230 377 4283 te
408 4221 443 4281 in
479 4241 521 4283 eo
552 4221 663 4284 amori
696 4243 836 4304 quoque
867 4233 989 4287 nostro
1023 4224 1179 4285 tribuere
1211 4234 1246 4284 et
1275 4222 1308 4283 ei
1341 4241 1446 4303 quam

167 4346 255 4408 erga
278 4346 342 4389 nos
366 4327 463 4409 geris
488 4329 786 4401 benevolentiam;
813 4332 876 4392 sed
902 4342 937 4393 et
960 4331 990 4394 si
1004 4329 1158 4413 probriis
1174 4338 1210 4391 et
1226 4327 1446 4391 contumeliis

165 4434 344 4496 hominum
369 4434 487 4497 omnia
512 4456 581 4498 uno
605 4435 768 4499 incendio
795 4448 829 4500 et
853 4437 959 4501 fidem
984 4450 1020 4500 et
1034 4446 1211 4519 pacemet
1226 4456 1445 4499 communem

166 4540 394 4603 concordiam
418 4541 591 4623 dissipare
614 4543 807 4606 volentium
832 4544 990 4625 quotidie
1014 4564 1169 4626 persona
1193 4556 1314 4606 nostra
1338 4544 1444 4624 impe-

166 4645 262 4725 titur,
286 4646 398 4710 minus
422 4650 531 4712 multo
555 4649 590 4711 id
615 4669 701 4731 egre
721 4650 866 4713 ferimus
888 4673 993 4733 quam
1008 4654 1103 4732 quod
1122 4651 1306 4714 venenatis
1323 4670 1444 4712 eorum

167 4762 204 4816 et
240 4755 458 4818 sermonibus
494 4765 530 4820 et
564 4757 705 4839 scriptis
740 4759 857 4820 bonae
894 4769 930 4821 et
961 4758 1042 4840 piae
1076 4769 1211 4821 mentes
1244 4758 1277 4820 in
1309 4758 1444 4820 unitate

167 4857 321 4923 Sanctae
355 4860 440 4925 fidei
472 4866 745 4945 perturbantur,
777 4874 814 4925 ut
846 4865 957 4929 omnis
991 4887 1110 4929 eorum
1143 4867 1243 4928 furor
1267 4868 1301 4929 in
1326 4865 1444 4928 odium
