3559 5734
836 511 1065 565 ζ>-<312ὓ»«)

275 642 276 645 “
308 654 481 737 Joannem
498 658 646 721 Echium
671 659 803 724 licteris
820 661 1027 744 apostolicis
1051 663 1096 723 ad
1113 665 1378 744 procedendum
1400 665 1504 745 juxta
1521 686 1590 728 rno-

309 766 392 826 dum
418 775 454 827 et
477 765 627 829 formam
652 768 688 829 in
713 768 846 831 eisdem
871 770 1005 832 licteris
1030 771 1208 832 contentis
1225 782 1350 833 contra
1367 782 1403 835 et
1418 773 1593 835 adversus

309 874 487 952 quendam
512 873 657 937 fratrem
681 876 874 939 Martinum
900 876 1033 938 Luther
1066 888 1102 939 et
1132 877 1206 960 ejus
1238 879 1371 961 scripta
1402 878 1593 943 fuissemus

308 980 480 1061 requisiti,
505 1002 658 1045 necnon
682 984 785 1046 nobis
809 984 885 1046 sine
902 1005 1088 1062 consensu,
1113 995 1212 1048 certa
1228 986 1387 1066 scientia,
1404 989 1589 1050 voluntate

309 1091 453 1151 decreto
485 1100 520 1151 et
550 1093 718 1153 mandato
753 1100 895 1154 vestrae
920 1092 1095 1154 Caesaree
1124 1102 1159 1154 et
1184 1093 1367 1156 Catholice
1391 1093 1591 1176 Maiestatis

309 1195 358 1256 uti
382 1196 553 1278 principis
578 1206 614 1260 et
637 1197 837 1261 fundatoris
870 1199 982 1261 nostri
1006 1201 1203 1280 procedere
1234 1200 1269 1262 in
1294 1212 1366 1262 tam
1391 1203 1502 1264 arduo
1532 1224 1590 1264 ne·

307 1303 413 1384 gocio
445 1304 558 1367 licuit:
615 1304 733 1385 Quare
765 1326 908 1369 causam
940 1307 1053 1389 ipsam
1086 1309 1131 1368 ad
1163 1306 1361 1369 Caesareae
1393 1318 1429 1371 et
1461 1309 1589 1372 Catho-

308 1411 398 1472 licae
429 1412 627 1492 Maiestatis
660 1414 811 1476 Vestrae
848 1415 1014 1477 noticiam
1053 1415 1312 1476 devolvendam
1351 1416 1517 1479 duximus
1554 1426 1590 1479 et

307 1518 402 1580 illius
426 1519 615 1583 occasione
631 1522 925 1601 protestationem
951 1524 1145 1584 solemnem
1161 1521 1309 1584 fecimus
1325 1533 1361 1585 et
1375 1523 1589 1605 interposui·

308 1646 382 1687 mus
407 1627 600 1708 copiasque
625 1630 780 1709 ejusdem
806 1632 851 1690 ad
884 1629 1048 1691 Vestram
1074 1628 1285 1692 Caesaream
1310 1640 1343 1691 et
1368 1630 1589 1693 Catholicam

307 1734 528 1815 Majestatem
553 1735 832 1814 transmittimus
849 1736 1026 1799 humiliter
1041 1738 1192 1799 eandem
1203 1747 1356 1799 vestram
1374 1738 1589 1801 Caesaream

307 1852 341 1903 et
367 1841 585 1905 Catholicam
609 1843 833 1925 Maiestatem
866 1847 1020 1924 desuper
1048 1844 1187 1906 devotis
1220 1846 1387 1925 precibus
1412 1855 1588 1927 petentes,

306 1950 474 2031 dignetur
491 1953 535 2012 de
553 1960 670 2014 mente
688 1962 723 2014 et
738 1950 935 2014 intentione
952 1962 1091 2014 vestrae
1106 1952 1304 2015 Caesareae
1320 1974 1359 2015 ac
1379 1952 1587 2016 Catholicae

306 2058 501 2139 Majestatis
526 2078 590 2120 nos
611 2058 781 2121 certiores
802 2058 956 2139 efficere,
981 2060 1066 2140 quid
1091 2061 1136 2121 ad
1161 2069 1295 2121 tantam
1313 2059 1588 2140 exquisitionem

305 2165 408 2227 nobis
433 2167 611 2248 agendum
634 2166 765 2228 veniat.
804 2165 988 2228 Noluimus
1014 2166 1104 2227 enim
1130 2167 1166 2228 in
1191 2175 1290 2228 tanto
1315 2186 1433 2228 rerum
1465 2167 1585 2230 discri-

306 2273 398 2335 mine
424 2294 469 2335 ex
494 2273 610 2336 causis
635 2282 670 2336 et
696 2273 835 2335 motivis
860 2273 895 2335 in
920 2275 1045 2337 eadem
1060 2274 1318 2355 protestatione
1340 2275 1504 2336 deductis
1527 2296 1585 2337 ve·

306 2392 413 2442 stram
438 2380 651 2443 Caesaream
680 2392 716 2443 et
741 2380 959 2443 Catholieam
983 2380 1205 2461 Majestatem
1244 2381 1428 2462 preteriri,
1468 2402 1586 2464 neque

304 2490 397 2554 illius
422 2487 610 2550 occasione
633 2487 830 2568 Majestatis
860 2499 1002 2550 vestrae
1025 2487 1295 2569 indignationen
1320 2488 1489 2569 incidere,
1522 2492 1586 2552 sed

304 2601 524 2660 voluntatem
549 2606 702 2658 mentem
734 2604 769 2656 et
794 2595 1009 2657 decisionem
1035 2594 1188 2674 ejusdem
1215 2595 1412 2674 Maiestatis
1442 2606 1586 2658 vestrae

305 2715 515 2788 expectare:
548 2704 612 2767 Cui
649 2724 713 2765 nos
751 2723 961 2783 omnemque
996 2722 1141 2783 operam
1173 2715 1329 2764 nostram
1367 2703 1586 2766 devovemus

304 2814 494 2877 subicimus
529 2823 564 2874 et
597 2810 789 2873 humillime
823 2808 872 2871 uti
897 2809 1049 2891 principi
1081 2821 1116 2870 et
1149 2809 1329 2871 fundatori
1358 2820 1480 2872 nostro
1515 2813 1584 2873 cle·

304 2921 519 2984 meritissimo
545 2918 841 2981 commendamus.

392 3030 524 3091 Datum
540 3026 703 3089 Viennae
720 3025 777 3087 die
794 3026 899 3086 lunae
924 3023 1062 3085 decima
1087 3023 1286 3085 decembris
1311 3025 1418 3086 Anno
1440 3024 1584 3087 Domini

303 3138 491 3201 Vicesimo
518 3137 577 3199 Sic
595 3133 831 3214 subscriptum
851 3130 1001 3193 Vestrae
1019 3132 1217 3194 Caesareae
1234 3140 1270 3192 et
1287 3131 1493 3195 Catholicae
1511 3133 1584 3195 Ma·

299 3245 438 3327 jestatis
461 3244 611 3307 humiles
636 3240 831 3323 Capellam,
856 3240 1012 3318 Rector,
1043 3239 1217 3300 Doctores
1249 3250 1284 3300 et
1309 3239 1473 3321 Magistri
1505 3240 1584 3301 Uni-

303 3350 481 3414 versitatis
506 3351 680 3413 Viennae.
707 3385 745 3394 —
772 3347 814 3409 Ia
838 3348 937 3409 dorso
967 3346 1179 3408 litterarum:
1210 3345 1475 3409 Gloriosissimo
1505 3348 1585 3409 Illu-

303 3459 475 3521 strissimo
490 3468 524 3519 et
537 3454 768 3518 invictissimo
784 3454 936 3535 principi
951 3465 986 3514 et
994 3453 1442 3516 Dominol)ominoCarolo
1451 3455 1583 3516 Roma-

303 3587 426 3628 norum
443 3563 709 3647 imperatoriae
727 3562 978 3642 Hispaniarum
1001 3559 1181 3640 utriusque
1199 3560 1340 3622 Siciliae
1367 3570 1401 3622 et
1418 3560 1583 3639 Jherusa-

302 3678 371 3735 lem
395 3672 493 3753 Regi
518 3669 712 3734 Archiduci
743 3670 874 3731 austrie
906 3677 942 3730 et
975 3667 1127 3729 Domino
1161 3680 1282 3730 nostro
1314 3664 1584 3750 gratiosissimo.
1637 3744 1642 3754 ι

309 3822 344 3825 —
371 3781 409 3841 ln
442 3779 593 3841 Nomine
624 3777 765 3840 Domini
797 3777 903 3838 Anno
935 3797 956 3836 a
981 3774 1175 3837 Nativitate
1210 3777 1366 3857 ejusdem
1396 3776 1584 3840 millesimo

303 3885 588 3968 quingentesimo
603 3886 788 3966 vigesimo,
813 3883 1007 3946 indictione
1025 3895 1162 3961 octava,
1189 3883 1245 3945 die
1263 3905 1349 3945 vero
1367 3886 1472 3946 lunae
1489 3905 1584 3966 quae

304 4006 381 4055 erat
412 3993 550 4056 decima
581 3993 711 4056 mensis
742 3991 951 4055 Decembris
988 3993 1076 4052 hora
1111 4000 1239 4053 octava
1276 4001 1359 4052 ante
1398 3992 1585 4058 meridiem

303 4100 530 4181 pontificatus
555 4100 766 4163 sanctissimi
788 4100 825 4161 in
850 4098 990 4161 Christo
1015 4097 1126 4179 patris
1152 4108 1186 4160 et
1204 4097 1345 4159 Domini
1375 4101 1486 4162 nostri
1513 4102 1582 4165 Do-

305 4208 386 4269 mini
419 4206 549 4271 Leonis
582 4207 703 4269 divina
733 4205 959 4288 providentia
991 4206 1113 4286 Papae
1145 4205 1272 4266 decimi
1304 4226 1396 4266 anno
1432 4219 1583 4280 octavo:

305 4315 514 4397 Magnificus
538 4336 580 4377 ac
605 4314 782 4396 Egregius
807 4313 872 4375 Vir
897 4314 1053 4392 Joannes
1070 4312 1235 4375 Ubeulhe
1261 4312 1410 4374 Heirser
1441 4316 1583 4386 Artium

305 4437 339 4484 et
363 4423 615 4485 saluberrimae
641 4422 838 4484 medicinae
856 4421 1001 4499 Doct0r‚
1021 4419 1271 4481 Universitatis
1295 4423 1401 4486 studii
1419 4425 1584 4493 Viennae

306 4540 431 4607 rector,
456 4530 603 4599 Decani‚
628 4537 889 4610 procuratores
915 4526 1123 4605 Consiliarii‚
1156 4536 1190 4587 et
1220 4549 1420 4593 assessores
1451 4535 1584 4600 dictam

305 4637 570 4700 universitatem
587 4647 918 4719 repraesentantes:
944 4635 983 4695 In
1002 4633 1069 4696 mei
1085 4633 1220 4696 Notarii
1237 4637 1370 4716 publici
1386 4649 1421 4700 et
1440 4643 1585 4706 testium

303 4744 608 4825 infrascriptorum
630 4743 811 4826 presentia
835 4744 972 4804 adhoc
997 4741 1199 4823 specialiter
1223 4754 1429 4809 vocatorum
1463 4757 1499 4811 et
1530 4770 1583 4813 ro-

303 4863 467 4933 gatorum
484 4852 720 4933 personaliter
744 4850 938 4930 constituti,
962 4849 998 4912 in
1024 4850 1127 4911 solita
1152 4849 1237 4912 dicti
1253 4851 1394 4916 Domini
1411 4855 1583 4922 Rectoris
