3559 5734
704 538 980 614 aeruna&

189 714 230 763 to
265 694 350 764 Sedi
379 700 614 783 Apostolicae
647 702 835 766 veritatem
873 703 1082 786 patefacere
1124 701 1169 766 de
1208 696 1287 785 ipso
1320 688 1478 766 auderet.

188 808 313 871 Testis
336 808 470 871 Eckius
501 808 589 891 ipse,
621 829 692 873 non
724 810 867 873 timidus
897 810 1060 873 veritatis
1089 818 1244 891 amator,
1268 811 1328 892 qui
1359 819 1477 873 tamen

187 915 354 996 pontifici
379 916 486 978 anxie
517 916 697 979 scribebat
721 938 828 980 orans
851 928 959 999 atque
984 920 1168 980 obtestans
1196 926 1235 980 ut
1258 917 1344 981 nulli
1369 916 1476 981 homi·

188 1042 277 1084 num
303 1043 393 1105 quae
418 1022 462 1085 de
488 1023 634 1086 Erasmo
658 1034 795 1087 secrete
820 1025 1013 1107 scripserat
1036 1024 1310 1091 innotescerent.

285 1129 452 1192 Attamen
465 1129 647 1192 Erasmum
666 1130 855 1194 maximum
871 1130 1085 1194 Germaniae
1100 1133 1319 1194 turbatorem
1336 1130 1477 1193 dixerat

190 1234 424 1320 Aleander¹);
458 1236 644 1319 ipsumque
684 1239 840 1301 Luthero
873 1238 1163 1319 periculosiorem
1195 1237 1477 1319 praedicaverat,

189 1354 410 1424 conquestus
439 1363 509 1406 non
546 1346 654 1408 semel
680 1345 812 1409 Brevia
845 1346 1044 1428 apostolica
1068 1344 1215 1408 Erasmo
1248 1344 1371 1425 scribi,
1405 1344 1475 1427 qui·

187 1451 262 1511 bus
291 1450 350 1512 ille
383 1450 608 1532 impudenter
642 1454 785 1531 abusuS,
819 1452 1001 1516 doctrinas
1032 1473 1115 1515 suas
1151 1453 1354 1530 tutabatur,
1393 1454 1475 1514 dum

189 1559 319 1619 eadem
350 1557 530 1621 scribebat
560 1579 652 1640 quae
685 1558 753 1623 iam
786 1561 979 1642 scripserat
1012 1559 1189 1622 Lutherus
1226 1558 1340 1639 „circa
1368 1568 1474 1649 mate-

188 1662 282 1726 riam
301 1663 543 1745 confessionis,
566 1666 878 1749 indulgentiarum,
905 1665 1296 1747 excommunicationis,
1320 1665 1475 1747 divortii,

188 1771 382 1854 potestatis
406 1771 540 1854 Papae,
563 1774 627 1834 sed
652 1793 730 1835 curn
755 1774 1012 1856 periculosiore
1035 1792 1175 1837 veneno
1199 1772 1281 1854 quia
1297 1772 1475 1835 Lutlrerus

187 1887 342 1961 propter
364 1898 465 1942 acres
496 1887 532 1942 et
566 1878 723 1942 famosos
754 1880 895 1944 libellos
925 1882 1040 1944 minus
1069 1890 1146 1943 erat
1176 1879 1247 1943 fide
1278 1878 1473 1963 dignus“²).

188 1984 239 2046 Et
263 2005 388 2049 revera
411 1985 446 2049 in
472 1986 664 2049 Hollandia
688 1987 830 2070 publice
856 1989 1003 2052 Lutheri
1019 1987 1181 2051 doctrina
1197 1986 1475 2070 praedicabatur

189 2094 260 2154 sub
284 2092 493 2156 auctoritate
522 2092 669 2175 Erasmi,
703 2102 739 2158 et
767 2093 932 2159 Saxones
963 2095 1032 2177 ipsi
1062 2095 1255 2158 veridicum
1280 2115 1358 2158 esse
1381 2095 1473 2157 Mar·

189 2199 303 2262 tinum
338 2200 569 2281 dictitabant,
602 2200 686 2282 quia
714 2201 880 2265 Erasmus
905 2223 983 2265 cum
1015 2202 1094 2285 ipso
1132 2204 1317 2269 sentiebat.
1371 2200 1472 2266 Flan-

190 2306 272 2368 dria
307 2307 473 2370 universa
508 2306 643 2371 Erasmi
678 2309 784 2391 culpa
825 2308 958 2372 infecta
990 2310 1239 2391 habebatur³);
1281 2308 1390 2372 dubia
1428 2311 1473 2372 de

186 2413 346 2476 falsitate
370 2415 495 2478 Bullae
531 2414 662 2479 Leonis
686 2416 752 2497 X.,
797 2417 913 2498 deque
955 2417 1184 2480 damnatione
1220 2415 1366 2479 Lutheri
1398 2415 1472 2478 ubi·

188 2541 262 2603 que
293 2524 338 2584 ab
373 2522 520 2585 Erasmo
559 2522 923 2604 disseminabantur⁴).
978 2524 1026 2586 At
1057 2525 1139 2585 dum
1169 2523 1260 2585 haec
1290 2523 1472 2586 Aleander

187 2628 380 2691 Romanae
404 2628 586 2692 Ecclesiae
612 2629 917 2694 Vicecancellario
942 2628 1177 2712 significabat,
1202 2628 1369 2692 Erasmus
1393 2649 1472 2710 gra-

189 2736 283 2797 viter
314 2735 358 2798 de
389 2736 575 2800 Aleandro
608 2736 704 2818 apud
735 2735 946 2799 Pontificem
983 2738 1198 2818 querebatur
1239 2738 1391 2800 eundern
1434 2746 1472 2800 ut

189 2842 401 2905 maledicum
437 2853 472 2905 et
509 2843 797 2906 calumniatorem
833 2863 1025 2922 accusans,
1061 2843 1111 2905 ita
1146 2852 1184 2905 ut
1212 2843 1286 2905 Leo
1311 2842 1471 2924 graviter

188 2960 474 3013 commoveretur
497 2961 533 3014 et
557 2952 740 3014 Aleander
771 2951 1016 3014 vehementius
1048 2951 1188 3013 doleret
1215 2950 1295 3032 plus
1323 2949 1470 3014 Erasmo

186 3057 272 3121 fidei
303 3057 381 3121 dari
412 3077 517 3138 quam
555 3058 622 3120 sibi
655 3058 838 3140 religionis
868 3056 1087 3137 defensori5).
1142 3056 1227 3138 Leo,
1253 3056 1470 3125 eruditorum

187 3164 344 3226 virorum
373 3174 409 3226 et
433 3164 776 3245 elegantissimorum
800 3164 1011 3247 scriptorum
1040 3164 1076 3226 in
1109 3162 1232 3246 primis
1255 3162 1469 3247 amplissime

187 3271 319 3352 fautor,
343 3270 497 3334 fortasse
522 3280 558 3334 et
580 3271 727 3334 Erasmo
750 3272 831 3353 plus
855 3291 970 3352 aequo
995 3270 1222 3353 indulgebat;
1247 3279 1284 3333 at
1311 3270 1471 3333 virilibus

187 3376 394 3460 apertisque
409 3378 581 3441 Aleandri
596 3378 716 3441 verbis
736 3377 912 3442 excitatus
935 3378 1122 3459 pristinum
1136 3376 1296 3440 favorem
1313 3377 1467 3459 aliquan·

188 3485 301 3568 tisper
324 3485 544 3566 imminuens,
569 3487 771 3549 recentibus
795 3486 952 3551 eiusdem
977 3485 1113 3549 Erasini
1137 3484 1264 3548 litteris
1287 3485 1469 3568 rescripsit

186 3594 471 3674 gratulabundus
509 3594 554 3656 de
590 3592 795 3656 confirmata
828 3592 940 3675 ipsius
972 3592 1059 3656 fide:
1096 3594 1341 3673 ,declararunt
1375 3593 1469 3655 enim

186 3700 328 3763 litterae
365 3710 448 3764 tuae
480 3700 516 3763 id
550 3702 595 3763 de
627 3720 695 3782 quo
736 3699 949 3763 addubitare
985 3700 1201 3781 aliquantum
1226 3719 1468 3781 coeperamus,

187 3827 305 3890 neque
329 3815 465 3871 tanturn
490 3828 534 3871 ex
560 3808 781 3889 quorundam
807 3806 967 3888 quamvis
982 3806 1207 3889 prudentium
1224 3816 1259 3867 et
1275 3809 1468 3887 proborum

183 3914 405 3993 testimoni0,
437 3924 605 3997 quantum
635 3934 682 3976 ex
724 3914 867 3995 scriptis
900 3913 1078 3976 nonnullis
1109 3915 1177 3975 tuis
1207 3932 1299 3993 quae
1323 3915 1466 3977 circum·

184 4021 380 4085 feruntur“.
426 4021 511 4103 Nos,
536 4020 586 4083 ait
609 4021 795 4102 Pontifex,
822 4021 1024 4102 ,paulisper
1052 4040 1099 4083 ex
1131 4040 1175 4082 ea
1206 4020 1374 4102 opinione
1407 4021 1466 4084 de-

182 4128 321 4192 turbati
345 4130 451 4192 valde
474 4129 628 4192 iucunde
652 4127 844 4210 accipimus
868 4128 1067 4191 restitutam
1090 4128 1125 4190 in
1150 4128 1255 4205 nobis
1279 4148 1357 4191 esse
1372 4149 1466 4191 men·

182 4246 257 4299 tem
281 4235 464 4318 pristinam
490 4236 662 4317 diligendi
686 4236 800 4317 tui“⁰).
847 4235 981 4298 Tamen
1016 4236 1160 4298 dubium
1186 4234 1221 4298 in
1246 4236 1353 4298 corde
1377 4235 1464 4298 Leo·

181 4343 239 4406 nis
275 4342 392 4405 haesit
416 4354 461 4423 et,
495 4343 679 4405 Aleandro
714 4342 848 4405 maiore
883 4342 1011 4405 exhinc
1049 4341 1120 4405 fide
1153 4342 1329 4421 adhibita,
1360 4342 1466 4406 enixe

180 4451 467 4515 commendatum
481 4460 546 4530 est,
562 4450 746 4513 Erasmum
759 4449 917 4512 suaviter
932 4451 978 4511 ad
993 4448 1086 4513 viam
1101 4460 1234 4513 rectam
1250 4448 1464 4535 reducere7).

258 4660 279 4733 ¹)
298 4667 367 4718 Doc.
387 4676 430 4716 21.
448 4679 509 4728 pig.
530 4674 571 4726 55.
909 4662 933 4731 ἵ)
952 4668 1019 4717 Doc.
1039 4676 1082 4725 32.
1101 4680 1162 4730 pag.
1181 4665 1224 4716 80.

255 4742 278 4812 ¹)
297 4745 369 4795 Ibid.
387 4760 446 4809 pag.
468 4756 501 4808 79
520 4751 547 4793 et
565 4745 608 4798 81.
909 4745 930 4811 ⁴)
951 4748 1018 4795 Doc.
1037 4746 1080 4806 36.
1099 4760 1126 4809 p.
1149 4757 1206 4798 101.

256 4825 279 4889 ⁵)
297 4828 366 4875 Doc.
386 4824 430 4885 36.
448 4841 473 4890 p.
498 4836 554 4874 100.
909 4824 928 4888 ο)
949 4829 1016 4875 Doc.
1038 4837 1079 4888 53.
1098 4826 1124 4876 d.
1148 4838 1207 4887 ¹29·

256 4902 279 4973 ¹)
296 4906 366 4959 Doc.
389 4916 446 4969 117.
465 4920 492 4970 p.
511 4904 571 4954 281.

208 5012 292 5064 uun,
305 5012 449 5053 Documenta
459 5012 596 5051 liutbertus.
