3559 5734
712 533 960 593 &ardeo

192 705 259 767 pur
285 683 394 767 quelli
418 682 563 766 Signori
588 693 623 746 et
647 684 845 766 magistrati
878 684 907 745 si
939 682 1223 747 riconoscessero
1253 693 1286 746 et
1319 680 1475 747 conside-

193 812 334 856 rassero
359 794 425 855 che
450 792 460 853 i
484 793 561 854 loro
592 791 768 873 maggiori
793 812 862 854 non
897 812 963 854 eon
994 792 1098 854 simili
1128 793 1343 873 portamenti
1372 812 1477 856 verso

196 903 230 963 la
254 899 350 962 Sede
376 898 587 981 Apostolica
609 919 666 961 ma
691 919 757 967 con
783 898 983 961 difenderla
1011 907 1047 960 et
1080 899 1326 978 augmentarla
1358 901 1477 962 hanno

195 1008 359 1070 meritato
384 1017 483 1068 tanto
501 1008 636 1069 honore
662 1017 697 1068 et
722 1006 857 1086 dignita
885 1005 920 1067 di
936 1026 1033 1068 esser
1058 1006 1223 1068 advocati
1240 1008 1335 1070 della
1351 1006 1478 1070 Chiesa

195 1125 231 1177 et
255 1114 402 1177 exaltati
427 1135 534 1195 sopra
559 1113 639 1175 tutti
663 1113 674 1174 i
709 1133 745 1175 re
771 1121 807 1174 et
831 1112 991 1194 preneipi
1015 1112 1221 1194 temporali;
1247 1135 1303 1176 ma
1327 1114 1478 1176 lassamo

194 1223 218 1284 il
242 1221 430 1303 predicarli
467 1230 503 1282 et
527 1221 603 1283 dire
628 1230 871 1301 apertamente
897 1223 931 1282 la
954 1220 1105 1282 bestiale
1130 1219 1386 1302 ingratitudine
1411 1223 1478 1285 che

195 1350 317 1392 usan0.
365 1328 406 1390 N.
425 1327 461 1391 S.
484 1348 553 1390 non
569 1331 641 1409 pud
665 1328 890 1408 persuadersi
918 1329 982 1389 che
1007 1326 1138 1390 Cesare
1162 1328 1274 1409 voglii
1299 1328 1478 1392 declinare

195 1437 280 1499 dalli
304 1435 356 1497 soi
381 1433 661 1498 christianissimi
694 1445 729 1495 et
763 1432 929 1496 catholici
959 1434 1206 1515 predecessori
1238 1446 1273 1497 et
1303 1457 1400 1499 esser
1430 1436 1477 1498 in·

195 1553 299 1622 grato
324 1563 345 1604 a
368 1541 438 1603 Dio
464 1551 499 1603 et
523 1542 594 1603 alla
618 1539 714 1603 Sede
741 1542 952 1621 Apostolica
977 1541 1032 1602 da'
1049 1541 1143 1622 quali
1168 1541 1202 1604 in
1229 1552 1354 1623 questa
1378 1541 1434 1605 etit
1460 1544 1477 1604 ὁ

196 1662 289 1713 stato
321 1652 430 1711 eletto
463 1672 484 1710 a
516 1659 615 1710 tanto
652 1648 804 1710 culmine
840 1648 885 1708 de
922 1648 1053 1728 gloria,
1085 1648 1207 1730 percio
1238 1647 1311 1710 Sua
1336 1649 1477 1712 Santitir

195 1767 337 1838 aspetta
362 1759 408 1818 da
431 1756 478 1817 lui
505 1765 596 1817 tutto
621 1757 739 1836 quello
770 1755 798 1816 si
832 1757 924 1816 deve
960 1766 1177 1836 promettere
1213 1756 1257 1818 de
1294 1777 1339 1818 un
1378 1767 1477 1820 tanto

195 1861 425 1945 Imperatore.
475 1842 503 1923 ll
527 1865 595 1924 ben
621 1883 707 1925 vero
733 1864 798 1924 che
825 1872 924 1924 tanto
949 1861 1106 1926 differire
1136 1872 1171 1924 et
1200 1874 1326 1927 metter
1351 1864 1384 1926 in
1411 1866 1476 1927 dis·

194 1982 282 2054 puta
319 1980 446 2052 questa
481 1970 630 2032 materia
666 1979 766 2031 tanto
802 1969 941 2031 notoria
975 1979 1010 2031 et
1040 1971 1253 2034 scandalosa
1285 1973 1303 2033 e
1334 1972 1479 2035 infamia

195 2080 333 2159 grande
358 2076 393 2138 di
419 2075 491 2139 Sua
506 2077 655 2155 Maesth,
680 2077 811 2158 perche
828 2097 865 2139 se
881 2076 915 2137 in
932 2086 1057 2157 questa
1082 2098 1188 2140 causa
1212 2098 1282 2141 non
1304 2078 1332 2141 si
1347 2088 1479 2142 mostra

195 2186 395 2248 virilmente
425 2186 490 2247 che
522 2205 605 2246 cosa
629 2184 675 2246 da
700 2183 745 2246 lei
770 2186 841 2264 pul>
866 2204 1012 2265 sperare
1037 2185 1071 2260 la
1095 2185 1224 2247 Chiesa
1254 2196 1290 2248 et
1313 2186 1479 2250 universa

194 2291 415 2355 christianiti
440 2301 565 2353 contra
588 2291 718 2354 Turchi
744 2302 778 2352 et
804 2289 958 2368 infideli,
983 2311 1021 2352 se
1046 2302 1170 2354 contra
1197 2312 1243 2353 un
1268 2294 1344 2354 solo
1369 2295 1435 2355 che
1460 2295 1478 2356 ὲ

194 2401 229 2462 in
255 2403 408 2482 podesta
432 2420 496 2461 sua
513 2401 594 2461 vale
619 2408 718 2461 tanto
739 2401 852 2479 poco?
900 2397 1132 2460 Exhortatelo
1151 2409 1185 2460 et
1202 2410 1353 2481 pregate
1378 2422 1478 2463 come

194 2508 268 2570 sate
293 2528 314 2569 a
339 2507 519 2569 mostrarsi
545 2507 721 2568 advocato
756 2506 850 2567 della
874 2504 1003 2567 Chiesa
1036 2507 1102 2566 che
1134 2507 1222 2568 hora
1255 2507 1272 2568 d
1306 2508 1329 2570 il
1359 2518 1477 2590 tempo

195 2617 251 2676 nel
276 2615 359 2694 qual
384 2614 413 2675 si
437 2614 508 2694 pud
533 2613 674 2692 obligar
698 2614 732 2673 la
758 2610 852 2673 Sede
879 2612 1090 2691 Apostolica
1114 2626 1149 2673 et
1164 2613 1244 2675 tutti
1261 2613 1270 2674 i
1288 2613 1477 2678 Christiani

195 2732 231 2783 et
254 2720 340 2782 farsi
364 2720 561 2783 immortale
586 2731 621 2782 et
645 2741 730 2783 vera
746 2719 842 2781 fama
865 2729 900 2780 et
917 2720 1025 2781 ditele
1050 2720 1115 2781 che
1133 2720 1230 2782 dalla
1247 2721 1476 2802 expeditione

195 2829 230 2890 di
255 2837 381 2909 questa
406 2849 490 2889 cosa
514 2829 631 2909 pende
656 2836 747 2890 tutto
771 2828 791 2889 l’
809 2829 944 2890 honore
969 2838 1004 2889 et
1029 2828 1149 2891 disnor
1181 2828 1216 2888 di
1241 2827 1314 2889 Sua
1338 2828 1476 2892 Maesta

197 2938 267 2998 alla
303 2937 409 3016 quale
440 2935 481 2997 N.
514 2934 551 2997 S.
585 2936 621 2996 di
652 2955 746 2996 novo
778 2934 894 2997 scrive
928 2955 1028 2997 come
1060 2934 1118 2996 voi
1149 2936 1280 2997 havete
1311 2935 1478 2999 richiesto

196 3043 275 3105 nell’
294 3042 417 3105 ultima
432 3052 561 3104 vostra.
587 3042 690 3106 Circa
703 3044 738 3103 lo
762 3041 941 3104 solicitare
958 3052 993 3103 et
1008 3041 1202 3103 inanimare
1227 3052 1263 3102 et
1278 3045 1478 3123 provedere

196 3152 261 3212 che
285 3171 357 3212 non
382 3172 419 3212 se
443 3149 577 3212 mutino
601 3151 635 3211 le
660 3149 867 3211 resolutioni
893 3149 927 3210 di
953 3149 1083 3211 Cesare
1108 3151 1219 3226 bone,
1255 3158 1345 3212 tutto
1379 3151 1407 3212 si
1438 3151 1478 3213 ri-

196 3269 303 3321 mette
321 3259 391 3320 alla
406 3257 595 3338 prudentia
612 3267 732 3318 vostra
748 3267 782 3319 et
801 3259 857 3319 del
875 3256 1100 3327 Caracci0103
1125 3255 1253 3318 instate
1278 3277 1343 3319 con
1370 3258 1478 3321 Cesar

196 3365 351 3446 proprio,
384 3366 448 3428 col.
484 3366 530 3427 R.
556 3364 760 3426 confessore
792 3384 858 3425 con
894 3362 1098 3426 Armestorf
1128 3384 1195 3424 con
1228 3365 1260 3425 el
1291 3363 1477 3428 Marchese

196 3473 356 3552 Joachim
382 3488 417 3534 et
446 3493 511 3535 con
538 3472 748 3552 Mogontino
773 3474 838 3534 che
872 3492 942 3534 non
972 3470 1159 3532 manchino
1192 3472 1261 3532 alla
1294 3491 1400 3535 causa
1433 3476 1478 3536 de

198 3582 275 3643 Dio.
324 3581 398 3642 Con
425 3581 558 3642 Luther
582 3600 646 3661 per
671 3579 790 3642 niente
815 3600 883 3641 non
918 3579 1047 3640 intrate
1078 3578 1112 3639 in
1146 3576 1286 3660 disputo
1318 3579 1347 3640 si
1378 3600 1478 3642 come

198 3688 349 3750 scrivete
374 3708 443 3750 non
470 3708 567 3750 esser
592 3709 638 3749 ex
663 3688 838 3766 dignitate
870 3688 966 3749 della
996 3685 1091 3747 Sede
1116 3686 1342 3766 Apostolica;
1375 3689 1479 3751 basta

199 3798 262 3857 che
286 3815 353 3857 con
379 3794 403 3856 li
427 3794 580 3875 principi
605 3805 641 3857 et
664 3794 744 3857 altri
762 3794 944 3856 mostriate
962 3814 1027 3855 con
1046 3793 1219 3854 modestia
1243 3792 1266 3855 li
1292 3793 1342 3854 soi
1368 3794 1478 3857 errori

199 3903 338 3984 qnando
368 3902 403 3963 vi
427 3901 530 3965 viene
556 3925 577 3964 a
600 3902 785 3983 proposito
816 3912 871 3964 tra
902 3901 978 3963 loro
1004 3910 1040 3963 et
1063 3899 1132 3962 voi.
1188 3901 1263 3962 Con
1295 3921 1406 3963 mons.
1442 3902 1476 3963 di

200 4010 328 4073 Cevres
349 4018 493 4090 possete
508 4010 727 4090 responderli
746 4012 811 4071 che
829 4009 989 4089 piacesse
1005 4030 1025 4070 a
1039 4007 1107 4069 Dio
1131 4007 1190 4070 tali
1210 4008 1346 4070 fossero
1362 4008 1384 4070 li
1401 4011 1478 4071 loro

200 4114 411 4197 portamenti
436 4137 541 4178 verso
567 4117 607 4178 N.
633 4115 669 4178 S.
695 4118 760 4177 che
786 4115 820 4176 di
846 4114 881 4177 S.
909 4114 962 4176 Sti
986 4135 1090 4177 verso
1123 4114 1253 4177 Cesare
1285 4125 1320 4177 et
1352 4117 1417 4178 che
1442 4115 1476 4178 in

200 4223 415 4285 conscientia
448 4244 512 4285 sua
543 4244 582 4284 sa
606 4226 675 4284 ben
702 4225 768 4284 che
793 4244 862 4284 non
886 4223 934 4284 ha
959 4222 1105 4303 ragione
1138 4221 1173 4283 di
1205 4223 1335 4285 dolersi
1368 4225 1410 4285 nd
1443 4224 1478 4285 di

202 4339 399 4409 sospettare
424 4330 459 4390 di
484 4329 525 4391 N.
552 4328 587 4391 S.
636 4329 702 4390 Nel
727 4339 822 4391 resto
848 4329 1061 4391 rimettetive
1085 4331 1120 4391 al
1144 4330 1418 4393 Prothonotario
1443 4343 1479 4393 et

202 4455 264 4497 con
289 4435 338 4498 lui
363 4434 535 4498 conserite
560 4436 582 4497 il
609 4446 709 4498 tutto

287 4542 391 4605 Circa
416 4545 533 4624 quello
566 4545 631 4604 che
661 4543 694 4606 in
727 4552 817 4605 tutte
849 4544 919 4604 due
950 4543 984 4603 le
1016 4551 1134 4605 vostre
1167 4542 1295 4605 lettere
1327 4544 1479 4607 scrivete

204 4671 268 4712 non
289 4658 430 4733 porrum
455 4671 561 4732 neque
584 4649 697 4712 arrsr'm
721 4648 836 4712 onmia
859 4648 1004 4712 scribere
1036 4658 1071 4710 et
1096 4650 1131 4712 in
1156 4650 1177 4711 l'
1199 4653 1290 4713 altra
1312 4653 1373 4713 scd
1392 4654 1484 4735 quod

203 4754 267 4817 arri)
298 4755 398 4839 lnqur'
418 4778 485 4818 mm
505 4765 664 4840 parsum,
698 4755 740 4819 Ν
766 4755 802 4818 S.
827 4759 936 4818 molto
970 4756 997 4817 si
1025 4757 1233 4836 meraviglia
1263 4757 1298 4819 di
1326 4759 1383 4820 voi
1413 4760 1479 4822 che

204 4864 369 4926 habbiate
394 4875 493 4926 tanto
519 4865 666 4945 rispetto
692 4864 727 4926 di
752 4863 908 4926 scrivere
939 4874 972 4925 et
1007 4864 1042 4924 di
1074 4866 1230 4945 parlare,
1263 4867 1306 4927 nl·
1338 4865 1360 4927 li
1392 4887 1479 4948 pare
