3559 5734
693 505 1064 608 'eomer'

224 697 367 781 quando
390 712 535 781 praeter
558 698 624 762 has
655 698 741 760 nihil
772 697 968 762 desiderari
999 707 1139 781 potest,
1171 718 1249 761 cum
1283 698 1506 782 munitiones,

223 805 490 888 machinaeque,
515 813 551 869 et
575 804 744 888 quicquid
769 806 814 868 ad
838 826 913 868 rem
938 805 1101 869 bellicam
1116 807 1338 869 tractandam
1355 817 1504 890 spectat,

223 910 356 976 affatim
381 911 476 1002 adsit
500 912 613 991 nobis,
638 923 673 975 et
697 912 825 993 ingens
848 912 1030 995 peditatus
1063 911 1277 976 Bohemicus
1308 914 1505 995 praecipue

225 1019 481 1103 quamprimum
505 1019 657 1082 conduci
681 1018 803 1100 possit.
850 1019 951 1082 Haec
977 1028 1031 1082 est
1053 1039 1125 1083 una
1149 1040 1233 1102 spes
1263 1030 1299 1084 et
1332 1033 1429 1085 certa
1453 1043 1505 1085 sa·

224 1127 306 1190 lutis
329 1127 430 1190 ratio.
478 1126 634 1189 Proinde
658 1124 922 1189 Beatitudinem
946 1126 1111 1190 Vestram
1136 1147 1202 1209 pro
1226 1148 1306 1191 mea
1330 1128 1365 1190 in
1390 1130 1505 1192 Deum

227 1246 261 1297 et
284 1233 453 1297 Sanctam
478 1230 586 1296 Suam
610 1231 841 1315 Religionem
864 1232 1009 1315 pietate,
1036 1234 1210 1297 admoneo
1235 1247 1270 1297 et
1294 1237 1435 1317 hortor,
1470 1248 1507 1299 ut

227 1339 395 1404 deflectat
419 1341 542 1403 oculos
566 1359 648 1402 suos
672 1359 780 1422 super
815 1340 909 1403 hanc
944 1339 1139 1421 nationem,
1174 1361 1242 1423 qua
1271 1362 1341 1405 non
1372 1342 1437 1406 fuit
1461 1346 1507 1406 al·

228 1461 304 1511 tera
327 1457 366 1510 ut
390 1448 546 1530 produnt
569 1446 769 1529 hystoriae,
801 1457 836 1508 et
859 1446 990 1510 scrinia
1012 1446 1200 1511 Romanae
1224 1448 1406 1513 Ecclesiae
1430 1471 1508 1532 pro·

228 1555 355 1634 ferunt,
380 1554 416 1619 in
433 1555 635 1618 orthodoxa
658 1551 729 1615 fide
754 1554 985 1628 constantien
1019 1574 1134 1635 neque
1158 1555 1349 1637 permittat,
1376 1569 1412 1620 ut
1437 1579 1508 1622 non

229 1663 305 1726 sine
331 1662 439 1726 totius
470 1660 655 1743 religionis
682 1659 856 1742 periculo,
887 1661 966 1742 ipsa
994 1670 1070 1723 tota
1100 1662 1277 1742 concidat,
1310 1674 1345 1727 et
1374 1675 1509 1746 pereat.

230 1768 301 1833 Sed
319 1769 436 1852 potius
454 1770 535 1831 dum
552 1770 667 1830 adhuc
684 1768 768 1849 quid
785 1768 862 1849 spei
878 1767 1050 1851 reliquum
1066 1779 1129 1849 est,
1153 1789 1222 1851 ope
1239 1790 1302 1832 sua
1318 1791 1388 1834 non
1404 1772 1508 1835 desti-

229 1888 315 1958 tuat,
330 1888 366 1940 et
382 1876 517 1940 auxilio
540 1874 756 1959 pecuniari0,
780 1876 878 1937 cuius
895 1895 980 1938 usus
1001 1895 1104 1957 quam
1121 1876 1166 1938 ad
1183 1877 1426 1941 reductionem
1442 1880 1509 1943 iam

229 1984 283 2046 hic
306 1982 461 2065 undique
480 1982 687 2045 insanientis
707 1981 831 2064 populi
850 1981 886 2044 in
909 1991 1042 2045 rectam
1055 1983 1148 2045 viam
1169 1984 1293 2045 melius
1316 1986 1425 2048 locari
1438 2007 1507 2049 non

229 2091 369 2174 poterit,
381 2100 419 2153 ut
431 2089 571 2153 firmata
582 2089 849 2170 tranquillitate,
863 2092 1081 2171 reductaque
1095 2089 1224 2152 unione
1238 2089 1333 2155 circa
1353 2091 1510 2156 divinum

230 2201 372 2277 cultum,
385 2218 451 2280 pro
471 2218 541 2278 quo
557 2216 627 2259 non
648 2216 736 2277 opes
757 2205 904 2276 tantum,
920 2197 984 2260 sed
1002 2196 1136 2277 optimo
1152 2197 1278 2279 cuique
1297 2199 1444 2280 sanguis
1459 2210 1514 2264 est

231 2306 498 2388 expendenduS,
508 2303 706 2367 videbimus
717 2303 751 2364 in
761 2302 888 2365 diebus
900 2302 1029 2366 nostris
1040 2304 1099 2384 qui
1109 2304 1248 2367 malicia
1261 2307 1454 2387 abundant,
1463 2308 1512 2370 in-

232 2414 370 2476 teritum
383 2421 528 2474 sanctae
545 2409 737 2491 religionis,
749 2430 815 2492 pro
832 2410 932 2472 cuius
946 2409 1164 2474 incremento
1178 2412 1276 2475 Deus
1290 2412 1421 2495 dirigat
1433 2435 1510 2477 con-

230 2517 747 2584 firmetBeatitudinisVestrae
758 2526 865 2598 atque
875 2516 1360 2598 praefatorumCardinalium
1370 2541 1511 2585 suorum

232 2648 291 2692 cor
325 2636 361 2689 et
391 2624 575 2689 consilium
601 2645 704 2688 omne
739 2624 806 2702 ita,
840 2634 878 2685 ut
911 2625 1054 2706 quando
1085 2644 1215 2688 nocere
1239 2627 1330 2688 solet
1354 2648 1452 2691 mora
1475 2629 1510 2691 in

232 2738 354 2813 rebuS,
386 2743 624 2815 opportunum
656 2730 825 2794 auxilium
857 2740 893 2792 et
926 2731 1109 2812 suppetias
1127 2732 1177 2794 ‘in
1203 2734 1362 2813 pecuniis
1393 2755 1511 2798 conse-

233 2861 399 2924 quamur,
434 2860 479 2903 ne
504 2838 663 2903 destituti
688 2858 756 2921 ope
780 2837 987 2919 redigamur
1010 2839 1056 2901 ad
1084 2838 1335 2920 necessitates,
1364 2842 1398 2904 in
1425 2863 1513 2924 quas

231 2951 383 3031 populus
418 2947 607 3011 meditatur
644 2966 708 3008 nos
744 2946 840 3007 velut
875 2946 1067 3027 compedes
1091 2945 1284 3029 conticere,
1320 2960 1355 3010 et
1380 2949 1513 3013 Sancta

233 3057 392 3120 Ecclesia
415 3056 449 3119 in
475 3057 541 3118 hac
561 3054 705 3118 natione
729 3052 882 3135 accipiat
906 3073 1025 3116 casum
1049 3055 1146 3116 nullo
1171 3074 1324 3135 unquam
1348 3076 1438 3118 aevo
1462 3077 1512 3120 re·

233 3164 483 3247 cuperandum.
539 3163 594 3225 De
632 3181 702 3244 quo
742 3159 1005 3223 Beatitudinem
1042 3161 1206 3224 Vestram
1253 3163 1513 3227 admonendam

233 3292 309 3335 esse
342 3270 483 3354 putavi,
514 3281 553 3331 ut
584 3269 613 3332 si
648 3268 745 3331 illum
777 3265 853 3330 fieri
885 3266 1069 3348 contingat
1102 3266 1279 3331 destitutis
1304 3271 1422 3351 nobis,
1455 3273 1514 3355 qui

233 3399 355 3442 omnes
385 3380 500 3441 adhuc
531 3377 576 3440 ad
605 3374 791 3458 pristinum
815 3372 998 3455 religionis
1029 3376 1161 3437 cultum
1184 3375 1512 3459 redintegrandum,

233 3484 394 3569 pessimis
418 3484 599 3548 erroribus
622 3493 729 3564 atque
753 3480 962 3563 improbatis
987 3480 1143 3544 moribus
1166 3481 1328 3564 refectis,
1361 3487 1512 3567 suspira·

234 3615 307 3657 mus
324 3592 505 3676 precipue,
529 3600 703 3673 quatenus
724 3609 802 3652 mea
827 3588 961 3651 referre
977 3597 1106 3670 potest,
1132 3589 1226 3670 apud
1244 3592 1394 3656 eandem
1409 3602 1513 3657 testa·

234 3713 305 3766 tum
329 3700 546 3783 reliquerim,
582 3718 638 3760 me
674 3697 721 3758 ad
758 3694 843 3757 nihil
880 3714 1001 3757 eorum
1037 3715 1128 3777 quae
1161 3709 1327 3761 secutura
1356 3711 1437 3764 sunt
1467 3723 1513 3766 ex

234 3809 435 3893 proposita,
470 3807 534 3870 sed
559 3806 637 3888 ipsa
661 3823 758 3867 mera
792 3802 1004 3865 necessitate
1038 3802 1226 3883 impulsum
1261 3804 1391 3887 fuisse,
1425 3808 1515 3871 sicut

236 3917 426 3982 Beatitudo
442 3915 570 3978 Vestra
593 3913 699 3976 latius
723 3918 927 3992 cognoscet,
953 3930 998 3972 ex
1022 3909 1195 3974 relatione
1221 3910 1386 3975 Caesarei
1411 3914 1514 3980 isthic

237 4024 414 4103 OratoriS,
439 4033 474 4086 et
497 4022 565 4085 mei
589 4017 779 4083 consiliarii
803 4015 902 4078 Petri
926 4017 970 4078 de
995 4014 1223 4101 Salamanca,
1249 4040 1338 4102 quos
1362 4037 1427 4104 pro
1452 4046 1516 4088 sua

239 4130 421 4195 clementia
444 4128 650 4213 dignabitur
674 4137 710 4189 et
733 4124 890 4206 benigne
915 4123 1038 4187 audire
1063 4135 1098 4187 et
1114 4126 1281 4208 quicquid
1303 4129 1514 4212 decreverit,

242 4239 490 4320 quamprimum
514 4237 582 4299 sibi
608 4235 719 4298 visum
736 4231 853 4311 fuerit,
877 4230 962 4294 mihi
986 4231 1203 4313 significare;
1228 4234 1284 4297 cui
1308 4257 1515 4319 persuasum

244 4365 316 4408 esse
343 4347 465 4425 velim,
502 4345 530 4409 si
555 4353 607 4408 tot
632 4339 818 4422 Principes
848 4348 1020 4419 vexatos,
1054 4349 1107 4402 tot
1143 4339 1291 4405 Nobiles
1323 4363 1515 4425 oppressos

247 4453 498 4536 exhaustasque
513 4450 753 4533 Respublicas
775 4444 987 4527 neglexerit,
1010 4445 1106 4509 haud
1130 4448 1239 4510 multo
1256 4460 1339 4530 post
1353 4460 1514 4532 tempore

248 4556 391 4621 visuram
414 4561 551 4643 lapsum
581 4558 689 4621 totius
721 4556 774 4619 rei
806 4552 1080 4617 Ecclesiasticae
1111 4554 1147 4616 in
1175 4554 1243 4617 hac
1276 4555 1446 4636 Natione,
1480 4568 1515 4620 et

250 4663 434 4742 proximum
475 4667 640 4748 quodque
676 4682 825 4747 regnum
861 4668 1063 4724 secuturum
1098 4669 1171 4740 est,
1219 4671 1256 4724 ut
1295 4661 1372 4726 fieri
1412 4665 1513 4728 solet.

251 4767 331 4832 Nam
352 4793 420 4836 non
446 4775 534 4838 adeo
559 4782 639 4838 sunt
662 4769 786 4837 iniecti
810 4766 1001 4850 optimates
1034 4786 1112 4829 cum
1137 4765 1384 4851 Principibus;
1416 4782 1454 4833 ut
1485 4772 1514 4834 si

250 4876 309 4939 illis
330 4867 516 4947 accesserit
540 4883 720 4963 auxilium,
743 4878 827 4964 quin
851 4876 922 4939 sint
937 4884 1132 4937 extremum
1151 4876 1308 4938 laborem
1329 4879 1513 4953 tentaturi;
