3559 5734
1496 541 1990 598 0-435338m

467 710 642 752 sona
689 710 730 750 a
779 688 949 770 ogni
997 689 1258 751 rischio
1308 700 1378 751 et
1427 701 1677 771 aperto
1727 690 2082 771 pericolo;
2151 709 2265 751 ma
2313 708 2452 750 non
2504 691 2686 751 vedu
2738 691 2866 751 che
2918 691 3022 751 sia

468 796 636 858 utile
686 797 771 858 ne
822 795 1225 858 necessario
1272 794 1477 876 far10,
1527 798 1660 858 che
1694 797 1738 859 '1
1788 796 1940 858 dire
1989 797 2121 858 che
2169 796 2226 857 si
2275 815 2366 857 va
2412 815 2544 877 per
2573 795 2618 859 il
2654 819 2874 875 paese
2906 799 3022 859 del

468 903 801 985 Principe
861 902 929 966 io
994 915 1256 985 troppo
1329 924 1407 966 so
1474 904 1544 965 la
1605 902 1723 965 via
1786 912 1857 966 et
1904 904 2130 965 anche
2181 911 2442 984 quanto
2492 899 2638 963 Sua
2686 903 2870 963 Sei-¹⁵·-
2922 903 3022 963 sia

468 1011 757 1073 obedita
812 1021 884 1072 et
930 1030 1130 1073 come
1177 1012 1316 1072 ben
1367 1011 1425 1072 si
1471 1031 1563 1071 va
1610 1032 1651 1072 a
1700 1008 2123 1071 discretione
2186 1008 2295 1071 de'
2346 1007 2581 1071 villani
2642 1031 2682 1071 a
2730 1031 3026 1091 quorum

466 1117 705 1180 furore
754 1116 1008 1179 liberet
1055 1137 1186 1179 nos
1231 1117 1456 1189 Deus;
1532 1129 1603 1179 et
1662 1117 1784 1197 poi
1849 1116 1979 1178 che
2035 1135 2167 1196 per
2230 1115 2598 1197 benignita
2666 1119 2906 1179 divina
2954 1115 3022 1179 in

471 1244 644 1286 sono
696 1233 984 1305 ereptus
1035 1224 1248 1286 tantis
1297 1224 1630 1306 periculis
1681 1235 1751 1286 et
1797 1232 2236 1303 preservatO,
2304 1244 2445 1285 non
2508 1223 2802 1303 expedit
2858 1223 3022 1285 mihi

466 1332 726 1393 totiens
776 1341 1052 1393 tentare
1101 1329 1457 1393 fortunam
1503 1351 1763 1405 meam;
1814 1333 2040 1413 perho
2090 1332 2444 1393 domando
2495 1332 2564 1394 di
2610 1331 2842 1411 gratia
2890 1335 3018 1391 che

469 1437 539 1500 S.
592 1436 698 1499 8¹³²
745 1458 884 1500 non
935 1438 992 1498 si
1021 1436 1198 1499 volti
1243 1459 1280 1499 a
1329 1448 1579 1518 questo
1628 1438 1982 1519 pensier0‚
2033 1440 2163 1501 che
2215 1440 2498 1521 quando
2547 1447 2706 1500 sarr:
2758 1459 2890 1499 con
2950 1435 3022 1499 1³:⁸³.

467 1543 924 1606 Beatitudine
981 1543 1049 1604 io
1117 1545 1183 1606 le
1249 1543 1402 1606 diro
1475 1546 1789 1607 anchora
1850 1546 2029 1607 altre
2096 1544 2373 1626 ragioni
2437 1545 2507 1607 in
2558 1547 3022 1607 excusatione

469 1650 625 1729 mia,
672 1651 739 1712 le
790 1649 978 1731 quali
1027 1669 1158 1731 per
1206 1671 1401 1713 esser
1447 1653 1667 1713 breve
1719 1671 1845 1713 ora
1893 1649 2132 1714 lasci0.

644 1774 1013 1837 Bononiae
1062 1774 1281 1837 XVII
1330 1774 1638 1856 Augusti
1683 1775 2085 1841 MDXXV.

1665 2313 1814 2375 251.

1015 2426 1291 2507 Cardin.
1359 2427 1827 2529 Moguntinus
1884 2427 2227 2507 Clementi
2284 2428 2440 2508 VII.

1353 2574 1548 2647 (Epist.
1598 2576 1770 2649 prino.
1820 2575 1922 2633 m
1979 2575 2121 2645 245.)

1444 2694 1554 2761 (29.
1593 2697 1826 2758 Aug-usti
1871 2697 2043 2760 1525.)

646 2828 932 2890 Litteris
968 2829 1406 2909 quorundam
1443 2829 1828 2891 amicorum
1865 2829 1956 2891 ad
1979 2848 2090 2891 me
2111 2829 2430 2891 defertur
2452 2831 2638 2910 quod
2662 2839 2874 2891 totam
2914 2851 3014 2891 ur-

470 2940 632 2999 bem
660 2956 1020 2998 romanam
1045 2944 1117 2998 et
1145 2937 1431 2998 multam
1464 2936 1805 3017 deinceps
1831 2935 2078 2998 Italiae
2107 2946 2381 3017 partem
2414 2956 2650 2999 rumor
2686 2939 3022 2999 invaserit

466 3042 743 3105 rusticis
791 3042 1190 3104 hominibus
1239 3042 1357 3123 qui
1417 3042 1648 3124 impiis
1695 3043 2109 3105 tumultibus
2158 3042 2391 3106 omnia
2438 3063 2642 3105 sacra
2690 3067 2770 3105 ac
2822 3047 3022 3127 leges

467 3158 790 3213 evertere
834 3147 1068 3210 conati
1117 3158 1295 3229 sunt,
1346 3151 1562 3211 aedes
1612 3159 1682 3212 et
1714 3171 1875 3212 aras
1909 3170 2149 3212 sacras
2183 3152 2742 3231 prophanarunt,
2774 3155 3022 3215 domos

468 3256 865 3337 principum
914 3276 996 3318 ac
1047 3254 1386 3317 nobilium
1435 3254 1745 3318 funditus
1798 3267 2228 3336 everterunt,
2275 3265 2630 3319 matronas
2682 3279 2762 3319 ac
2814 3259 3018 3339 virgi-

468 3383 594 3427 nes
659 3372 1210 3445 constuprarunt
1258 3371 1330 3425 et
1375 3364 1446 3425 in
1496 3383 1766 3426 summa
1829 3363 2000 3426 nihil
2049 3363 2334 3426 omnino
2401 3363 2686 3444 impium
2754 3363 3018 3427 abomi-

467 3471 774 3533 nandum
824 3471 1422 3551 nephandumque
1471 3470 1889 3533 intentatum
1939 3470 2404 3551 reliquerunt,
2467 3490 2580 3532 me
2637 3471 3018 3551 machinam,

467 3586 932 3639 commeatum
998 3576 1411 3657 reliquaque
1477 3577 1742 3638 auxilia
1804 3577 2410 3656 subministrasse,
2460 3577 2658 3639 simul
2710 3599 2866 3639 cum
2918 3579 3018 3639 eis

470 3683 539 3745 in
575 3684 1139 3745 Lutheranorum
1172 3694 1437 3746 sectam
1486 3685 1952 3756 concessisse;
2002 3684 2292 3767 insuper
2336 3706 2451 3747 me
2498 3686 2569 3746 in
2618 3687 3018 3747 diocesibus

472 3790 642 3852 meis
704 3790 1109 3872 permisisse
1168 3792 1609 3871 presbyteris
1655 3790 1994 3853 fratribus
2057 3802 2128 3854 et
2175 3791 2594 3853 monialibus
2646 3807 2714 3851 ut
2750 3791 3018 3871 possint

472 3898 694 3960 libere
755 3907 923 3960 vota
980 3898 1373 3960 monastica
1419 3899 1845 3979 relinquere,
1894 3898 2335 3961 matrimonia
2384 3899 2718 3980 copulare
2766 3911 2898 3959 cte.
2950 3911 3022 3959 et

470 4004 709 4067 nescio
771 4004 938 4085 quid
1005 4004 1515 4067 mendatiorum
1575 4006 1831 4067 aemuli
1891 4004 2026 4068 mei
2088 4005 2156 4066 in
2221 4025 2332 4067 me
2394 4005 2573 4068 falso
2638 4027 2774 4067 non
2838 4027 3014 4067 corn-

470 4111 685 4174 menti
733 4120 914 4174 sunt.
1023 4111 1222 4191 Quae
1290 4111 1500 4173 etiam
1565 4111 1800 4174 omnia
1867 4112 1997 4174 etsi
2068 4121 2210 4174 tam
2274 4132 2458 4173 vana
2507 4120 2790 4191 tamque
2838 4111 3018 4175 falsa

468 4219 607 4281 sint
652 4229 730 4279 ut
776 4218 968 4280 nulla
1014 4217 1297 4299 penitus
1346 4218 1807 4280 excusatione
1858 4229 2121 4300 egeant
2167 4238 2250 4280 ac
2313 4218 2576 4280 veritas
2638 4219 2790 4299 ipsa
2858 4239 3018 4299 qun-

469 4324 641 4387 libet
688 4325 850 4387 fuco
900 4324 1082 4387 falsa
1127 4324 1648 4387 insimulatione
1682 4326 1988 4387 adversa
2017 4323 2460 4405 confictaque
2501 4323 3018 4387 machinatione

470 4432 721 4494 fortior
768 4432 880 4512 sit,
929 4432 1236 4513 mihique
1284 4431 1495 4493 facile
1544 4434 1945 4512 persuadeo
1996 4432 2205 4495 etiam
2256 4432 2313 4493 si
2362 4432 2532 4494 talia
2580 4435 2666 4491 ad
2714 4431 3018 4491 Beatitu-

470 4539 704 4601 dinem
754 4550 1060 4601 vestram
1124 4540 1361 4601 delata
1427 4550 1665 4602 essent
1721 4550 1797 4601 ut
1857 4539 1995 4601 illis
2051 4540 2313 4601 nullam
2374 4538 2581 4601 fidem
2646 4539 3018 4607 adhibeat:

471 4646 580 4708 cui
629 4665 787 4707 mea
832 4645 904 4707 in
953 4646 1182 4708 Deum
1229 4645 1441 4726 inque
1490 4646 1910 4726 religionem
1962 4645 2412 4708 christianam
2463 4646 2750 4707 devotio
2818 4667 2898 4707 ac
2950 4647 3014 4707 in

471 4752 914 4814 sanctitatem
965 4763 1086 4812 vam
1135 4753 1592 4815 observantia
1640 4752 1777 4814 iam
1827 4752 2102 4833 pridem
2161 4751 2449 4833 cognita
2515 4763 2650 4823 est:
2710 4763 3018 4815 attamen

471 4879 625 4922 cum
674 4858 1066 4921 istiusmodi
1114 4879 1350 4941 nugae
1400 4860 1489 4921 ad
1540 4880 1649 4921 me
1700 4860 1979 4921 delatae
2029 4869 2189 4921 sunt
2239 4880 2378 4922 non
2412 4859 2606 4943 potui
2642 4859 3018 4919 obmittere
