3559 5734
803 565 1050 629 0-0528&

284 735 384 782 amor
401 714 446 782 de
469 717 504 783 la
529 714 683 801 natione,
708 720 791 803 qual
815 720 908 784 vede
933 720 1111 804 pericolar
1134 719 1210 785 solo
1234 738 1300 804 per
1314 738 1505 785 mancanza
1523 717 1571 784 de

284 824 394 888 buoni
419 827 647 908 predicatori,
672 848 710 891 se
736 827 901 892 offerisce
925 849 946 891 a
969 829 1135 910 predicar
1158 829 1273 911 prima
1301 828 1336 891 in
1361 831 1395 891 la
1418 851 1481 891 sua
1508 849 1569 910 pa·

221 991 223 996 .
283 933 353 995 tria
377 945 413 996 et
436 932 492 996 fra
515 934 622 1015 pochi
647 935 733 997 mesi
758 936 916 998 anchora
948 935 983 997 in
1013 956 1131 998 mezzo
1165 935 1200 996 di
1234 935 1470 1016 Nurenberga
1503 937 1572 996 che

286 1039 359 1103 cosi
383 1044 430 1103 ha
453 1039 713 1105 intendimento
738 1062 803 1105 con
838 1063 908 1105 una
941 1062 1030 1124 gran
1062 1052 1165 1123 parte
1199 1053 1234 1104 et
1263 1041 1319 1104 dei
1349 1041 1500 1124 migliori
1533 1042 1570 1103 di

284 1150 403 1229 quella
416 1159 528 1219 terra:
554 1150 646 1232 onde
664 1147 711 1211 lui
728 1150 894 1213 havendo
912 1151 1085 1231 mogliera
1100 1150 1205 1230 quale
1222 1169 1326 1230 prese
1343 1148 1402 1231 gii
1421 1149 1571 1230 vergine

284 1267 320 1319 et
356 1257 489 1318 anchor
522 1276 593 1318 non
618 1276 662 1318 ne
690 1258 738 1319 ha
760 1256 926 1339 figliuoli,
951 1255 1113 1338 supplica
1145 1277 1166 1318 a
1191 1255 1233 1318 V.
1261 1255 1312 1317 St*
1337 1257 1372 1318 la
1402 1256 1432 1317 si
1459 1256 1571 1336 degni

286 1362 488 1425 concederli
514 1362 630 1443 gratia
654 1363 690 1425 di
714 1383 840 1444 posser
856 1363 1043 1445 predicare
1068 1383 1133 1425 con
1159 1362 1328 1443 dispensa
1352 1373 1387 1425 et
1411 1364 1469 1425 del
1500 1383 1570 1425 ma·

284 1468 448 1530 trimonio
473 1482 508 1530 et
533 1471 577 1531 de
610 1470 645 1531 la
678 1469 751 1532 vita
776 1472 950 1541 secolare;
980 1470 1190 1551 supplicone
1215 1473 1349 1532 anchor
1377 1469 1411 1531 io
1436 1482 1570 1551 quanto

283 1595 406 1656 poss0,
436 1577 501 1637 che
530 1577 622 1638 vedo
655 1578 689 1639 la
720 1596 804 1641 cosa
828 1597 927 1640 esser
952 1577 987 1638 di
1011 1579 1147 1658 grande
1172 1589 1208 1639 et
1232 1577 1355 1639 ottimo
1379 1576 1569 1658 proposito

285 1693 321 1742 et
347 1683 413 1743 che
437 1682 499 1744 tali
524 1681 739 1745 offerendosi
768 1704 839 1746 non
871 1685 948 1746 solo
980 1683 1152 1747 meriteno
1184 1704 1281 1746 esser
1312 1683 1477 1746 accettati
1512 1704 1570 1745 ma

287 1788 417 1850 cereati
444 1798 479 1851 et
503 1808 569 1850 con
594 1790 735 1851 honesti
759 1789 884 1871 premii
910 1790 1086 1854 conciliati
1117 1791 1151 1853 in
1186 1791 1300 1871 questi
1333 1792 1451 1872 tempi.
1504 1791 1571 1852 Lui

283 1916 344 1958 era
368 1895 403 1958 in
428 1895 545 1958 animo
571 1896 756 1960 conferirsi
780 1896 816 1959 in
840 1898 961 1961 Roma
985 1919 1049 1980 per
1073 1918 1199 1979 posset
1215 1898 1345 1979 meglio
1363 1898 1565 1979 exprimere

283 2005 317 2065 la
342 2002 500 2065 divotion
526 2023 600 2065 sua.
648 2004 680 2065 A
706 2023 760 2065 me
786 2005 804 2067 d
836 2024 943 2086 parso
969 2004 1237 2066 dissuadernelo
1265 2004 1365 2068 aecio
1396 2005 1419 2066 li
1451 2005 1570 2084 emuli,

284 2110 380 2192 quali
405 2112 514 2173 molto
537 2110 562 2173 il
586 2119 738 2191 temen0,
763 2132 833 2174 non
858 2111 991 2174 habino
1015 2109 1076 2190 poi
1101 2110 1218 2173 subito
1243 2110 1429 2174 occasione
1445 2111 1480 2172 di
1497 2113 1568 2193 gri·

286 2219 372 2280 dare
404 2219 437 2279 al
467 2218 622 2298 Popolo,
658 2220 725 2280 che
759 2221 953 2281 subornato
985 2218 1032 2279 da
1065 2218 1190 2298 premii
1221 2218 1314 2281 torni
1347 2241 1368 2280 a
1399 2218 1566 2299 predicar

281 2336 405 2388 contra
427 2326 463 2387 la
486 2323 569 2387 fede
595 2325 815 2407 evangelica,
840 2346 940 2388 come
964 2328 1018 2386 lor
1042 2324 1181 2387 dicano.
1229 2324 1272 2389 V.
1291 2323 1343 2386 8¹⁶
1361 2326 1475 2406 petri,
1493 2326 1566 2407 pia·

282 2431 441 2511 cendoli,
473 2430 674 2496 informarsi
699 2431 734 2493 di
759 2432 871 2495 costui
897 2433 943 2493 da
972 2431 1034 2496 Μ’.
1059 2430 1195 2509 Jacobo
1220 2430 1356 2512 Zigler,
1388 2434 1469 2512 qual
1500 2453 1568 2513 per

283 2559 402 2602 essere
427 2539 560 2601 anchor
584 2538 632 2600 lui
656 2540 786 2601 huomo
811 2539 1009 2601 dottissimo
1035 2549 1070 2600 et
1094 2541 1224 2616 buon0,
1249 2559 1319 2600 non
1345 2538 1469 2600 dubito
1485 2541 1565 2602 chel

283 2645 336 2708 sia
359 2648 593 2727 cognosciuto
629 2646 674 2706 da
699 2644 742 2708 V.
768 2643 819 2706 St*
843 2667 864 2708 a
897 2646 921 2707 li
950 2645 1047 2727 piedi
1078 2647 1123 2708 de
1148 2648 1182 2707 la
1206 2647 1310 2726 quale
1334 2646 1566 2709 humilmente

286 2773 342 2814 me
366 2752 592 2832 ricomando,
628 2762 664 2814 et
698 2752 826 2834 priego
857 2752 927 2815 Dio
960 2755 993 2815 ia
1021 2752 1184 2815 conservi
1214 2756 1442 2833 longamente
1467 2765 1501 2814 et
1527 2754 1561 2816 in

212 2853 216 2862 ’
283 2859 387 2921 felice
412 2870 515 2923 stato.
563 2858 620 2919 Da
645 2857 874 2940 Onospachio
899 2862 955 2922 nel
982 2859 1095 2920 XXV
1120 2858 1155 2920 di
1182 2859 1562 2940 ‚hugustoMDXXV

444 2965 490 3027 l)i
515 2966 560 3028 V.
586 2962 648 3027 8⁸¹³.

1021 3074 1217 3122 Humillissimo
1237 3075 1369 3122 Servitute

874 3162 914 3223 1ο.
935 3162 1049 3225 dumo
1069 3162 1216 3223 luthero
1235 3162 1265 3223 u
1284 3162 1492 3234 mudeuurt.

884 3645 960 3710 250.

719 3759 930 3864 Campegius
959 3760 1132 3842 Sadoleto.

690 3909 832 3980 (Nuntiet.
857 3909 984 3968 German.
1002 3908 1078 3968 m
1096 3909 1167 3980 120.)

778 4029 833 4092 (27.
853 4030 968 4090 Augusti
993 4033 1077 4091 1525.)

375 4164 446 4227 Alli
471 4162 603 4226 XXVI
628 4161 663 4224 di
688 4174 813 4244 questo
843 4173 986 4226 anotte
1009 4163 1118 4225 hebbi
1143 4165 1176 4226 le
1201 4164 1235 4225 di
1264 4164 1305 4227 V.
1339 4165 1374 4227 S.
1407 4166 1451 4227 de
1484 4164 1563 4227 XX

284 4292 350 4333 con
375 4273 408 4334 la
433 4272 535 4352 copia
560 4272 605 4333 de
629 4274 662 4332 le
686 4271 813 4332 lettere
838 4271 896 4332 del
920 4270 1152 4350 Tridentino,
1187 4273 1219 4333 le
1251 4271 1346 4352 quali
1381 4274 1451 4334 ben
1476 4275 1564 4334 lette

284 4390 319 4441 et
344 4378 585 4455 considerate,
615 4376 709 4439 circa
734 4378 766 4440 le
800 4376 939 4459 regioni
975 4378 1041 4439 che
1076 4378 1109 4439 le
1145 4378 1333 4439 adducono
1368 4379 1499 4459 perche
1535 4378 1564 4440 si

284 4487 403 4549 debba
427 4486 597 4548 mandare
622 4483 656 4546 Ιὲ
681 4486 770 4546 oltre
796 4504 841 4546 un
866 4484 1019 4566 Legat0,
1045 4486 1200 4545 anchora
1225 4484 1348 4545 eheie
1372 4484 1501 4564 paiano
1527 4485 1562 4547 di

283 4594 434 4673 qualche
459 4591 649 4669 evidentia,
674 4610 740 4671 pur
765 4611 786 4652 a
810 4590 885 4653 dire
918 4591 1151 4653 liberamento
1176 4593 1210 4653 la
1241 4589 1409 4671 opinione
1439 4591 1509 4653 mia
1542 4613 1564 4654 a

283 4719 339 4761 me
364 4719 432 4761 non
459 4696 655 4761 satisfanno
680 4707 716 4759 et
739 4697 1014 4760 maximamente
1039 4708 1171 4779 quanto
1196 4718 1217 4759 a
1234 4700 1315 4779 quel
1332 4697 1563 4762 fondamento

283 4808 349 4869 che
373 4808 461 4868 hora
486 4807 519 4867 le
544 4824 626 4868 cose
651 4824 721 4867 non
747 4804 846 4867 sieno
870 4805 906 4867 in
932 4803 1013 4887 quei
1037 4803 1139 4885 primi
1165 4804 1315 4884 termini,
1339 4825 1395 4867 ma
1412 4808 1563 4869 cheam·

287 4909 468 4978 maestrati
492 4911 551 4996 gin
576 4911 657 4994 quei
681 4911 805 4994 populi
829 4913 875 4974 da
901 4915 934 4973 le
959 4910 1210 4974 incommoditd
1240 4922 1275 4974 et
1299 4911 1406 4974 danni
1429 4914 1564 4996 passati
