<?xml version="1.0" encoding="UTF-8"?>
<!DOCTYPE html PUBLIC "-//W3C//DTD XHTML 1.0 Transitional//EN"
    "http://www.w3.org/TR/xhtml1/DTD/xhtml1-transitional.dtd">
<html xmlns="http://www.w3.org/1999/xhtml" xml:lang="en" lang="en">
 <head>
  <title>
</title>
<meta http-equiv="Content-Type" content="text/html;charset=utf-8" />
  <meta name='ocr-system' content='tesseract 3.04.00' />
  <meta name='ocr-capabilities' content='ocr_page ocr_carea ocr_par ocr_line ocrx_word'/>
</head>
<body>
  <div class='ocr_page' id='page_1' title='image "./monumentareform01vatigoog_0358.png"; bbox 0 0 3559 5734; ppageno 0'>
   <div class='ocr_carea' id='block_1_1' title="bbox 915 832 988 898">
    <p class='ocr_par' dir='ltr' id='par_1_1' title="bbox 915 832 988 898">
     <span class='ocr_line' id='line_1_1' title="bbox 915 832 988 898; baseline 0.027 -2"><span class='ocrx_word' id='word_1_1' title='bbox 915 832 988 898; x_wconf 80' lang='lat'>151.</span> 
     </span>
    </p>
   </div>
   <div class='ocr_carea' id='block_1_2' title="bbox 329 937 1570 1445">
    <p class='ocr_par' dir='ltr' id='par_1_2' title="bbox 331 937 1570 1035">
     <span class='ocr_line' id='line_1_2' title="bbox 331 937 1570 1035; baseline 0.012 -30"><span class='ocrx_word' id='word_1_2' title='bbox 331 937 520 1024; x_wconf 78' lang='lat' dir='ltr'>Capitulum</span> <span class='ocrx_word' id='word_1_3' title='bbox 552 942 723 1010; x_wconf 88' lang='lat' dir='ltr'><strong>continens</strong></span> <span class='ocrx_word' id='word_1_4' title='bbox 747 962 802 1027; x_wconf 89' lang='lat' dir='ltr'><strong>ca,</strong></span> <span class='ocrx_word' id='word_1_5' title='bbox 833 964 919 1032; x_wconf 86' lang='lat' dir='ltr'><strong>quae</strong></span> <span class='ocrx_word' id='word_1_6' title='bbox 943 948 1180 1033; x_wconf 72' lang='lat' dir='ltr'><strong>pectenatum</strong></span> <span class='ocrx_word' id='word_1_7' title='bbox 1204 950 1339 1035; x_wconf 89' lang='lat' dir='ltr'><strong>imperii</strong></span> <span class='ocrx_word' id='word_1_8' title='bbox 1369 950 1404 1018; x_wconf 92' lang='lat' dir='ltr'><strong>in</strong></span> <span class='ocrx_word' id='word_1_9' title='bbox 1427 952 1570 1020; x_wconf 88' lang='lat' dir='ltr'><strong>materia</strong></span> 
     </span>
    </p>

    <p class='ocr_par' dir='ltr' id='par_1_3' title="bbox 329 1050 1569 1137">
     <span class='ocr_line' id='line_1_3' title="bbox 329 1050 1569 1137; baseline 0.012 -25"><span class='ocrx_word' id='word_1_10' title='bbox 329 1063 490 1114; x_wconf 89' lang='lat' dir='ltr'><strong>novarum</strong></span> <span class='ocrx_word' id='word_1_11' title='bbox 514 1050 742 1118; x_wconf 80' lang='lat' dir='ltr'>Doctrinarum</span> <span class='ocrx_word' id='word_1_12' title='bbox 768 1058 846 1120; x_wconf 85' lang='lat' dir='ltr'><strong>sunt</strong></span> <span class='ocrx_word' id='word_1_13' title='bbox 870 1055 1035 1137; x_wconf 85' lang='lat' dir='ltr'><strong>conclusa,</strong></span> <span class='ocrx_word' id='word_1_14' title='bbox 1060 1059 1097 1123; x_wconf 92' lang='lat' dir='ltr'><strong>ut</strong></span> <span class='ocrx_word' id='word_1_15' title='bbox 1121 1060 1158 1124; x_wconf 94' lang='lat' dir='ltr'><strong>ut</strong></span> <span class='ocrx_word' id='word_1_16' title='bbox 1181 1056 1215 1124; x_wconf 92' lang='lat' dir='ltr'><strong>in</strong></span> <span class='ocrx_word' id='word_1_17' title='bbox 1238 1075 1373 1126; x_wconf 83' lang='lat' dir='ltr'><strong>recessu</strong></span> <span class='ocrx_word' id='word_1_18' title='bbox 1388 1059 1569 1127; x_wconf 85' lang='lat' dir='ltr'><strong>remacula</strong></span> 
     </span>
    </p>

    <p class='ocr_par' dir='ltr' id='par_1_4' title="bbox 330 1151 1569 1252">
     <span class='ocr_line' id='line_1_4' title="bbox 330 1151 1569 1252; baseline 0.012 -34"><span class='ocrx_word' id='word_1_19' title='bbox 330 1151 445 1238; x_wconf 82' lang='lat' dir='ltr'><strong>lingua</strong></span> <span class='ocrx_word' id='word_1_20' title='bbox 468 1158 519 1223; x_wconf 84' lang='lat' dir='ltr'><strong>cst</strong></span> <span class='ocrx_word' id='word_1_21' title='bbox 539 1156 759 1252; x_wconf 87' lang='lat' dir='ltr'><strong>inserendum,</strong></span> <span class='ocrx_word' id='word_1_22' title='bbox 784 1164 949 1245; x_wconf 87' lang='lat' dir='ltr'><strong>quatenus</strong></span> <span class='ocrx_word' id='word_1_23' title='bbox 964 1161 1093 1230; x_wconf 83' lang='lat' dir='ltr'><strong>ratione</strong></span> <span class='ocrx_word' id='word_1_24' title='bbox 1108 1163 1308 1231; x_wconf 87' lang='lat' dir='ltr'><strong>universalis</strong></span> <span class='ocrx_word' id='word_1_25' title='bbox 1324 1164 1469 1247; x_wconf 77' lang='lat' dir='ltr'><strong>Otacilii,</strong></span> <span class='ocrx_word' id='word_1_26' title='bbox 1493 1185 1569 1234; x_wconf 88' lang='grc'><strong>011111</strong></span> 
     </span>
    </p>

    <p class='ocr_par' dir='ltr' id='par_1_5' title="bbox 330 1258 1568 1445">
     <span class='ocr_line' id='line_1_5' title="bbox 330 1258 1568 1355; baseline 0.014 -31"><span class='ocrx_word' id='word_1_27' title='bbox 330 1258 539 1330; x_wconf 78' lang='lat' dir='ltr'><strong>sanctissimi</strong></span> <span class='ocrx_word' id='word_1_28' title='bbox 570 1263 698 1331; x_wconf 83' lang='lat' dir='ltr'><strong>Domini</strong></span> <span class='ocrx_word' id='word_1_29' title='bbox 729 1265 903 1334; x_wconf 78' lang='lat' dir='ltr'><strong>Clementis</strong></span> <span class='ocrx_word' id='word_1_30' title='bbox 928 1268 994 1335; x_wconf 84' lang='lat' dir='ltr'><strong>Vll.</strong></span> <span class='ocrx_word' id='word_1_31' title='bbox 1024 1269 1132 1353; x_wconf 88' lang='lat' dir='ltr'><strong>Papae</strong></span> <span class='ocrx_word' id='word_1_32' title='bbox 1161 1270 1282 1355; x_wconf 82' lang='lat' dir='ltr'><strong>legato</strong></span> <span class='ocrx_word' id='word_1_33' title='bbox 1312 1271 1346 1339; x_wconf 92' lang='lat' dir='ltr'><strong>in</strong></span> <span class='ocrx_word' id='word_1_34' title='bbox 1377 1274 1462 1341; x_wconf 87' lang='grc'><strong>1111110</strong></span> <span class='ocrx_word' id='word_1_35' title='bbox 1492 1291 1568 1341; x_wconf 87' lang='grc'><strong>5011-</strong></span> 
     </span>
     <span class='ocr_line' id='line_1_6' title="bbox 702 1376 1199 1445; baseline 0.008 -4"><span class='ocrx_word' id='word_1_36' title='bbox 702 1376 841 1442; x_wconf 87' lang='lat' dir='ltr'><strong>tentiam</strong></span> <span class='ocrx_word' id='word_1_37' title='bbox 866 1380 1063 1445; x_wconf 87' lang='lat' dir='ltr'><strong>conventum</strong></span> <span class='ocrx_word' id='word_1_38' title='bbox 1086 1376 1199 1445; x_wconf 87' lang='lat' dir='ltr'><strong>fuerit.</strong></span> 
     </span>
    </p>
   </div>
   <div class='ocr_carea' id='block_1_3' title="bbox 651 1506 1248 1692">
    <p class='ocr_par' dir='ltr' id='par_1_6' title="bbox 651 1506 1248 1692">
     <span class='ocr_line' id='line_1_7' title="bbox 651 1506 1248 1580; baseline 0.007 -16"><span class='ocrx_word' id='word_1_39' title='bbox 651 1506 752 1576; x_wconf 77' lang='lat' dir='ltr'><strong>(Atta</strong></span> <span class='ocrx_word' id='word_1_40' title='bbox 774 1506 1057 1569; x_wconf 69' lang='lat' dir='ltr'><strong>wormatiensis</strong></span> <span class='ocrx_word' id='word_1_41' title='bbox 1083 1507 1143 1567; x_wconf 83' lang='lat' dir='ltr'><strong>iol.</strong></span> <span class='ocrx_word' id='word_1_42' title='bbox 1169 1508 1248 1580; x_wconf 77' lang='grc'><strong>119.)</strong></span> 
     </span>
     <span class='ocr_line' id='line_1_8' title="bbox 778 1624 1120 1692; baseline 0.015 -17"><span class='ocrx_word' id='word_1_43' title='bbox 778 1624 886 1692; x_wconf 83' lang='lat' dir='ltr'><strong>(Mense</strong></span> <span class='ocrx_word' id='word_1_44' title='bbox 905 1628 1009 1692; x_wconf 88' lang='lat' dir='ltr'><strong>Aprilis</strong></span> <span class='ocrx_word' id='word_1_45' title='bbox 1032 1628 1120 1691; x_wconf 78' lang='lat'>1524.)</span> 
     </span>
    </p>
   </div>
   <div class='ocr_carea' id='block_1_4' title="bbox 305 1755 1593 4953">
    <p class='ocr_par' dir='ltr' id='par_1_7' title="bbox 305 1755 1593 4953">
     <span class='ocr_line' id='line_1_9' title="bbox 399 1755 1593 1842; baseline 0.012 -26"><span class='ocrx_word' id='word_1_46' title='bbox 399 1802 428 1817; x_wconf 85' lang='lat'><strong>..</strong></span> <span class='ocrx_word' id='word_1_47' title='bbox 446 1804 453 1818; x_wconf 91' lang='lat'><strong>.</strong></span> <span class='ocrx_word' id='word_1_48' title='bbox 470 1804 477 1818; x_wconf 92' lang='lat'><strong>.</strong></span> <span class='ocrx_word' id='word_1_49' title='bbox 494 1755 607 1837; x_wconf 84' lang='lat' dir='ltr'><strong>Quam</strong></span> <span class='ocrx_word' id='word_1_50' title='bbox 625 1757 770 1840; x_wconf 87' lang='lat' dir='ltr'><strong>insuper</strong></span> <span class='ocrx_word' id='word_1_51' title='bbox 784 1759 926 1842; x_wconf 85' lang='lat' dir='ltr'><strong>prefata</strong></span> <span class='ocrx_word' id='word_1_52' title='bbox 942 1770 1065 1825; x_wconf 90' lang='lat' dir='ltr'><strong>nostra</strong></span> <span class='ocrx_word' id='word_1_53' title='bbox 1078 1762 1262 1825; x_wconf 87' lang='lat' dir='ltr'><strong>instructio</strong></span> <span class='ocrx_word' id='word_1_54' title='bbox 1279 1762 1409 1842; x_wconf 89' lang='lat' dir='ltr'><strong>Joanni</strong></span> <span class='ocrx_word' id='word_1_55' title='bbox 1426 1763 1593 1830; x_wconf 88' lang='lat' dir='ltr'><strong>Hannart</strong></span> 
     </span>
     <span class='ocr_line' id='line_1_10' title="bbox 309 1859 1591 1950; baseline 0.011 -28"><span class='ocrx_word' id='word_1_56' title='bbox 309 1859 453 1925; x_wconf 90' lang='lat' dir='ltr'><strong>Oratori</strong></span> <span class='ocrx_word' id='word_1_57' title='bbox 476 1874 597 1928; x_wconf 90' lang='lat' dir='ltr'><strong>nostro</strong></span> <span class='ocrx_word' id='word_1_58' title='bbox 621 1867 667 1928; x_wconf 89' lang='lat' dir='ltr'><strong>ad</strong></span> <span class='ocrx_word' id='word_1_59' title='bbox 690 1867 782 1930; x_wconf 91' lang='lat' dir='ltr'><strong>hanc</strong></span> <span class='ocrx_word' id='word_1_60' title='bbox 807 1867 1031 1950; x_wconf 89' lang='lat' dir='ltr'><strong>Imperialem</strong></span> <span class='ocrx_word' id='word_1_61' title='bbox 1048 1868 1213 1933; x_wconf 91' lang='lat' dir='ltr'><strong>Diaetam</strong></span> <span class='ocrx_word' id='word_1_62' title='bbox 1237 1870 1322 1933; x_wconf 90' lang='lat' dir='ltr'><strong>data</strong></span> <span class='ocrx_word' id='word_1_63' title='bbox 1345 1870 1437 1935; x_wconf 89' lang='lat' dir='ltr'><strong>inter</strong></span> <span class='ocrx_word' id='word_1_64' title='bbox 1460 1871 1532 1935; x_wconf 92' lang='lat' dir='ltr'><strong>alia</strong></span> <span class='ocrx_word' id='word_1_65' title='bbox 1555 1873 1591 1936; x_wconf 92' lang='lat' dir='ltr'><strong>in</strong></span> 
     </span>
     <span class='ocr_line' id='line_1_11' title="bbox 308 1971 1592 2059; baseline 0.01 -29"><span class='ocrx_word' id='word_1_66' title='bbox 308 1988 346 2030; x_wconf 89' lang='lat' dir='ltr'><strong>se</strong></span> <span class='ocrx_word' id='word_1_67' title='bbox 371 1971 630 2052; x_wconf 87' lang='lat' dir='ltr'><strong>complectitur:</strong></span> <span class='ocrx_word' id='word_1_68' title='bbox 656 1973 730 2035; x_wconf 89' lang='lat' dir='ltr'><strong>Nos</strong></span> <span class='ocrx_word' id='word_1_69' title='bbox 754 1994 818 2056; x_wconf 90' lang='lat' dir='ltr'><strong>spe</strong></span> <span class='ocrx_word' id='word_1_70' title='bbox 842 1976 939 2038; x_wconf 91' lang='lat' dir='ltr'><strong>bona</strong></span> <span class='ocrx_word' id='word_1_71' title='bbox 965 1975 1091 2039; x_wconf 87' lang='lat' dir='ltr'><strong>ductos</strong></span> <span class='ocrx_word' id='word_1_72' title='bbox 1115 1977 1175 2057; x_wconf 93' lang='lat' dir='ltr'><strong>qui</strong></span> <span class='ocrx_word' id='word_1_73' title='bbox 1192 1973 1294 2039; x_wconf 86' lang='lat' dir='ltr'><strong>Sacri</strong></span> <span class='ocrx_word' id='word_1_74' title='bbox 1310 1976 1453 2059; x_wconf 87' lang='lat' dir='ltr'><strong>imperii</strong></span> <span class='ocrx_word' id='word_1_75' title='bbox 1477 1987 1592 2043; x_wconf 86' lang='lat' dir='ltr'><strong>status</strong></span> 
     </span>
     <span class='ocr_line' id='line_1_12' title="bbox 308 2078 1591 2165; baseline 0.012 -29"><span class='ocrx_word' id='word_1_76' title='bbox 308 2085 488 2158; x_wconf 84' lang='lat' dir='ltr'><strong>tamquam</strong></span> <span class='ocrx_word' id='word_1_77' title='bbox 512 2087 657 2142; x_wconf 90' lang='lat' dir='ltr'><strong>sanctae</strong></span> <span class='ocrx_word' id='word_1_78' title='bbox 681 2078 766 2144; x_wconf 88' lang='lat' dir='ltr'><strong>fidei</strong></span> <span class='ocrx_word' id='word_1_79' title='bbox 790 2080 1012 2161; x_wconf 78' lang='grc' dir='ltr'><strong>1101011501οε,</strong></span> <span class='ocrx_word' id='word_1_80' title='bbox 1037 2092 1072 2145; x_wconf 86' lang='grc'><strong>00</strong></span> <span class='ocrx_word' id='word_1_81' title='bbox 1095 2093 1319 2165; x_wconf 87' lang='lat' dir='ltr'><strong>protectores</strong></span> <span class='ocrx_word' id='word_1_82' title='bbox 1342 2087 1510 2149; x_wconf 88' lang='lat' dir='ltr'><strong>mandato</strong></span> <span class='ocrx_word' id='word_1_83' title='bbox 1532 2108 1591 2151; x_wconf 90' lang='lat' dir='ltr'><strong>no·</strong></span> 
     </span>
     <span class='ocr_line' id='line_1_13' title="bbox 308 2182 1590 2277; baseline 0.011 -33"><span class='ocrx_word' id='word_1_84' title='bbox 308 2189 382 2244; x_wconf 91' lang='lat' dir='ltr'><strong>stro</strong></span> <span class='ocrx_word' id='word_1_85' title='bbox 398 2182 441 2245; x_wconf 92' lang='lat' dir='ltr'><strong>de</strong></span> <span class='ocrx_word' id='word_1_86' title='bbox 457 2203 633 2249; x_wconf 87' lang='lat' dir='ltr'><strong>consensu</strong></span> <span class='ocrx_word' id='word_1_87' title='bbox 647 2186 860 2267; x_wconf 90' lang='lat' dir='ltr'><strong>Electorum,</strong></span> <span class='ocrx_word' id='word_1_88' title='bbox 888 2188 1100 2270; x_wconf 82' lang='lat' dir='ltr'><strong>Principum,</strong></span> <span class='ocrx_word' id='word_1_89' title='bbox 1125 2190 1380 2273; x_wconf 89' lang='lat' dir='ltr'><strong>Praelatorum,</strong></span> <span class='ocrx_word' id='word_1_90' title='bbox 1405 2191 1590 2277; x_wconf 85' lang='lat' dir='ltr'><strong>Comitum,</strong></span> 
     </span>
     <span class='ocr_line' id='line_1_14' title="bbox 309 2288 1589 2384; baseline 0.013 -35"><span class='ocrx_word' id='word_1_91' title='bbox 309 2297 345 2350; x_wconf 90' lang='lat' dir='ltr'><strong>et</strong></span> <span class='ocrx_word' id='word_1_92' title='bbox 368 2288 516 2354; x_wconf 86' lang='lat' dir='ltr'><strong>aliorum</strong></span> <span class='ocrx_word' id='word_1_93' title='bbox 540 2302 693 2357; x_wconf 88' lang='lat' dir='ltr'><strong>statuum</strong></span> <span class='ocrx_word' id='word_1_94' title='bbox 708 2294 930 2359; x_wconf 88' lang='lat' dir='ltr'><strong>Wormatiae</strong></span> <span class='ocrx_word' id='word_1_95' title='bbox 955 2306 1118 2359; x_wconf 89' lang='lat' dir='ltr'><strong>emanato</strong></span> <span class='ocrx_word' id='word_1_96' title='bbox 1144 2299 1355 2364; x_wconf 84' lang='lat' dir='ltr'><strong>obedienter</strong></span> <span class='ocrx_word' id='word_1_97' title='bbox 1377 2300 1589 2384; x_wconf 87' lang='lat' dir='ltr'><strong>paruissent,</strong></span> 
     </span>
     <span class='ocr_line' id='line_1_15' title="bbox 310 2396 1589 2490; baseline 0.011 -32"><span class='ocrx_word' id='word_1_98' title='bbox 310 2404 345 2459; x_wconf 90' lang='lat' dir='ltr'><strong>et</strong></span> <span class='ocrx_word' id='word_1_99' title='bbox 368 2396 632 2482; x_wconf 83' lang='lat' dir='ltr'><strong>satisfecissent,</strong></span> <span class='ocrx_word' id='word_1_100' title='bbox 658 2423 700 2466; x_wconf 91' lang='lat' dir='ltr'><strong>ac</strong></span> <span class='ocrx_word' id='word_1_101' title='bbox 723 2402 811 2466; x_wconf 91' lang='lat' dir='ltr'><strong>iilud</strong></span> <span class='ocrx_word' id='word_1_102' title='bbox 834 2403 929 2467; x_wconf 91' lang='lat' dir='ltr'><strong>idem</strong></span> <span class='ocrx_word' id='word_1_103' title='bbox 948 2401 1262 2488; x_wconf 82' lang='lat' dir='ltr'><strong>manutenuissent,</strong></span> <span class='ocrx_word' id='word_1_104' title='bbox 1286 2406 1333 2469; x_wconf 90' lang='lat' dir='ltr'><strong>Et</strong></span> <span class='ocrx_word' id='word_1_105' title='bbox 1356 2427 1469 2471; x_wconf 79' lang='lat' dir='ltr'><strong>exeo</strong></span> <span class='ocrx_word' id='word_1_106' title='bbox 1494 2410 1589 2490; x_wconf 90' lang='lat' dir='ltr'><strong>quod</strong></span> 
     </span>
     <span class='ocr_line' id='line_1_16' title="bbox 308 2504 1584 2591; baseline 0.01 -25"><span class='ocrx_word' id='word_1_107' title='bbox 308 2504 483 2586; x_wconf 88' lang='lat' dir='ltr'><strong>promissa</strong></span> <span class='ocrx_word' id='word_1_108' title='bbox 513 2507 709 2589; x_wconf 87' lang='lat' dir='ltr'><strong>adimplere</strong></span> <span class='ocrx_word' id='word_1_109' title='bbox 742 2512 999 2591; x_wconf 81' lang='lat' dir='ltr'><strong>neglexerunt,</strong></span> <span class='ocrx_word' id='word_1_110' title='bbox 1034 2532 1106 2575; x_wconf 91' lang='lat' dir='ltr'><strong>non</strong></span> <span class='ocrx_word' id='word_1_111' title='bbox 1137 2512 1311 2576; x_wconf 86' lang='lat' dir='ltr'><strong>modicam</strong></span> <span class='ocrx_word' id='word_1_112' title='bbox 1343 2515 1480 2578; x_wconf 90' lang='lat' dir='ltr'><strong>ratione</strong></span> <span class='ocrx_word' id='word_1_113' title='bbox 1505 2515 1584 2579; x_wconf 90' lang='lat' dir='ltr'><strong>Rei·</strong></span> 
     </span>
     <span class='ocr_line' id='line_1_17' title="bbox 308 2611 1587 2704; baseline 0.009 -31"><span class='ocrx_word' id='word_1_114' title='bbox 308 2611 473 2694; x_wconf 89' lang='lat' dir='ltr'><strong>publicae</strong></span> <span class='ocrx_word' id='word_1_115' title='bbox 497 2613 719 2680; x_wconf 90' lang='lat' dir='ltr'><strong>Christianae</strong></span> <span class='ocrx_word' id='word_1_116' title='bbox 743 2626 779 2681; x_wconf 89' lang='lat' dir='ltr'><strong>et</strong></span> <span class='ocrx_word' id='word_1_117' title='bbox 802 2618 911 2681; x_wconf 90' lang='lat' dir='ltr'><strong>totius</strong></span> <span class='ocrx_word' id='word_1_118' title='bbox 935 2618 1169 2683; x_wconf 85' lang='lat' dir='ltr'><strong>Germanicae</strong></span> <span class='ocrx_word' id='word_1_119' title='bbox 1194 2619 1357 2684; x_wconf 89' lang='lat' dir='ltr'><strong>Nationis</strong></span> <span class='ocrx_word' id='word_1_120' title='bbox 1380 2622 1587 2704; x_wconf 85' lang='lat' dir='ltr'><strong>molestiam,</strong></span> 
     </span>
     <span class='ocr_line' id='line_1_18' title="bbox 308 2718 1587 2810; baseline 0.009 -30"><span class='ocrx_word' id='word_1_121' title='bbox 308 2728 344 2781; x_wconf 91' lang='lat' dir='ltr'><strong>et</strong></span> <span class='ocrx_word' id='word_1_122' title='bbox 368 2718 626 2802; x_wconf 86' lang='lat' dir='ltr'><strong>displicentiam</strong></span> <span class='ocrx_word' id='word_1_123' title='bbox 652 2724 877 2807; x_wconf 88' lang='lat' dir='ltr'><strong>concepisse;</strong></span> <span class='ocrx_word' id='word_1_124' title='bbox 904 2734 1118 2808; x_wconf 89' lang='lat' dir='ltr'><strong>eapropter</strong></span> <span class='ocrx_word' id='word_1_125' title='bbox 1142 2726 1366 2808; x_wconf 91' lang='lat' dir='ltr'><strong>desiderium,</strong></span> <span class='ocrx_word' id='word_1_126' title='bbox 1392 2739 1427 2791; x_wconf 91' lang='lat' dir='ltr'><strong>et</strong></span> <span class='ocrx_word' id='word_1_127' title='bbox 1451 2727 1587 2810; x_wconf 86' lang='lat' dir='ltr'><strong>petitio·</strong></span> 
     </span>
     <span class='ocr_line' id='line_1_19' title="bbox 308 2830 1588 2917; baseline 0.008 -29"><span class='ocrx_word' id='word_1_128' title='bbox 308 2846 388 2890; x_wconf 89' lang='lat' dir='ltr'><strong>nem</strong></span> <span class='ocrx_word' id='word_1_129' title='bbox 407 2837 579 2897; x_wconf 60' lang='lat' dir='ltr'><strong>,nostram</strong></span> <span class='ocrx_word' id='word_1_130' title='bbox 613 2830 740 2894; x_wconf 89' lang='lat' dir='ltr'><strong>iterum</strong></span> <span class='ocrx_word' id='word_1_131' title='bbox 775 2852 818 2895; x_wconf 91' lang='grc' dir='ltr'>οο</span> <span class='ocrx_word' id='word_1_132' title='bbox 852 2832 1121 2914; x_wconf 89' lang='lat' dir='ltr'><strong>collocavimus,</strong></span> <span class='ocrx_word' id='word_1_133' title='bbox 1156 2844 1196 2897; x_wconf 90' lang='lat' dir='ltr'><strong>ut</strong></span> <span class='ocrx_word' id='word_1_134' title='bbox 1227 2833 1342 2917; x_wconf 92' lang='lat' dir='ltr'><strong>quivis</strong></span> <span class='ocrx_word' id='word_1_135' title='bbox 1374 2834 1588 2917; x_wconf 89' lang='lat' dir='ltr'><strong>Electorum,</strong></span> 
     </span>
     <span class='ocr_line' id='line_1_20' title="bbox 307 2932 1587 3026; baseline 0.008 -31"><span class='ocrx_word' id='word_1_136' title='bbox 307 2932 528 3017; x_wconf 87' lang='lat' dir='ltr'><strong>Principum,</strong></span> <span class='ocrx_word' id='word_1_137' title='bbox 554 2937 816 3017; x_wconf 88' lang='lat' dir='ltr'><strong>Praelatorum,</strong></span> <span class='ocrx_word' id='word_1_138' title='bbox 841 2937 1033 3020; x_wconf 90' lang='lat' dir='ltr'><strong>Comitum,</strong></span> <span class='ocrx_word' id='word_1_139' title='bbox 1058 2948 1094 3003; x_wconf 93' lang='lat' dir='ltr'><strong>et</strong></span> <span class='ocrx_word' id='word_1_140' title='bbox 1117 2938 1294 3022; x_wconf 91' lang='lat' dir='ltr'><strong>Statuum,</strong></span> <span class='ocrx_word' id='word_1_141' title='bbox 1320 2961 1387 3023; x_wconf 90' lang='lat' dir='ltr'><strong>per</strong></span> <span class='ocrx_word' id='word_1_142' title='bbox 1409 2961 1449 3004; x_wconf 91' lang='lat' dir='ltr'><strong>se</strong></span> <span class='ocrx_word' id='word_1_143' title='bbox 1473 2941 1587 3026; x_wconf 87' lang='lat' dir='ltr'><strong>ipsum</strong></span> 
     </span>
     <span class='ocr_line' id='line_1_21' title="bbox 309 3044 1587 3131; baseline 0.006 -28"><span class='ocrx_word' id='word_1_144' title='bbox 309 3051 344 3104; x_wconf 92' lang='lat' dir='ltr'><strong>et</strong></span> <span class='ocrx_word' id='word_1_145' title='bbox 377 3044 473 3124; x_wconf 87' lang='lat' dir='ltr'><strong>apud</strong></span> <span class='ocrx_word' id='word_1_146' title='bbox 505 3044 667 3108; x_wconf 89' lang='lat' dir='ltr'><strong>subditos</strong></span> <span class='ocrx_word' id='word_1_147' title='bbox 690 3065 773 3108; x_wconf 91' lang='lat' dir='ltr'><strong>suos</strong></span> <span class='ocrx_word' id='word_1_148' title='bbox 796 3055 955 3127; x_wconf 86' lang='lat' dir='ltr'><strong>curaret,</strong></span> <span class='ocrx_word' id='word_1_149' title='bbox 992 3056 1028 3109; x_wconf 89' lang='lat' dir='ltr'><strong>et</strong></span> <span class='ocrx_word' id='word_1_150' title='bbox 1051 3046 1228 3129; x_wconf 87' lang='lat' dir='ltr'><strong>efficeret,</strong></span> <span class='ocrx_word' id='word_1_151' title='bbox 1264 3049 1360 3130; x_wconf 88' lang='lat' dir='ltr'><strong>quod</strong></span> <span class='ocrx_word' id='word_1_152' title='bbox 1391 3048 1587 3131; x_wconf 84' lang='lat' dir='ltr'><strong>hujusmodi</strong></span> 
     </span>
     <span class='ocr_line' id='line_1_22' title="bbox 308 3151 1586 3236; baseline 0.006 -24"><span class='ocrx_word' id='word_1_153' title='bbox 308 3159 428 3213; x_wconf 90' lang='lat' dir='ltr'><strong>nostro</strong></span> <span class='ocrx_word' id='word_1_154' title='bbox 463 3151 631 3215; x_wconf 89' lang='lat' dir='ltr'><strong>mandato</strong></span> <span class='ocrx_word' id='word_1_155' title='bbox 655 3152 911 3217; x_wconf 90' lang='lat' dir='ltr'><strong>Wormatiensi</strong></span> <span class='ocrx_word' id='word_1_156' title='bbox 941 3153 1113 3236; x_wconf 88' lang='lat' dir='ltr'><strong>deinceps</strong></span> <span class='ocrx_word' id='word_1_157' title='bbox 1145 3155 1260 3218; x_wconf 89' lang='lat' dir='ltr'><strong>adhuc</strong></span> <span class='ocrx_word' id='word_1_158' title='bbox 1285 3154 1495 3220; x_wconf 87' lang='lat' dir='ltr'><strong>obedienter</strong></span> <span class='ocrx_word' id='word_1_159' title='bbox 1527 3160 1586 3220; x_wconf 91' lang='lat' dir='ltr'><strong>ob·</strong></span> 
     </span>
     <span class='ocr_line' id='line_1_23' title="bbox 308 3255 1586 3345; baseline 0.005 -25"><span class='ocrx_word' id='word_1_160' title='bbox 308 3267 582 3340; x_wconf 87' lang='lat' dir='ltr'><strong>temperaretur,</strong></span> <span class='ocrx_word' id='word_1_161' title='bbox 606 3260 705 3323; x_wconf 90' lang='lat' dir='ltr'><strong>cuius</strong></span> <span class='ocrx_word' id='word_1_162' title='bbox 730 3258 953 3324; x_wconf 88' lang='lat' dir='ltr'><strong>occasionem</strong></span> <span class='ocrx_word' id='word_1_163' title='bbox 978 3261 1024 3323; x_wconf 90' lang='lat' dir='ltr'><strong>ad</strong></span> <span class='ocrx_word' id='word_1_164' title='bbox 1047 3255 1246 3343; x_wconf 89' lang='lat' dir='ltr'><strong>hujusmodi</strong></span> <span class='ocrx_word' id='word_1_165' title='bbox 1269 3272 1426 3326; x_wconf 90' lang='lat' dir='ltr'><strong>nostram</strong></span> <span class='ocrx_word' id='word_1_166' title='bbox 1449 3264 1586 3345; x_wconf 89' lang='lat' dir='ltr'><strong>petitio·</strong></span> 
     </span>
     <span class='ocr_line' id='line_1_24' title="bbox 308 3366 1586 3452; baseline 0.005 -26"><span class='ocrx_word' id='word_1_167' title='bbox 308 3384 398 3446; x_wconf 91' lang='lat' dir='ltr'><strong>nem,</strong></span> <span class='ocrx_word' id='word_1_168' title='bbox 424 3375 459 3429; x_wconf 92' lang='lat' dir='ltr'><strong>et</strong></span> <span class='ocrx_word' id='word_1_169' title='bbox 483 3366 711 3448; x_wconf 88' lang='lat' dir='ltr'><strong>desiderium,</strong></span> <span class='ocrx_word' id='word_1_170' title='bbox 736 3366 847 3430; x_wconf 89' lang='lat' dir='ltr'><strong>nostri</strong></span> <span class='ocrx_word' id='word_1_171' title='bbox 871 3376 906 3430; x_wconf 91' lang='lat' dir='ltr'><strong>et</strong></span> <span class='ocrx_word' id='word_1_172' title='bbox 930 3366 1021 3431; x_wconf 90' lang='lat' dir='ltr'><strong>sacri</strong></span> <span class='ocrx_word' id='word_1_173' title='bbox 1045 3368 1202 3431; x_wconf 89' lang='lat' dir='ltr'><strong>Romani</strong></span> <span class='ocrx_word' id='word_1_174' title='bbox 1225 3367 1370 3450; x_wconf 88' lang='lat' dir='ltr'><strong>imperii</strong></span> <span class='ocrx_word' id='word_1_175' title='bbox 1393 3369 1586 3452; x_wconf 87' lang='lat' dir='ltr'><strong>Electores,</strong></span> 
     </span>
     <span class='ocr_line' id='line_1_25' title="bbox 308 3471 1584 3557; baseline 0.003 -23"><span class='ocrx_word' id='word_1_176' title='bbox 308 3471 505 3557; x_wconf 84' lang='lat' dir='ltr'><strong>Principes,</strong></span> <span class='ocrx_word' id='word_1_177' title='bbox 529 3474 698 3556; x_wconf 91' lang='lat' dir='ltr'><strong>Praelati,</strong></span> <span class='ocrx_word' id='word_1_178' title='bbox 722 3473 887 3555; x_wconf 89' lang='lat' dir='ltr'><strong>Comites,</strong></span> <span class='ocrx_word' id='word_1_179' title='bbox 914 3485 949 3537; x_wconf 90' lang='lat' dir='ltr'><strong>et</strong></span> <span class='ocrx_word' id='word_1_180' title='bbox 973 3495 1176 3539; x_wconf 91' lang='lat' dir='ltr'><strong>communes</strong></span> <span class='ocrx_word' id='word_1_181' title='bbox 1200 3484 1312 3538; x_wconf 89' lang='lat' dir='ltr'><strong>status</strong></span> <span class='ocrx_word' id='word_1_182' title='bbox 1335 3475 1428 3539; x_wconf 87' lang='lat' dir='ltr'><strong>inter</strong></span> <span class='ocrx_word' id='word_1_183' title='bbox 1452 3497 1490 3541; x_wconf 89' lang='lat' dir='ltr'><strong>se</strong></span> <span class='ocrx_word' id='word_1_184' title='bbox 1507 3496 1584 3540; x_wconf 93' lang='lat' dir='ltr'><strong>con·</strong></span> 
     </span>
     <span class='ocr_line' id='line_1_26' title="bbox 307 3581 1585 3662; baseline 0.003 -21"><span class='ocrx_word' id='word_1_185' title='bbox 307 3581 509 3662; x_wconf 90' lang='lat' dir='ltr'><strong>cordarunt,</strong></span> <span class='ocrx_word' id='word_1_186' title='bbox 534 3592 570 3646; x_wconf 90' lang='lat' dir='ltr'><strong>et</strong></span> <span class='ocrx_word' id='word_1_187' title='bbox 593 3583 843 3645; x_wconf 88' lang='lat' dir='ltr'><strong>concluserunt</strong></span> <span class='ocrx_word' id='word_1_188' title='bbox 867 3602 905 3644; x_wconf 89' lang='lat' dir='ltr'><strong>se</strong></span> <span class='ocrx_word' id='word_1_189' title='bbox 929 3583 1023 3644; x_wconf 88' lang='lat' dir='ltr'><strong>velle</strong></span> <span class='ocrx_word' id='word_1_190' title='bbox 1047 3582 1142 3644; x_wconf 91' lang='lat' dir='ltr'><strong>dicto</strong></span> <span class='ocrx_word' id='word_1_191' title='bbox 1166 3592 1288 3645; x_wconf 91' lang='lat' dir='ltr'><strong>nostro</strong></span> <span class='ocrx_word' id='word_1_192' title='bbox 1313 3583 1480 3645; x_wconf 88' lang='lat' dir='ltr'><strong>mandato</strong></span> <span class='ocrx_word' id='word_1_193' title='bbox 1504 3584 1585 3645; x_wconf 90' lang='lat' dir='ltr'><strong>obe·</strong></span> 
     </span>
     <span class='ocr_line' id='line_1_27' title="bbox 308 3688 1585 3773; baseline 0.001 -23"><span class='ocrx_word' id='word_1_194' title='bbox 308 3688 447 3752; x_wconf 90' lang='lat' dir='ltr'><strong>dienter</strong></span> <span class='ocrx_word' id='word_1_195' title='bbox 482 3689 790 3773; x_wconf 83' lang='lat' dir='ltr'><strong>(quemadmodum</strong></span> <span class='ocrx_word' id='word_1_196' title='bbox 823 3697 859 3752; x_wconf 90' lang='lat' dir='ltr'><strong>et</strong></span> <span class='ocrx_word' id='word_1_197' title='bbox 888 3688 935 3751; x_wconf 87' lang='lat' dir='ltr'><strong>ad</strong></span> <span class='ocrx_word' id='word_1_198' title='bbox 959 3688 996 3750; x_wconf 93' lang='lat' dir='ltr'><strong>id</strong></span> <span class='ocrx_word' id='word_1_199' title='bbox 1028 3710 1067 3752; x_wconf 88' lang='lat' dir='ltr'><strong>se</strong></span> <span class='ocrx_word' id='word_1_200' title='bbox 1091 3688 1270 3770; x_wconf 84' lang='lat' dir='ltr'><strong>obligatos</strong></span> <span class='ocrx_word' id='word_1_201' title='bbox 1303 3708 1382 3752; x_wconf 86' lang='lat' dir='ltr'><strong>esse</strong></span> <span class='ocrx_word' id='word_1_202' title='bbox 1414 3708 1585 3771; x_wconf 80' lang='lat' dir='ltr'><strong>recogno·</strong></span> 
     </span>
     <span class='ocr_line' id='line_1_28' title="bbox 307 3795 1586 3878; baseline -0.002 -19"><span class='ocrx_word' id='word_1_203' title='bbox 307 3796 424 3878; x_wconf 88' lang='lat' dir='ltr'><strong>scunt)</strong></span> <span class='ocrx_word' id='word_1_204' title='bbox 447 3817 513 3878; x_wconf 92' lang='lat' dir='ltr'><strong>pro</strong></span> <span class='ocrx_word' id='word_1_205' title='bbox 537 3795 630 3859; x_wconf 86' lang='lat' dir='ltr'><strong>virili</strong></span> <span class='ocrx_word' id='word_1_206' title='bbox 653 3818 733 3876; x_wconf 89' lang='lat' dir='ltr'><strong>sua,</strong></span> <span class='ocrx_word' id='word_1_207' title='bbox 770 3807 805 3858; x_wconf 91' lang='lat' dir='ltr'><strong>et</strong></span> <span class='ocrx_word' id='word_1_208' title='bbox 828 3796 864 3859; x_wconf 92' lang='lat' dir='ltr'><strong>in</strong></span> <span class='ocrx_word' id='word_1_209' title='bbox 888 3805 1059 3878; x_wconf 90' lang='lat' dir='ltr'><strong>quantum</strong></span> <span class='ocrx_word' id='word_1_210' title='bbox 1082 3795 1253 3877; x_wconf 89' lang='lat' dir='ltr'><strong>possibile</strong></span> <span class='ocrx_word' id='word_1_211' title='bbox 1277 3795 1336 3874; x_wconf 92' lang='lat' dir='ltr'><strong>sit,</strong></span> <span class='ocrx_word' id='word_1_212' title='bbox 1371 3814 1515 3877; x_wconf 88' lang='lat' dir='ltr'><strong>parere,</strong></span> <span class='ocrx_word' id='word_1_213' title='bbox 1551 3804 1586 3858; x_wconf 89' lang='lat' dir='ltr'><strong>et</strong></span> 
     </span>
     <span class='ocr_line' id='line_1_29' title="bbox 305 3901 1585 3986; baseline -0.001 -21"><span class='ocrx_word' id='word_1_214' title='bbox 305 3902 392 3965; x_wconf 93' lang='lat' dir='ltr'><strong>illud</strong></span> <span class='ocrx_word' id='word_1_215' title='bbox 417 3903 614 3986; x_wconf 88' lang='lat' dir='ltr'><strong>adimplere</strong></span> <span class='ocrx_word' id='word_1_216' title='bbox 639 3913 674 3967; x_wconf 90' lang='lat' dir='ltr'><strong>et</strong></span> <span class='ocrx_word' id='word_1_217' title='bbox 698 3905 901 3965; x_wconf 88' lang='lat' dir='ltr'><strong>observare.</strong></span> <span class='ocrx_word' id='word_1_218' title='bbox 951 3903 1101 3984; x_wconf 85' lang='lat' dir='ltr'><strong>Aequo</strong></span> <span class='ocrx_word' id='word_1_219' title='bbox 1126 3901 1285 3983; x_wconf 86' lang='lat' dir='ltr'><strong>quelibet</strong></span> <span class='ocrx_word' id='word_1_220' title='bbox 1307 3910 1468 3985; x_wconf 89' lang='lat' dir='ltr'><strong>potestas</strong></span> <span class='ocrx_word' id='word_1_221' title='bbox 1491 3901 1585 3985; x_wconf 89' lang='lat' dir='ltr'><strong>apud</strong></span> 
     </span>
     <span class='ocr_line' id='line_1_30' title="bbox 305 4008 1585 4094; baseline -0.002 -21"><span class='ocrx_word' id='word_1_222' title='bbox 305 4011 588 4094; x_wconf 76' lang='lat' dir='ltr'><strong>TypographOS,</strong></span> <span class='ocrx_word' id='word_1_223' title='bbox 613 4031 675 4074; x_wconf 88' lang='lat' dir='ltr'><strong>seu</strong></span> <span class='ocrx_word' id='word_1_224' title='bbox 699 4009 950 4091; x_wconf 86' lang='lat' dir='ltr'><strong>impressorum</strong></span> <span class='ocrx_word' id='word_1_225' title='bbox 973 4009 1130 4090; x_wconf 89' lang='lat' dir='ltr'><strong>institas,</strong></span> <span class='ocrx_word' id='word_1_226' title='bbox 1155 4017 1192 4072; x_wconf 90' lang='lat' dir='ltr'><strong>et</strong></span> <span class='ocrx_word' id='word_1_227' title='bbox 1214 4009 1302 4073; x_wconf 90' lang='lat' dir='ltr'><strong>alias</strong></span> <span class='ocrx_word' id='word_1_228' title='bbox 1326 4008 1484 4090; x_wconf 89' lang='lat' dir='ltr'><strong>undique</strong></span> <span class='ocrx_word' id='word_1_229' title='bbox 1507 4028 1585 4091; x_wconf 90' lang='lat' dir='ltr'><strong>pro·</strong></span> 
     </span>
     <span class='ocr_line' id='line_1_31' title="bbox 306 4114 1585 4199; baseline -0.003 -18"><span class='ocrx_word' id='word_1_230' title='bbox 306 4116 435 4199; x_wconf 88' lang='lat' dir='ltr'><strong>spiciat</strong></span> <span class='ocrx_word' id='word_1_231' title='bbox 458 4117 670 4198; x_wconf 90' lang='lat' dir='ltr'><strong>necessario,</strong></span> <span class='ocrx_word' id='word_1_232' title='bbox 695 4125 730 4180; x_wconf 90' lang='lat' dir='ltr'><strong>et</strong></span> <span class='ocrx_word' id='word_1_233' title='bbox 753 4115 954 4199; x_wconf 87' lang='lat' dir='ltr'><strong>provideat,</strong></span> <span class='ocrx_word' id='word_1_234' title='bbox 978 4124 1018 4178; x_wconf 93' lang='lat' dir='ltr'><strong>ut</strong></span> <span class='ocrx_word' id='word_1_235' title='bbox 1041 4115 1211 4199; x_wconf 85' lang='lat' dir='ltr'><strong>deinceps</strong></span> <span class='ocrx_word' id='word_1_236' title='bbox 1234 4116 1362 4180; x_wconf 89' lang='lat' dir='ltr'><strong>famosi</strong></span> <span class='ocrx_word' id='word_1_237' title='bbox 1377 4114 1500 4197; x_wconf 90' lang='lat' dir='ltr'><strong>libelli,</strong></span> <span class='ocrx_word' id='word_1_238' title='bbox 1524 4135 1585 4178; x_wconf 93' lang='lat' dir='ltr'><strong>seu</strong></span> 
     </span>
     <span class='ocr_line' id='line_1_32' title="bbox 306 4222 1584 4306; baseline -0.002 -19"><span class='ocrx_word' id='word_1_239' title='bbox 306 4224 498 4288; x_wconf 90' lang='lat' dir='ltr'><strong>iniuriosae</strong></span> <span class='ocrx_word' id='word_1_240' title='bbox 529 4224 744 4306; x_wconf 89' lang='lat' dir='ltr'><strong>scripturae,</strong></span> <span class='ocrx_word' id='word_1_241' title='bbox 782 4231 818 4287; x_wconf 92' lang='lat' dir='ltr'><strong>et</strong></span> <span class='ocrx_word' id='word_1_242' title='bbox 847 4223 1008 4306; x_wconf 87' lang='lat' dir='ltr'><strong>picturae</strong></span> <span class='ocrx_word' id='word_1_243' title='bbox 1039 4223 1253 4286; x_wconf 88' lang='lat' dir='ltr'><strong>infuturum</strong></span> <span class='ocrx_word' id='word_1_244' title='bbox 1284 4222 1320 4287; x_wconf 92' lang='lat' dir='ltr'><strong>in</strong></span> <span class='ocrx_word' id='word_1_245' title='bbox 1351 4230 1463 4286; x_wconf 90' lang='lat' dir='ltr'><strong>totum</strong></span> <span class='ocrx_word' id='word_1_246' title='bbox 1493 4242 1584 4286; x_wconf 89' lang='lat' dir='ltr'><strong>amo·</strong></span> 
     </span>
     <span class='ocr_line' id='line_1_33' title="bbox 307 4329 1585 4413; baseline -0.002 -18"><span class='ocrx_word' id='word_1_247' title='bbox 307 4342 467 4411; x_wconf 87' lang='lat' dir='ltr'><strong>veantur,</strong></span> <span class='ocrx_word' id='word_1_248' title='bbox 496 4340 532 4395; x_wconf 91' lang='lat' dir='ltr'><strong>et</strong></span> <span class='ocrx_word' id='word_1_249' title='bbox 553 4329 703 4393; x_wconf 90' lang='lat' dir='ltr'><strong>ulterius</strong></span> <span class='ocrx_word' id='word_1_250' title='bbox 727 4351 797 4394; x_wconf 89' lang='grc'><strong>11011</strong></span> <span class='ocrx_word' id='word_1_251' title='bbox 822 4330 1061 4413; x_wconf 82' lang='lat' dir='ltr'><strong>divulgantur,</strong></span> <span class='ocrx_word' id='word_1_252' title='bbox 1085 4329 1160 4393; x_wconf 90' lang='lat' dir='ltr'><strong>sive</strong></span> <span class='ocrx_word' id='word_1_253' title='bbox 1185 4332 1392 4411; x_wconf 89' lang='lat' dir='ltr'><strong>dilatentur,</strong></span> <span class='ocrx_word' id='word_1_254' title='bbox 1420 4331 1585 4412; x_wconf 89' lang='lat' dir='ltr'><strong>quodque</strong></span> 
     </span>
     <span class='ocr_line' id='line_1_34' title="bbox 306 4436 1585 4519; baseline 0 -19"><span class='ocrx_word' id='word_1_255' title='bbox 306 4440 341 4501; x_wconf 92' lang='lat' dir='ltr'><strong>in</strong></span> <span class='ocrx_word' id='word_1_256' title='bbox 377 4449 558 4519; x_wconf 90' lang='lat' dir='ltr'><strong>posterum</strong></span> <span class='ocrx_word' id='word_1_257' title='bbox 594 4437 731 4501; x_wconf 90' lang='lat' dir='ltr'><strong>ratione</strong></span> <span class='ocrx_word' id='word_1_258' title='bbox 767 4437 1062 4501; x_wconf 83' lang='lat' dir='ltr'><strong>bibliothecarum</strong></span> <span class='ocrx_word' id='word_1_259' title='bbox 1104 4436 1205 4499; x_wconf 83' lang='lat' dir='ltr'><strong>iuxta</strong></span> <span class='ocrx_word' id='word_1_260' title='bbox 1238 4447 1399 4500; x_wconf 90' lang='lat' dir='ltr'><strong>tenorem</strong></span> <span class='ocrx_word' id='word_1_261' title='bbox 1433 4438 1585 4519; x_wconf 90' lang='lat' dir='ltr'><strong>predicti</strong></span> 
     </span>
     <span class='ocr_line' id='line_1_35' title="bbox 306 4543 1586 4626; baseline -0.002 -17"><span class='ocrx_word' id='word_1_262' title='bbox 306 4547 463 4610; x_wconf 90' lang='lat' dir='ltr'><strong>mandati</strong></span> <span class='ocrx_word' id='word_1_263' title='bbox 499 4545 610 4609; x_wconf 91' lang='lat' dir='ltr'><strong>nostri</strong></span> <span class='ocrx_word' id='word_1_264' title='bbox 645 4546 866 4609; x_wconf 86' lang='lat' dir='ltr'><strong>observetur.</strong></span> <span class='ocrx_word' id='word_1_265' title='bbox 914 4545 1049 4608; x_wconf 90' lang='lat' dir='ltr'><strong>Verum</strong></span> <span class='ocrx_word' id='word_1_266' title='bbox 1084 4543 1113 4606; x_wconf 92' lang='lat' dir='ltr'><strong>si</strong></span> <span class='ocrx_word' id='word_1_267' title='bbox 1146 4544 1310 4626; x_wconf 89' lang='lat' dir='ltr'><strong>cuiquam</strong></span> <span class='ocrx_word' id='word_1_268' title='bbox 1344 4543 1463 4625; x_wconf 90' lang='lat' dir='ltr'><strong>aliqua</strong></span> <span class='ocrx_word' id='word_1_269' title='bbox 1492 4544 1586 4607; x_wconf 89' lang='lat' dir='ltr'><strong>circa</strong></span> 
     </span>
     <span class='ocr_line' id='line_1_36' title="bbox 305 4648 1582 4736; baseline -0.002 -21"><span class='ocrx_word' id='word_1_270' title='bbox 305 4653 501 4736; x_wconf 89' lang='lat' dir='ltr'><strong>praemissa</strong></span> <span class='ocrx_word' id='word_1_271' title='bbox 532 4652 743 4736; x_wconf 81' lang='lat' dir='ltr'><strong>gravamina</strong></span> <span class='ocrx_word' id='word_1_272' title='bbox 774 4653 833 4715; x_wconf 89' lang='lat' dir='ltr'><strong>vel</strong></span> <span class='ocrx_word' id='word_1_273' title='bbox 856 4650 1110 4732; x_wconf 89' lang='lat' dir='ltr'><strong>impedimenta</strong></span> <span class='ocrx_word' id='word_1_274' title='bbox 1133 4651 1363 4730; x_wconf 89' lang='lat' dir='ltr'><strong>accederent,</strong></span> <span class='ocrx_word' id='word_1_275' title='bbox 1398 4651 1456 4713; x_wconf 91' lang='lat' dir='ltr'><strong>vel</strong></span> <span class='ocrx_word' id='word_1_276' title='bbox 1479 4648 1582 4713; x_wconf 85' lang='lat' dir='ltr'><strong>infer·</strong></span> 
     </span>
     <span class='ocr_line' id='line_1_37' title="bbox 305 4755 1584 4843; baseline -0.004 -19"><span class='ocrx_word' id='word_1_277' title='bbox 305 4770 438 4843; x_wconf 88' lang='lat' dir='ltr'><strong>rentur,</strong></span> <span class='ocrx_word' id='word_1_278' title='bbox 461 4761 492 4824; x_wconf 88' lang='lat' dir='ltr'><strong>is</strong></span> <span class='ocrx_word' id='word_1_279' title='bbox 516 4782 559 4825; x_wconf 92' lang='lat' dir='ltr'><strong>ea</strong></span> <span class='ocrx_word' id='word_1_280' title='bbox 582 4768 704 4824; x_wconf 91' lang='lat' dir='ltr'><strong>nostro</strong></span> <span class='ocrx_word' id='word_1_281' title='bbox 721 4757 992 4824; x_wconf 90' lang='lat' dir='ltr'><strong>Locumtenenti</strong></span> <span class='ocrx_word' id='word_1_282' title='bbox 1016 4766 1052 4820; x_wconf 91' lang='lat' dir='ltr'><strong>et</strong></span> <span class='ocrx_word' id='word_1_283' title='bbox 1074 4756 1238 4839; x_wconf 87' lang='lat' dir='ltr'><strong>regimini</strong></span> <span class='ocrx_word' id='word_1_284' title='bbox 1261 4755 1463 4840; x_wconf 81' lang='lat' dir='ltr'><strong>significare</strong></span> <span class='ocrx_word' id='word_1_285' title='bbox 1486 4765 1584 4838; x_wconf 90' lang='lat' dir='ltr'><strong>pote·</strong></span> 
     </span>
     <span class='ocr_line' id='line_1_38' title="bbox 305 4862 1583 4953; baseline -0.003 -22"><span class='ocrx_word' id='word_1_286' title='bbox 305 4868 368 4950; x_wconf 92' lang='lat' dir='ltr'><strong>rit,</strong></span> <span class='ocrx_word' id='word_1_287' title='bbox 393 4867 453 4953; x_wconf 91' lang='lat' dir='ltr'><strong>qui</strong></span> <span class='ocrx_word' id='word_1_288' title='bbox 476 4888 498 4931; x_wconf 91' lang='lat' dir='ltr'><strong>a</strong></span> <span class='ocrx_word' id='word_1_289' title='bbox 520 4867 634 4933; x_wconf 91' lang='lat' dir='ltr'><strong>Nobis</strong></span> <span class='ocrx_word' id='word_1_290' title='bbox 658 4865 941 4932; x_wconf 87' lang='lat' dir='ltr'><strong>commissionem</strong></span> <span class='ocrx_word' id='word_1_291' title='bbox 963 4866 1113 4947; x_wconf 89' lang='lat' dir='ltr'><strong>habent,</strong></span> <span class='ocrx_word' id='word_1_292' title='bbox 1138 4875 1267 4947; x_wconf 85' lang='lat' dir='ltr'><strong>prout</strong></span> <span class='ocrx_word' id='word_1_293' title='bbox 1291 4873 1327 4928; x_wconf 91' lang='lat' dir='ltr'><strong>et</strong></span> <span class='ocrx_word' id='word_1_294' title='bbox 1350 4862 1436 4947; x_wconf 89' lang='lat' dir='ltr'><strong>ipsis</strong></span> <span class='ocrx_word' id='word_1_295' title='bbox 1460 4872 1583 4928; x_wconf 89' lang='lat' dir='ltr'><strong>tenore</strong></span> 
     </span>
    </p>
   </div>
   <div class='ocr_carea' id='block_1_5' title="bbox 0 0 1784 5734">
    <p class='ocr_par' dir='ltr' id='par_1_8' title="bbox 0 0 1784 5734">
     <span class='ocr_line' id='line_1_39' title="bbox 0 0 1784 5734; baseline 0 2"><span class='ocrx_word' id='word_1_296' title='bbox 0 0 1784 5734; x_wconf 95' lang='lat' dir='ltr'><strong> </strong></span> 
     </span>
    </p>
   </div>
  </div>
 </body>
</html>
