3559 5734
725 539 1056 594 ·e<]92tss»0

300 681 449 763 dicitur),
475 679 508 743 i'v
531 679 647 762 κόνων,
671 684 766 748 idest
788 707 877 749 unus
902 686 1029 768 pulvis,
1054 686 1250 767 eademque
1267 684 1395 747 farina:
1432 684 1581 765 Nequic-

300 810 404 871 quam
430 789 614 874 Episcopi,
645 791 778 855 frustra
809 793 1036 875 presbisteri,
1068 794 1144 856 sine
1176 814 1282 855 causa
1313 792 1454 854 diaconi
1491 803 1582 855 sunt.

299 896 344 958 Et
377 896 471 960 idem
497 898 726 962 Beatissimus
757 901 811 963 vir
834 901 868 964 in
900 902 1044 983 dialogo
1069 899 1270 966 Orthodoxi
1296 908 1331 961 et
1355 897 1582 977 Luciferiani,

300 1004 482 1067 Ecclesiae
516 1003 655 1089 (inquit)
686 1009 781 1070 salus
806 1008 842 1070 in
867 1009 992 1071 summi
1017 1007 1213 1071 sacerdotis
1237 1006 1413 1089 dignitate
1437 1006 1583 1088 pendet,

300 1111 394 1174 cuini
410 1112 439 1174 si
456 1132 563 1175 exors
587 1115 762 1194 quaedam
787 1124 823 1178 et
846 1117 893 1177 ab
918 1115 1080 1179 omnibus
1105 1115 1263 1178 eminens
1286 1116 1391 1176 detur
1411 1122 1583 1195 potestas,

300 1229 353 1280 tot
376 1218 412 1281 in
437 1219 605 1283 Ecclesiis
630 1220 828 1285 efficientur
852 1223 1054 1303 schismata,
1079 1231 1165 1305 quot
1189 1223 1403 1286 sacerdotes

389 1328 521 1390 Restat
551 1327 659 1409 igitur
690 1339 728 1391 ut
765 1351 786 1392 a
821 1331 928 1393 meris
958 1330 1059 1393 laicis
1091 1341 1126 1393 et
1157 1330 1226 1392 illis
1256 1328 1409 1391 indoctis
1432 1326 1582 1390 iudicari

299 1432 474 1496 Martinus
498 1434 600 1516 velit,
626 1435 747 1518 eisque
771 1437 1010 1518 potissimum,
1043 1458 1132 1519 quos
1156 1435 1321 1499 Pontifici
1345 1446 1381 1497 et
1405 1435 1509 1497 Clero
1533 1433 1583 1495 in·

301 1540 412 1603 festos
442 1543 608 1604 reddidit.
656 1542 729 1607 Sed
760 1565 864 1608 nemo
896 1545 1056 1627 ignorat,
1090 1544 1150 1607 ubi
1181 1545 1226 1605 de
1254 1541 1429 1627 religione
1453 1539 1583 1623 agitur,

301 1668 417 1729 neque
447 1648 617 1712 laicorum
650 1671 766 1733 neque
792 1652 898 1715 etiam
923 1653 1179 1735 Imperatorum
1205 1670 1283 1713 esse
1304 1647 1483 1730 judicium.
1531 1644 1583 1708 Si·

301 1755 444 1835 quidem
469 1757 646 1820 Arcadius
663 1759 861 1841 Imperator
884 1761 951 1822 hoc
977 1761 1022 1822 ad
1037 1759 1235 1841 Episcopos
1259 1755 1415 1835 remittit,
1440 1763 1477 1816 ut
1494 1753 1582 1816 Con-

301 1863 474 1925 stantinus
499 1883 649 1945 magnus
673 1865 708 1927 in
733 1866 893 1930 Nicaena
917 1868 1077 1950 Synodo,
1110 1867 1155 1928 de
1180 1863 1334 1947 querelis
1359 1862 1584 1925 sacerdotum

301 1968 391 2032 dixit
415 1970 700 2035 manifestissime
720 1974 888 2050 judicium
914 1976 959 2035 ad
985 1994 1022 2037 se
1047 1994 1116 2036 non
1142 1981 1321 2055 spectare:
1359 1969 1457 2031 Idem
1477 1966 1583 2030 etiam

302 2078 499 2159 Imperator
523 2081 693 2143 adversus
717 2081 958 2144 Montensium
983 2080 1157 2143 haeresim
1181 2080 1227 2142 ad
1251 2078 1475 2159 Sylvestrum
1492 2074 1583 2135 Pon-

302 2184 442 2265 tificem,
468 2185 623 2248 Romam
648 2188 740 2251 misit
756 2187 961 2252 Rheticium
980 2189 1340 2270 Augustodunensem
1357 2182 1585 2265 Episcopum,

302 2301 339 2353 ut
362 2293 407 2352 ad
432 2293 639 2357 Marcellam
663 2292 914 2359 Sanctissimus
938 2296 1061 2358 scribit
1085 2297 1209 2358 doctor
1237 2292 1488 2371 Hieronymus.
1534 2288 1585 2348 At

301 2399 368 2460 iste
382 2402 498 2462 bonus
514 2400 647 2464 Luther
663 2412 700 2465 et
714 2425 752 2466 se
773 2403 1017 2466 adversarium
1035 2400 1217 2465 Pontificis
1241 2399 1340 2462 facit:
1366 2406 1401 2460 et
1425 2415 1505 2458 eum
1530 2413 1583 2455 su·

301 2507 406 2570 besse
430 2507 560 2570 iudicio
586 2509 753 2572 laicorum
777 2513 867 2574 vult:
894 2531 983 2593 quos
1007 2521 1125 2573 tamen
1146 2527 1325 2589 nunquam
1342 2502 1495 2586 putarim
1512 2511 1583 2563 tam

303 2613 446 2695 impios,
479 2626 515 2678 et
546 2626 618 2679 tam
650 2617 892 2699 impudentes,
924 2629 961 2680 ut
992 2617 1028 2680 id
1060 2617 1127 2680 sibi
1158 2622 1348 2679 assumant.
1395 2610 1470 2673 Sed
1497 2608 1583 2671 illud

302 2722 456 2784 maxime
480 2726 630 2804 optabat
644 2725 818 2787 Martinus
842 2727 888 2788 ad
914 2726 1067 2789 diaetam
1091 2725 1190 2787 salvo
1206 2722 1383 2785 conductu
1400 2717 1583 2793 accedere,

303 2837 341 2891 ut
372 2829 408 2890 in
439 2849 481 2892 ea
512 2831 646 2894 rabiem
678 2853 776 2895 suam
807 2843 843 2896 et
867 2853 1042 2896 venenum
1068 2831 1252 2894 effundere
1277 2828 1420 2909 impune
1444 2832 1581 2906 posset:

303 2948 338 2997 et
362 2956 406 2998 ea
427 2937 594 3018 opinione
616 2939 741 3002 relicta
765 2940 967 3019 discedere,
1004 2940 1104 3023 quasi
1128 2960 1149 3000 a
1174 2937 1328 3000 Caesare
1357 2943 1393 2997 et
1417 2954 1438 2994 a
1462 2949 1583 3013 proce-

304 3045 401 3105 ribus
425 3065 478 3123 ea,
503 3065 594 3126 quae
618 3047 767 3128 scripsit,
794 3057 915 3111 essent
937 3048 1149 3130 approbata.

394 3151 587 3215 Praeterea
625 3175 836 3235 quaeramus
876 3153 1004 3237 quibus
1043 3151 1248 3216 auctoribus
1287 3144 1450 3212 convinci
1487 3144 1584 3205 vult?

305 3256 437 3321 Omnes
461 3258 627 3323 scientias
651 3271 687 3324 et
710 3261 899 3324 facultates
923 3272 958 3324 et
982 3260 1092 3323 libros
1107 3259 1261 3321 damnat.
1304 3256 1351 3317 At
1367 3250 1585 3317 rationibus?

305 3365 363 3447 qui
387 3364 464 3428 fieri
488 3377 616 3447 potest,
642 3377 681 3430 ut
704 3370 777 3431 ulla
799 3368 937 3431 ratione
961 3368 1123 3430 vincatur
1148 3366 1207 3448 qui
1230 3376 1302 3427 tam
1328 3356 1586 3425 irrationabilia

305 3481 340 3534 et
368 3472 490 3535 scribit
520 3472 686 3537 etfacit?
734 3476 836 3538 Novo
861 3477 1095 3539 testamento?
1128 3474 1278 3556 primum
1302 3470 1338 3532 in
1364 3486 1457 3531 novo
1482 3475 1585 3527 testa-

305 3590 423 3641 mento
455 3600 524 3643 non
560 3581 676 3643 omnia
707 3582 840 3664 scripta
867 3594 963 3661 sunt,
997 3602 1089 3664 quae
1120 3601 1186 3664 pro
1219 3576 1432 3642 necessitate
1458 3590 1586 3647 rerum,

305 3697 520 3767 temporum,
553 3698 588 3749 et
621 3689 777 3752 locorum
803 3690 963 3753 Ecclesia
988 3688 1055 3752 Dei
1088 3687 1212 3771 spiritu
1236 3692 1432 3767 praeeunte
1456 3677 1586 3756 sanxit,

305 3803 341 3855 et
364 3796 535 3857 hactenus
559 3798 777 3879 observavit,
803 3818 894 3880 quae
923 3818 944 3860 a
968 3797 1122 3859 Martino
1146 3793 1361 3877 rejiciuntur.

413 3902 552 3964 Deinde
567 3902 601 3964 in
618 3904 683 3983 his,
701 3905 841 3986 quaein
856 3925 951 3968 novo
964 3913 1176 3967 testamento
1189 3903 1377 3975 habentur,
1395 3891 1585 3975 expositio-

306 4029 368 4071 nes
391 4009 546 4073 omnium
571 4012 726 4091 damnat,
751 4022 787 4074 et
810 4033 909 4074 suam
925 4012 1027 4074 unius
1044 4029 1164 4073 veram
1183 4028 1261 4071 esse
1275 4005 1423 4081 iactitat,
1448 4000 1586 4080 sibique

308 4116 366 4178 uni
383 4117 480 4179 credi
495 4120 582 4195 vult,
602 4119 660 4200 qui
676 4119 831 4200 reliquos
847 4139 971 4182 omnes
983 4118 1165 4180 falsidicos
1178 4126 1213 4179 et
1226 4113 1297 4177 fide
1309 4111 1477 4193 indignos
1491 4106 1586 4170 facit.

396 4223 581 4287 Postremo
592 4226 724 4307 passim
735 4226 858 4290 videre
870 4236 924 4288 est
935 4226 968 4288 in
980 4223 1125 4287 Lutberi
1137 4222 1287 4305 scriptiS,
1299 4220 1327 4282 si
1340 4219 1422 4301 quid
1435 4237 1481 4279 ex
1492 4234 1587 4278 novo

307 4331 535 4393 'sestamento
556 4332 694 4413 citatur,
720 4335 813 4415 quod
831 4343 955 4396 contra
972 4333 1086 4414 ipsum
1104 4330 1221 4406 faciat,
1246 4327 1364 4390 statim
1381 4325 1499 4387 dicere
1516 4319 1586 4385 illic

308 4458 386 4501 esse
400 4438 601 4501 deliratum:
618 4439 719 4502 sicuti
736 4443 781 4503 de
799 4439 1084 4523 epistolaJacobi
1097 4436 1230 4515 scribit,
1248 4443 1283 4499 et
1296 4435 1365 4497 alia
1378 4429 1588 4496 huiusmodi.

413 4544 538 4626 Neque
562 4548 628 4609 hoc
654 4548 781 4611 dicitur
809 4548 893 4629 quia
923 4567 993 4610 non
1018 4546 1086 4610 sint
1111 4544 1271 4628 plerique
1295 4540 1391 4603 docti
1416 4537 1492 4615 viri,
1518 4555 1586 4597 ma·

308 4651 403 4713 ximo
429 4673 586 4734 numer0,
612 4654 669 4737 qui
694 4664 817 4718 contra
834 4654 1025 4717 Martinum
1051 4664 1086 4716 et
1110 4652 1144 4714 in
1170 4670 1333 4731 campum
1357 4644 1589 4717 descendere,

309 4769 344 4820 et
367 4760 523 4823 scribere
548 4772 629 4824 sunt
653 4762 877 4844 paratissimi,
902 4762 1007 4824 modo
1028 4781 1072 4823 ne
1087 4759 1276 4822 videantur
1291 4767 1326 4818 et
1341 4751 1588 4816 auctoritatem

309 4866 472 4930 Pontifici
497 4869 645 4932 coelitus
670 4871 789 4931 datam
814 4880 849 4932 et
872 4882 944 4931 tam
972 4870 1081 4949 longo
1113 4887 1221 4945 aev0,
1254 4874 1308 4928 tot
1334 4863 1588 4943 Imperatorum
