3559 5734
930 799 983 864 33.

632 904 1032 987 vicecancellarius
1059 907 1276 988 Ileendrc.

719 1036 860 1106 (1111111111.
880 1035 1007 1095 German
1025 1035 1057 1095 n.
1075 1035 1195 1097 19-81.)

527 1139 576 1198 (Ex
596 1138 732 1187 Florentia
754 1149 778 1197 3.
800 1137 898 1189 Martii.
918 1165 953 1174 -
972 1140 1102 1190 Wormnt.
1127 1151 1165 1187 rr.
1187 1140 1275 1188 Martii
1298 1136 1385 1205 1521.)

475 1263 695 1326 Reverende
718 1263 827 1326 Pater
851 1261 976 1324 Amice
1002 1272 1123 1325 noster
1145 1262 1349 1345 praecipue.

401 1387 566 1451 Havemo
596 1397 765 1450 recevuto
796 1395 939 1468 quattro
963 1389 1091 1450 lettere
1114 1396 1252 1468 vostre,
1277 1388 1346 1449 due
1371 1387 1416 1449 de
1440 1386 1537 1449 VIII.
1564 1387 1598 1448 la

313 1503 411 1556 terna
435 1494 470 1556 di
495 1494 578 1557 XII.
604 1505 639 1557 et
663 1494 684 1556 l'
699 1496 790 1557 altra
815 1494 849 1555 di
874 1492 968 1556 XIII
992 1496 1049 1556 del
1074 1514 1186 1575 mese,
1218 1515 1284 1576 per
1307 1495 1341 1557 le
1365 1492 1461 1575 quali
1485 1492 1514 1554 ci
1540 1513 1597 1555 av-

314 1600 427 1665 visate
452 1623 473 1664 a
503 1602 610 1683 pieno
642 1603 675 1665 le
708 1601 877 1684 publiche
909 1612 945 1665 et
977 1601 1182 1683 particulari
1214 1611 1334 1664 vostre
1368 1599 1598 1675 tribulationi,

313 1707 410 1789 quali
434 1718 602 1772 mostrate
626 1718 809 1772 sustenere
834 1719 869 1771 et
893 1709 1065 1771 ributtare
1090 1729 1155 1771 con
1181 1728 1315 1771 summa
1339 1706 1531 1789 pacientia,
1564 1719 1599 1767 et

313 1814 468 1877 fortezza
498 1827 534 1879 et
567 1814 684 1878 animo
716 1817 781 1879 che
815 1826 907 1878 tutto
938 1836 1009 1879 non
1040 1837 1166 1879 manco
1191 1837 1212 1878 a
1236 1815 1324 1895 Dio,
1349 1819 1384 1878 la
1408 1834 1514 1877 causa
1541 1815 1599 1876 del

314 1925 418 2004 quale
451 1922 651 2002 difendete,
685 1924 751 1986 che
782 1945 804 1986 a
826 1922 958 1986 Nostro
984 1920 1138 2004 Signore
1169 1934 1204 1985 et
1235 1924 1305 1986 alla
1337 1921 1538 1984 universale
1563 1930 1599 1982 et

314 2040 437 2093 sancta
465 2029 585 2092 chiesa
609 2030 628 2092 ὲ
652 2029 854 2111 gratissimo
864 2078 873 2110 ,
908 2039 943 2092 et
974 2051 996 2092 a
1027 2029 1085 2092 voi
1118 2031 1162 2091 de
1196 2028 1393 2091 immortale
1427 2030 1531 2091 laude
1563 2038 1598 2088 et

313 2136 443 2218 gloria;
469 2146 560 2199 tutte
584 2136 617 2198 le
642 2156 751 2217 opere
775 2136 909 2199 fatiche
934 2147 970 2199 et
994 2137 1142 2219 periculi
1166 2136 1277 2200 vostri
1302 2156 1372 2198 non
1396 2136 1425 2198 si
1442 2156 1598 2218 possono

313 2244 490 2325 spendere
522 2245 565 2306 nri
590 2246 757 2307 tollerare
788 2244 848 2326 piir
873 2246 1199 2324 honorevolmente,
1225 2245 1267 2307 ne
1293 2243 1468 2326 maggiori
1493 2242 1599 2305 fructi

314 2360 349 2412 et
373 2351 499 2433 premii
515 2371 636 2432 ponno
661 2363 854 2432 expectare
879 2363 915 2414 et
938 2362 1031 2413 tutto
1056 2350 1085 2413 si
1109 2362 1194 2414 nota
1218 2362 1253 2414 et
1277 2351 1391 2413 scrive
1416 2351 1510 2413 nella
1530 2370 1595 2412 me·

313 2458 424 2522 moria
456 2458 492 2520 di
515 2458 646 2521 Nostro
671 2456 826 2538 Signore
860 2468 895 2521 et
922 2459 971 2520 dil
996 2478 1098 2521 sacro
1122 2458 1311 2540 colleggio.
1361 2458 1412 2520 La
1436 2457 1598 2520 oratione

313 2576 435 2628 vostra
457 2564 554 2627 facta
577 2585 696 2627 coram
714 2564 868 2628 Caesare
893 2575 929 2627 et
953 2564 1178 2647 Principibus
1202 2566 1236 2628 in
1262 2565 1368 2645 dieta,
1397 2564 1544 2627 sicondo
1570 2565 1598 2626 si

313 2674 384 2753 pul)
410 2674 665 2765 comprendere
690 2692 755 2754 per
779 2674 814 2734 la
839 2674 1039 2736 excellente
1064 2673 1224 2735 doctrina
1247 2683 1369 2735 vostra
1393 2682 1429 2735 et
1443 2672 1557 2735 anche
1574 2672 1598 2733 il

314 2778 590 2842 Prothonotario
623 2778 807 2860 referisce‚
833 2779 851 2842 i
885 2790 964 2842 suta
988 2800 1072 2842 cosa
1104 2781 1249 2843 laudata
1281 2790 1317 2841 et
1348 2782 1380 2842 al
1415 2778 1600 2861 proposito

313 2890 406 2949 bene
421 2887 702 2961 accommodata;
728 2898 763 2949 et
779 2888 910 2968 perche
936 2888 979 2950 ni
1005 2887 1040 2949 di
1064 2886 1147 2950 fede
1172 2887 1215 2950 ne
1241 2886 1276 2948 di
1301 2883 1528 2949 suffittientia
1554 2886 1598 2948 nd

276 3025 280 3031 ·
314 2995 349 3055 di
381 2992 567 3076 diligentia
596 3003 631 3056 et
663 2993 772 3056 fatica
798 2993 834 3056 in
860 3004 985 3074 questa
1010 3014 1117 3056 causa
1142 2995 1293 3057 essendo
1319 2998 1405 3057 costi
1431 2994 1489 3055 voi
1515 3004 1550 3056 et
1575 2993 1598 3055 il

314 3101 600 3179 Prothonotari0,
625 3101 657 3162 ci
681 3120 768 3182 pare
792 3099 822 3163 si
846 3121 954 3181 possa
979 3101 1184 3163 desiderare
1209 3101 1281 3183 piir,
1306 3098 1380 3164 Sua
1400 3100 1538 3163 Sancite
1564 3100 1598 3162 vi

315 3209 466 3270 exhorta
500 3216 535 3269 et
567 3208 702 3289 strInge
736 3218 868 3289 quanto
901 3208 972 3288 pud
997 3229 1018 3270 a
1043 3208 1223 3289 seguitare
1247 3208 1446 3271 virilmente
1471 3210 1514 3271 ne
1539 3210 1598 3270 du-

315 3314 429 3377 bitare
460 3322 554 3377 sotto
584 3314 609 3376 il
643 3325 742 3376 scuto
775 3314 810 3375 di
834 3313 904 3377 Dio
930 3324 965 3376 et
989 3315 1025 3376 di
1049 3315 1219 3394 Caesare,
1253 3315 1332 3379 anci
1356 3336 1475 3378 essere
1500 3327 1598 3378 certo

315 3421 410 3483 della
432 3420 582 3483 victoria
605 3429 641 3483 et
664 3421 854 3484 ricordarsi
878 3423 945 3484 che
968 3421 1064 3485 mille
1088 3424 1185 3485 volte
1210 3425 1244 3485 la
1268 3423 1388 3485 chiesa
1412 3423 1447 3485 di
1464 3423 1532 3485 Dio
1552 3424 1599 3485 ha

314 3529 428 3609 patito
461 3528 564 3590 simili
595 3528 862 3609 persequutioni
895 3539 930 3591 et
962 3549 1102 3610 sempre
1136 3549 1201 3611 per
1224 3529 1345 3591 divina
1369 3530 1599 3593 clementiae
1684 3550 1687 3555 ·

314 3636 501 3716 prevaluta
525 3654 595 3697 non
619 3637 799 3716 possendo
824 3655 946 3699 errare
969 3637 1004 3697 la
1021 3636 1135 3699 verita
1152 3637 1373 3719 evangelica,
1398 3640 1503 3719 quale
1520 3636 1599 3699 dice

316 3762 379 3803 nec
405 3742 536 3804 Portae
559 3741 663 3804 inferi
687 3745 947 3824 praevalebunt
971 3743 1142 3806 adversus
1167 3765 1255 3807 eam.
1292 3744 1408 3807 Resta
1432 3745 1507 3806 solo
1533 3746 1599 3805 che

314 3848 373 3910 voi
406 3849 649 3930 perseveriate
683 3850 1085 3913 constantissimamente
1119 3852 1353 3933 supplicando
1387 3863 1423 3914 et
1457 3871 1597 3933 persua·

315 3957 434 4018 dendo
459 3977 480 4019 a
503 3958 621 4038 quella
645 3956 784 4019 Maesta
809 3969 844 4020 et
868 3980 889 4020 a
913 3957 993 4020 tutti
1019 3959 1126 4040 quelli
1145 3959 1318 4030 ¹catholici
1343 3957 1488 4037 Signori
1514 3960 1596 4020 elet-

316 4063 382 4125 tori
408 4073 443 4125 et
466 4063 546 4126 altri
571 4064 708 4144 grandi,
733 4065 886 4128 maxime
912 4065 1054 4145 CeverS,
1082 4065 1245 4128 Palentia
1269 4079 1304 4128 et
1323 4066 1489 4128 Tudense
1514 4077 1549 4127 et
1574 4067 1598 4127 il

317 4171 534 4234 Reverendo
568 4171 773 4235 confessore
806 4173 840 4235 di
873 4172 947 4235 Sua
976 4173 1116 4236 Maesta
1149 4175 1214 4237 che
1248 4174 1394 4255 voglino
1427 4173 1598 4236 animosa-

316 4290 432 4340 mente
464 4298 564 4340 come
595 4280 714 4341 hanno
738 4279 1021 4342 incomminciato
1047 4279 1242 4345 defendere
1266 4283 1300 4344 la
1324 4302 1432 4343 causa
1457 4281 1599 4361 publica

315 4384 352 4446 di
377 4384 515 4447 Christo
549 4395 583 4448 et
612 4386 706 4448 della
730 4385 812 4449 fede
838 4396 873 4448 et
897 4387 1017 4449 chiesa
1040 4387 1216 4451 catholica
1240 4399 1275 4451 et
1299 4388 1518 4470 persuaderli
1544 4408 1597 4450 so·

315 4512 381 4573 pra
410 4501 501 4554 tutto
530 4493 595 4554 che
620 4493 734 4573 questi
759 4492 886 4574 perfidi
910 4494 1056 4570 heretici
1082 4515 1152 4557 non
1177 4496 1254 4558 solo
1279 4515 1430 4557 certano
1454 4494 1597 4556 ruinare

316 4599 350 4660 la
373 4597 565 4662 Germania
589 4601 646 4662 nel
672 4599 855 4682 spirituale
880 4622 937 4662 ma
960 4603 1074 4665 anche
1098 4603 1194 4664 nello
1220 4601 1373 4682 Imperio
1398 4611 1433 4663 et
1464 4612 1596 4682 tempo-

316 4705 419 4768 ralitai
442 4716 535 4768 sotto
560 4715 720 4788 pretesto
746 4708 790 4769 de
814 4707 931 4770 uscire
956 4708 990 4769 di
1016 4707 1146 4771 servitui
1173 4718 1208 4769 et
1232 4727 1298 4769 con
1324 4716 1450 4787 questo
1479 4708 1597 4768 colore

315 4812 391 4877 sare
417 4814 537 4876 levare
562 4813 571 4875 i
596 4814 720 4897 populi
745 4814 840 4877 dalla
864 4814 1069 4877 obedientia
1094 4813 1281 4898 imperiale
1305 4825 1340 4875 et
1365 4815 1409 4875 de
1433 4816 1509 4876 loro
1538 4835 1596 4877 na·
