3559 5734
808 499 1055 564 watelca

292 648 348 716 De
373 647 569 733 nobilitate,
593 652 806 735 germanica.

293 761 349 823 De
373 780 466 823 novo
490 769 703 823 testamento
728 769 764 823 et
788 761 903 824 missa.

293 866 456 930 Assertio
481 867 707 930 articulorum
732 867 766 930 in
792 869 1007 948 germanico,

293 974 352 1037 Ad
376 973 566 1037 officialem
590 974 623 1037 in
651 974 822 1058 Stolpem.

293 1080 501 1165 Appellatio
525 1082 570 1143 ad
596 1081 792 1146 concilium.

292 1188 452 1251 Libellus
477 1188 525 1250 sic
550 1189 711 1269 signatus
735 1188 778 1252 G.

292 1294 386 1376 Quid
410 1297 652 1376 respondeant
680 1294 889 1359 confitentes
922 1318 1029 1381 super
1052 1297 1191 1361 litterae
1222 1299 1390 1361 librorum
1415 1299 1571 1362 Martini.

294 1400 445 1481 Quidam
472 1399 597 1465 Sermo
622 1403 681 1464 ubi
707 1413 761 1465 est
784 1405 891 1466 homo
915 1405 1031 1485 pictus
1056 1425 1133 1468 curn
1159 1407 1297 1468 baculo.

293 1508 397 1571 Alter
421 1509 607 1589 quaternio
631 1509 821 1592 inscriptus
844 1532 890 1573 an
914 1512 978 1574 den
1002 1511 1106 1574 Beck.

293 1613 445 1695 Quidam
470 1615 560 1678 liber
584 1626 664 1679 octo
689 1617 953 1698 quaterniorum
977 1628 1102 1680 contra
1125 1616 1339 1700 pontificem.

856 1758 1005 1823 Latini.

291 1884 461 1965 Magnum
485 1884 650 1946 volumen
675 1883 884 1966 impressum
910 1883 1050 1947 Basilee
1075 1884 1109 1947 in
1134 1884 1230 1946 folio.

290 1993 345 2054 De
370 1991 577 2074 captivitate
602 1991 814 2057 babilonica.

291 2097 454 2160 Assertio
478 2097 715 2161 articulorum.

291 2205 346 2267 De
370 2204 473 2267 bonis
498 2205 677 2288 operibus,

290 2311 506 2393 Explanatio
530 2312 707 2374 dominice
732 2313 912 2377 orationis,

292 2420 500 2503 Appellatio
525 2421 570 2481 ad
596 2420 792 2483 concilium.

291 2527 409 2608 Quare
433 2528 514 2589 libri
537 2526 714 2609 pontificis
738 2527 806 2588 sint
830 2525 1015 2589 combusti.

290 2633 416 2696 Sermo
441 2635 486 2697 de
510 2634 763 2718 preparatione
787 2635 833 2696 ad
858 2633 1089 2697 moriendum.

290 2740 476 2823 Expositio
501 2741 534 2802 in
561 2741 731 2803 tredecim
755 2743 911 2821 psalmos
935 2740 1079 2823 primos.

292 2848 477 2910 Adversus
502 2848 741 2910 execrabilem
767 2847 973 2909 antechristi
997 2848 1140 2911 bullam.

904 3139 946 3203 69

460 3255 645 3338 Sententia
672 3256 805 3337 March.
834 3257 1142 3356 Brandeburgens.
1172 3256 1213 3335 de
1240 3256 1404 3337 luthere.

739 3387 823 3457 (Aeta
841 3385 976 3444 Wrmao.
994 3384 1039 3444 tol
1057 3385 1123 3456 124)

305 3516 400 3578 Illm¹¹⁸
415 3514 576 3577 Marchio
593 3514 927 3595 Brandeburgensis
938 3515 1026 3596 Imp.
1043 3514 1185 3576 Elector
1197 3517 1288 3577 hanc
1306 3534 1369 3576 suo
1385 3523 1421 3577 et
1434 3515 1556 3578 fratris

379 3622 519 3685 nomine
541 3622 633 3684 dixit
654 3622 863 3684 sententiam
884 3631 965 3704 post
988 3621 1246 3703 interrogatum
1270 3621 1480 3684 Lutherum:

380 3762 472 3843 Quia
495 3764 672 3826 Lutherus
703 3764 748 3824 ad
773 3764 994 3843 questionem
1019 3786 1039 3826 a
1063 3761 1175 3825 Sacra
1199 3762 1353 3826 Cesarea
1381 3762 1570 3827 Maiestate

291 3870 324 3933 ei
348 3891 394 3932 ex
420 3870 588 3933 laudabili
617 3881 653 3931 et
677 3869 869 3932 christiana
892 3880 1009 3934 mente
1033 3871 1253 3952 propositam
1278 3871 1503 3952 responderit
1527 3892 1568 3934 ac

292 3976 479 4039 manifeste
504 3976 610 4039 fuerit
634 3975 817 4058 professus
840 3977 959 4057 palam
983 3977 1145 4039 omnibus
1165 3977 1276 4039 libros
1300 3996 1379 4042 esse
1403 3998 1486 4040 suos
1509 3979 1569 4060 qui

291 4083 365 4146 eius
403 4084 544 4146 nomine
580 4082 873 4145 circumferuntur
906 4092 941 4145 et
974 4083 1113 4146 illorum
1137 4093 1347 4165 argumenta
1371 4105 1409 4147 se
1433 4086 1568 4167 populo

289 4190 492 4271 predicasse
517 4200 553 4252 et
577 4189 750 4264 docuisse.

377 4297 607 4360 Invenientur
642 4306 760 4359 autem
783 4297 817 4359 in
856 4297 988 4361 eisdem
1020 4297 1119 4361 libris
1143 4299 1340 4379 permultae
1364 4307 1504 4361 atroces
1533 4308 1569 4362 et

288 4404 536 4467 abhorrendae
560 4406 727 4466 haereses
751 4424 843 4485 quae
862 4406 1120 4467 condemnatae
1137 4414 1243 4467 antea
1259 4424 1324 4485 per
1341 4416 1567 4469 sacrosancta

289 4510 440 4574 concilia
459 4531 500 4573 ac
525 4511 666 4592 parius
693 4521 728 4573 et
751 4509 917 4573 iustitiam
943 4511 1064 4574 debito
1089 4512 1214 4575 ordine
1239 4514 1401 4576 sublatae
1425 4512 1567 4595 penitus

288 4626 324 4681 et
348 4618 526 4680 extinctae
550 4615 702 4681 fuerunt.

374 4724 419 4786 Et
450 4722 484 4786 in
512 4726 581 4786 hoc
614 4722 733 4785 affecit
766 4723 896 4804 insigni
927 4725 1140 4789 contumelia
1172 4725 1392 4788 sanctissima
1415 4724 1567 4789 concilia

285 4850 434 4913 quorum
458 4841 622 4893 auctores
647 4829 842 4893 extiterunt
864 4851 937 4893 non
962 4834 1074 4895 solum
1106 4832 1231 4896 summi
1262 4831 1469 4915 pontifices,
1501 4835 1565 4896 sed
