3559 5734
839 548 1085 604 ΦῦῙῚΒῖΗ

322 694 519 774 terminum,
537 693 709 757 obediens
726 714 929 777 compare0,
944 716 1010 777 per
1022 694 1297 758 misericordiam
1314 694 1381 757 Dei
1397 696 1602 774 obsecrans,

321 801 545 867 serenissima
564 801 728 864 maiestas
744 811 865 864 vestra
881 801 1211 884 dominationesque
1227 811 1346 866 vestre
1362 803 1601 866 illustrissime

322 911 516 992 dignentur
539 930 681 973 causam
705 911 796 972 hanc
823 908 888 995 (uti
913 908 1033 995 spero)
1045 909 1185 993 justicie
1205 919 1241 973 et
1255 909 1425 990 veritatis,
1450 911 1601 973 clemen-

322 1030 377 1082 ter
400 1017 534 1099 audire,
559 1026 664 1099 atque
689 1017 718 1078 si
742 1037 808 1098 per
830 1016 1042 1099 imperitiam
1070 1038 1201 1097 meam,
1233 1019 1291 1080 vel
1322 1018 1451 1100 dignos
1481 1016 1603 1080 titulos

323 1126 448 1208 cuique
473 1145 543 1187 non
568 1125 720 1203 dedero,
743 1124 802 1186 vel
827 1143 1048 1206 quocumque
1079 1125 1184 1187 modo
1209 1124 1244 1187 in
1269 1146 1385 1188 mores
1408 1134 1603 1206 gestusque

321 1233 456 1296 aulicos
486 1251 702 1314 peccaver0,
740 1229 947 1313 benigniter
976 1230 1182 1313 ignoscere,
1219 1240 1257 1293 ut
1292 1231 1425 1295 homini
1462 1253 1533 1294 non
1566 1231 1602 1294 in

322 1341 421 1421 aulis,
446 1342 510 1402 sed
535 1337 675 1421 angulis
700 1338 953 1400 monachorum
978 1346 1134 1417 versat0,
1163 1337 1223 1418 qui
1247 1337 1333 1430 nihil
1357 1336 1452 1401 aliud
1477 1340 1521 1402 de
1545 1358 1602 1401 me

322 1446 444 1511 testari
469 1467 623 1528 possum,
647 1466 752 1526 quam
778 1466 821 1508 ea
845 1444 1070 1527 simplicitate
1095 1443 1218 1524 animi,
1249 1446 1421 1507 hactenus
1452 1466 1509 1508 me
1543 1446 1602 1509 do·

324 1555 439 1618 cuisse
464 1561 501 1616 et
525 1552 721 1634 scripsisse,
745 1562 784 1614 ut
808 1562 942 1615 tantam
966 1551 1116 1634 gloriam
1131 1551 1200 1614 Dei
1224 1562 1260 1614 et
1282 1551 1454 1615 sinceram
1471 1552 1603 1616 Christi

321 1661 477 1724 fidelium
502 1659 757 1723 institutionem
781 1668 992 1741 spectarem.

412 1794 647 1859 Serenissime
678 1793 895 1874 Imperator,
929 1790 1158 1854 illustrissimi
1191 1791 1389 1874 Principes,
1425 1791 1484 1854 Ad
1513 1793 1604 1856 duos

322 1905 402 1967 illos
426 1903 592 1966 articulos
609 1900 686 1963 heri
704 1919 768 1981 par
785 1898 1059 1964 sacratissimam
1074 1899 1292 1980 majestatem
1308 1908 1472 1979 vestram,
1497 1898 1603 1962 michi

321 2010 545 2094 propositos,
585 2007 737 2070 scilicet:
775 2027 820 2069 an
856 2005 996 2068 libellos
1034 2004 1247 2084 recensitos,
1283 2015 1319 2068 et
1350 2005 1492 2069 nomine
1522 2027 1603 2070 meo

324 2121 511 2200 evulgatos
536 2135 770 2197 agnoscerem
795 2133 905 2194 me05,
929 2122 964 2175 et
980 2112 1016 2174 in
1036 2112 1090 2175 his
1108 2111 1343 2175 defendendis
1358 2134 1602 2195 perseverare,

321 2233 384 2286 aut
406 2242 578 2286 revocare
600 2221 716 2301 velim,
743 2221 826 2284 dedi
851 2230 1014 2301 paratum
1031 2229 1066 2281 et
1082 2220 1227 2300 planum
1249 2239 1469 2301 responsum,
1494 2240 1604 2302 super

322 2330 471 2393 articulo
495 2330 627 2411 priore,
643 2328 679 2390 in
696 2348 766 2410 quo
782 2328 897 2389 adhuc
915 2325 1077 2408 persisto,
1102 2324 1360 2408 persistamque
1375 2324 1411 2388 in
1432 2336 1603 2411 eternum,

323 2459 401 2501 esse
426 2436 594 2499 videlicet
618 2456 680 2498 eos
695 2434 806 2496 libros
823 2454 932 2513 meos,
956 2453 1106 2514 meoque
1130 2432 1271 2495 nomine
1295 2454 1317 2495 a
1331 2454 1386 2496 me
1403 2436 1602 2517 evulgatos.

323 2542 398 2606 Nisi
422 2543 516 2606 forte
539 2541 677 2605 interim
703 2539 882 2618 acciderit,
907 2549 946 2601 ut
970 2541 1163 2602 emulorum
1187 2540 1245 2603 vel
1266 2539 1404 2620 astutia,
1428 2542 1487 2603 vel
1510 2540 1603 2624 sapi·

323 2650 419 2714 entia
451 2649 669 2731 importuna,
701 2645 889 2729 quicquam
921 2646 956 2708 in
987 2645 1056 2708 illis
1087 2655 1274 2726 mutatum,
1310 2655 1371 2709 aut
1406 2647 1603 2729 depravate

322 2767 511 2838 exceptum
535 2755 590 2818 sit.
638 2755 728 2818 Nam
751 2752 847 2816 aliud
874 2774 944 2816 non
968 2773 1137 2835 agnosco,
1163 2752 1229 2815 nisi
1243 2755 1338 2835 quod
1355 2774 1469 2816 meum
1493 2754 1604 2818 solius

323 2874 394 2945 est,
427 2873 463 2926 et
490 2885 512 2925 a
539 2883 595 2926 me
626 2862 702 2924 solo
734 2860 922 2942 scriptum,
953 2860 1041 2922 citra
1074 2881 1214 2923 omnem
1245 2860 1400 2924 criminis
1429 2861 1602 2927 industrie

323 2969 663 3053 interpretationem.

412 3105 470 3166 Ad
499 3105 647 3165 alterum
674 3122 760 3164 vero
784 3121 1031 3183 responsurus,
1055 3120 1155 3183 rogo,
1180 3100 1417 3166 sacratissima
1433 3103 1604 3186 Maiestas

322 3222 442 3274 vestra
467 3220 503 3273 et
528 3209 786 3273 dominationes
809 3218 948 3272 vestras
972 3209 1164 3292 dignentur
1184 3209 1469 3274 animadvertere
1492 3211 1605 3275 libros

322 3338 419 3381 meos
443 3337 516 3380 non
543 3337 620 3379 esse
645 3336 766 3379 omnes
791 3314 950 3378 eiusdem
974 3314 1089 3378 farine
1121 3324 1157 3378 et
1180 3315 1333 3398 generis,
1385 3315 1477 3379 Sunt
1509 3317 1604 3382 enim

322 3425 430 3506 aliqui
454 3424 490 3487 in
514 3423 642 3506 quibus
667 3444 809 3486 causam
834 3422 978 3505 pietatis
1009 3421 1093 3485 fidei
1122 3431 1158 3485 et
1182 3443 1317 3486 morum
1350 3425 1441 3487 adeo
1473 3424 1604 3506 simpli·

323 3531 410 3594 citer
443 3540 478 3593 et
503 3530 712 3613 evangelice
745 3530 915 3609 tractavi,
947 3538 984 3591 ut
1017 3528 1160 3611 ipsimet
1190 3530 1386 3593 adversarii
1418 3542 1606 3614 cogantur,

323 3658 384 3701 eos
408 3637 568 3701 confiteri
593 3636 718 3717 utiles,
749 3636 916 3699 innoxios
947 3646 982 3699 et
1006 3638 1113 3717 plane
1137 3636 1266 3719 dignos
1290 3636 1442 3700 lectione
1467 3640 1604 3702 christi·
1650 3707 1653 3711 ,

322 3766 405 3823 ana,
442 3746 505 3808 sed
530 3754 565 3807 et
590 3746 705 3823 bulla,
739 3764 951 3826 quamquam
976 3743 1070 3807 seria
1094 3751 1130 3806 et
1153 3743 1324 3824 crudelis,
1349 3743 1483 3827 aliquot
1506 3766 1605 3809 meos

322 3851 432 3914 libros
448 3850 613 3914 innoxios
629 3850 725 3931 facit,
750 3850 833 3912 licet
850 3859 886 3912 et
901 3853 967 3913 hos
984 3851 1127 3914 damnet
1138 3850 1269 3933 judicio
1285 3872 1431 3933 prorsus
1444 3854 1603 3916 monstri·

321 3957 399 4020 fico.
448 3956 487 4020 Si
511 3957 633 4038 itaque
659 3967 694 4019 et
717 3959 783 4019 hos
807 3977 978 4020 revocare
1003 3958 1206 4039 inciperem,
1226 3960 1377 4021 obsecro
1402 3958 1485 4041 quid
1509 3958 1603 4024 face·

321 4085 415 4137 rem,
446 4063 512 4126 nisi
546 4065 642 4146 quod
675 4084 763 4126 unus
794 4085 840 4126 ex
870 4063 1033 4126 omnibus
1063 4065 1270 4128 mortalibus
1304 4087 1382 4129 eam
1416 4067 1602 4131 veritatem

322 4173 546 4249 damnarem,
575 4190 680 4252 quam
715 4169 818 4233 amici
848 4179 883 4232 et
914 4170 1044 4233 inimici
1075 4171 1210 4253 pariter
1243 4171 1474 4254 confitentur,
1506 4175 1603 4237 solus

321 4278 475 4341 omnium
499 4274 714 4340 confessioni
739 4276 906 4339 concordi
931 4280 1135 4343 reluctatus
1427 4277 1429 4286 '

411 4421 572 4483 Alterum
597 4440 711 4501 genus
735 4429 799 4499 est,
825 4421 922 4501 quod
945 4419 979 4481 in
1005 4420 1190 4502 Papatum,
1220 4441 1349 4502 resque
1373 4422 1601 4504 Papistarum

323 4526 509 4607 invehitur,
533 4536 700 4609 tanquam
724 4526 760 4588 in
786 4548 858 4606 eos,
883 4526 944 4608 qui
969 4526 1040 4589 suis
1065 4526 1233 4589 doctrinis
1258 4537 1294 4590 et
1313 4529 1498 4610 exemplis
1521 4549 1600 4610 pes-

322 4633 418 4712 sime,
444 4636 566 4696 orbem
592 4633 837 4712 christianum,
868 4644 1018 4715 utroque
1049 4634 1142 4696 malo
1171 4635 1367 4697 vastaverit
1396 4645 1432 4697 et
1455 4636 1600 4718 spiritus

322 4750 357 4802 et
381 4740 549 4821 corporis.
597 4740 687 4803 Nam
711 4740 747 4802 id
763 4761 878 4823 neque
895 4740 1031 4822 negari,
1054 4761 1170 4822 neque
1186 4740 1398 4805 dissimulari
1414 4742 1601 4825 quisquam

321 4855 456 4931 potest,
488 4867 565 4910 cum
598 4847 822 4932 experientia
856 4846 1010 4912 omnium
1044 4855 1080 4910 et
1103 4846 1347 4911 universorum
1372 4849 1601 4931 queremonia
