3559 5734
710 522 958 586 &lesda

195 673 411 741 sessionibus
435 688 653 758 consecrata,
681 699 748 760 qua
773 681 978 742 sacerdotes
995 678 1089 742 omni
1106 678 1277 742 immunes
1294 677 1339 740 ab
1364 665 1473 742 onere

194 786 407 864 fruerentur,
433 786 522 847 sicut
547 795 649 847 vetus
673 807 774 848 sacra
799 788 974 869 scriptura
1003 788 1047 850 de
1077 787 1264 849 Pharaone
1290 787 1474 870 Aegypto·

194 913 262 973 que
287 894 462 966 declarat;
488 907 595 974 atque
620 892 670 954 illi
693 893 797 955 idolis
817 893 915 957 falsis
932 894 967 957 in
985 894 1056 956 suis
1074 893 1319 956 sacerdotibus
1339 907 1474 956 tantum

194 1002 364 1063 honorem
392 1002 594 1078 habebant,
620 999 749 1062 Christi
774 1021 859 1064 vero
885 1003 1040 1063 cultores
1064 1000 1230 1063 coelestis
1253 999 1336 1063 fidei
1361 1021 1474 1062 sacra·

194 1108 321 1169 mentis
345 1106 479 1187 imbuti,
505 1119 542 1169 ut
566 1109 660 1169 hunc
685 1109 764 1170 Deo
789 1129 875 1170 vero
900 1107 1096 1190 eripuerint
1111 1109 1282 1171 honorem
1306 1110 1399 1170 hanc
1424 1108 1473 1170 illi

194 1215 481 1295 praerogativam
506 1212 660 1277 sedarint
693 1225 728 1277 et
752 1214 1003 1296 proculcarint,
1028 1235 1181 1296 quonam
1206 1216 1299 1277 malo
1323 1216 1474 1277 demone

197 1321 314 1384 miseri
338 1330 529 1401 potuerunt
558 1320 712 1383 adduci?
770 1320 842 1384 Sed
872 1323 1041 1384 mittimus
1072 1322 1141 1384 Dei
1171 1321 1352 1401 iniuriam,
1383 1341 1474 1402 quae

194 1448 395 1509 quanquam
419 1430 589 1492 malorum
622 1430 777 1490 omnium
809 1429 979 1508 maxima,
1011 1438 1129 1491 tamen
1161 1428 1256 1509 apud
1287 1440 1475 1490 oceecatos

194 1534 329 1597 animos
353 1537 468 1596 locum
501 1555 593 1596 nunc
627 1555 698 1596 non
731 1537 850 1597 habet.
907 1536 962 1597 De
992 1534 1212 1616 principibus
1243 1535 1329 1616 ipsis
1363 1544 1398 1597 et
1430 1537 1474 1596 de

195 1641 388 1704 Nobilitate
413 1639 642 1720 Germaniae,
674 1662 718 1703 ex
749 1642 802 1704 his
836 1643 1066 1704 ecclesiarum
1095 1642 1205 1704 ruinis
1229 1653 1397 1723 quantum
1422 1651 1476 1704 est

194 1750 410 1810 detractum!
469 1749 553 1810 Illos
592 1748 683 1810 enim
719 1752 908 1829 pascebat,
947 1749 1027 1811 illos
1068 1750 1282 1811 honestabat
1313 1748 1475 1827 ecclesia,

195 1855 279 1917 illud
312 1869 388 1917 erat
419 1865 620 1937 promptum
653 1857 848 1917 domestica
879 1855 1088 1918 difficultate
1120 1855 1365 1917 laborantibus
1398 1875 1474 1935 per-

193 1962 345 2044 fugium,
370 1983 440 2043 quo
470 1964 611 2025 sublato
643 1974 749 2044 atque
780 1975 923 2044 erepto,
956 1963 1087 2025 frustra
1119 1964 1153 2024 in
1187 1962 1351 2024 omnibus
1384 1982 1475 2043 quae

195 2070 360 2132 evenient
394 2071 544 2150 posthac
569 2070 840 2152 tempestatibus
874 2082 1014 2150 portum
1047 2089 1132 2131 suae
1164 2068 1292 2150 quietis
1325 2081 1360 2131 et
1383 2077 1473 2131 tran-

194 2176 376 2257 quillitatis
400 2187 480 2238 sunt
505 2176 756 2248 desideraturi;
794 2177 878 2257 quid
904 2178 997 2256 quod
1023 2178 1162 2238 sublata
1186 2175 1397 2238 auctoritate
1421 2196 1474 2238 ec·

195 2284 300 2346 clesie
324 2286 457 2345 nullum
483 2294 535 2346 est
559 2283 652 2346 inter
677 2283 860 2365 Principes
884 2285 1107 2365 populosque
1141 2285 1240 2365 pacis
1271 2294 1306 2345 et
1331 2304 1474 2346 concor·

195 2391 273 2453 diae
295 2390 564 2468 firmamentum,
591 2412 668 2452 cum
691 2401 858 2471 tanquam
883 2391 1038 2453 anchora
1062 2392 1236 2453 tutissima
1252 2390 1476 2472 Principibus

195 2518 333 2579 semper
357 2497 463 2559 fuerit
488 2498 643 2579 dignitas
668 2497 919 2576 ecclesiastica,
945 2517 1036 2578 quae
1053 2497 1280 2559 Domin‘atum
1300 2498 1476 2559 stabiliret

194 2605 342 2680 illorum,
368 2618 403 2664 et
427 2604 462 2666 in
487 2605 720 2686 popularibus
742 2603 907 2667 fluctibus
939 2625 1018 2666 eum
1050 2605 1185 2666 salvum
1218 2605 1372 2685 sisteret,
1405 2625 1474 2686 quo

194 2723 410 2774 armamento
435 2712 595 2793 dirupto,
632 2712 699 2773 iam
725 2711 971 2793 experimento
996 2721 1144 2792 possunt
1172 2711 1327 2785 discere,
1360 2732 1398 2773 se
1429 2713 1474 2774 ad

195 2840 314 2882 omnes
339 2819 489 2900 impetus
511 2819 699 2881 furentium
718 2822 929 2901 populorum
946 2822 1042 2893 solos
1066 2817 1143 2880 fore
1168 2819 1359 2899 expositos.
1407 2817 1474 2898 Qui

194 2948 271 2989 cum
295 2948 316 2988 a
340 2926 443 2988 nobis
468 2937 566 2988 tanto
591 2936 674 2987 ante
698 2928 944 3003 monebantur,
971 2937 1005 2986 ut
1022 2927 1114 2986 hunc
1140 2935 1308 2987 caverent
1330 2924 1473 3006 exitum,

194 3055 282 3096 neve
308 3033 520 3095 Lutheranis
545 3033 762 3094 novitatibus
796 3033 1088 3110 obsecundand0,
1118 3043 1251 3095 tantam
1282 3030 1474 3112 perniciem

194 3155 227 3202 et
253 3153 389 3222 pestem
414 3142 568 3216 alerent,
601 3161 705 3220 quam
731 3142 765 3201 in
790 3140 945 3221 ipsorum
972 3140 1083 3219 primo
1108 3152 1215 3220 caput
1239 3138 1473 3200 denunciaba-

193 3268 267 3309 mus
300 3259 524 3329 erupturam,
561 3248 688 3327 partim
724 3258 935 3329 spreverunt
968 3245 1136 3307 salutaria
1166 3247 1312 3307 consilia
1344 3258 1474 3325 nostra,

194 3352 319 3433 partim
345 3375 413 3415 non
440 3353 685 3432 crediderunt,
718 3352 879 3434 exceptis
911 3353 1158 3434 paucissimus,
1195 3354 1253 3432 qui
1287 3363 1322 3414 et
1345 3353 1475 3414 virtute

194 3472 227 3521 et
250 3460 440 3541 prudentia
465 3459 605 3541 prediti,
631 3460 805 3522 obsistere
829 3460 946 3521 conati
971 3470 1062 3539 sunt,
1090 3471 1150 3522 tua
1167 3459 1271 3522 Noun
1300 3459 1473 3541 inprimis

194 3580 336 3629 auctore
361 3576 396 3628 et
420 3567 537 3646 Duce,
562 3566 616 3628 cui
641 3588 706 3648 pro
731 3569 797 3629 hoc
822 3566 1083 3647 preclarissimo
1100 3566 1227 3644 anime,
1252 3566 1370 3629 omnia
1394 3588 1472 3649 pro·

193 3674 286 3735 fecto
312 3676 444 3736 debere
470 3694 533 3735 nos
557 3673 773 3754 profitemur.
821 3672 900 3735 Tibi
925 3673 1044 3754 igitur,
1069 3674 1148 3735 Tibi
1174 3684 1209 3735 et
1224 3674 1266 3736 iis
1281 3675 1340 3756 qui
1356 3685 1472 3737 tecum

194 3782 316 3843 eadem
341 3780 514 3863 religione
538 3801 579 3842 ac
603 3780 736 3861 pietate
761 3799 847 3861 erga
871 3800 1040 3842 summum
1064 3782 1176 3842 ileum
1201 3783 1246 3843 ad
1271 3802 1472 3844 succurren-

194 3889 273 3949 dum
298 3888 462 3969 pereunti
486 3887 623 3968 patriae
660 3908 744 3949 suae
780 3886 914 3949 incensi
951 3897 1046 3963 sunt,
1083 3909 1126 3951 ea
1161 3909 1251 3969 quae
1286 3909 1472 3970 possumus

194 3993 343 4056 libenter
360 3994 578 4074 impartimus
602 3995 746 4073 auxilia,
772 3994 921 4075 amplius
943 3995 1047 4056 etiam
1066 3995 1267 4076 cupientes;
1284 3998 1346 4056 sed
1363 3994 1470 4057 facul·

192 4111 281 4163 tates
306 4101 415 4163 amori
439 4122 544 4182 pares
569 4122 639 4163 non
664 4112 754 4164 sunt.
802 4101 875 4163 Nec
902 4101 1110 4181 desistemus
1135 4102 1223 4164 inire
1240 4102 1373 4183 aliquid
1389 4122 1469 4164 con·

192 4207 258 4270 silii
283 4229 367 4289 quo,
399 4208 428 4269 si
461 4219 497 4270 tu
523 4219 558 4269 et
581 4208 707 4289 reliqui
733 4208 918 4289 Principes
942 4206 1155 4272 Germaniae
1179 4218 1333 4271 vestram
1358 4209 1468 4291 digni·

192 4325 299 4378 tatem
325 4315 419 4377 etin
444 4314 603 4377 ecclesiis
634 4314 862 4377 restituendis
893 4314 1004 4377 divini
1034 4314 1185 4377 nominis
1216 4317 1388 4378 honorem
1423 4318 1469 4378 ab

192 4422 285 4484 omni
309 4425 390 4485 labe
415 4432 521 4503 atque
546 4421 672 4484 iniuria
697 4422 975 4502 vindicaveritis,
999 4422 1200 4504 impiaeque
1225 4422 1409 4501 novitatis,
1434 4431 1470 4484 et

191 4527 338 4590 inauditi
371 4528 459 4590 alias
493 4528 637 4591 sceleris
669 4528 870 4591 incendium
901 4528 1154 4608 restinxeritis,
1185 4529 1336 4610 gratiam
1367 4530 1468 4592 vobis

192 4634 342 4717 aliquam
369 4634 502 4697 reserat
527 4635 700 4715 Ecclesia,
725 4656 941 4716 onerumque
966 4646 1165 4698 vestrorum
1198 4646 1233 4699 et
1257 4645 1468 4718 sumptuum,

189 4762 279 4822 quae
303 4753 496 4823 propterea
519 4742 706 4822 subieritis,
731 4753 869 4824 partem
893 4763 962 4804 non
986 4742 1199 4805 mediocrem
1224 4742 1384 4815 sufferat;
1401 4743 1467 4806 etsi

191 4858 226 4912 te
261 4863 459 4911 currentem
484 4862 611 4932 sponte
636 4860 697 4912 tua
732 4849 859 4912 scimus
893 4870 958 4912 nos
989 4850 1156 4924 incitare;
1181 4850 1266 4932 quid
1292 4850 1383 4912 enim
1408 4861 1468 4918 tua
