3559 5734
806 508 864 558 0²5³
905 511 957 564 176
994 507 1052 562 sp*

377 651 455 734 Que
480 654 561 715 dum
593 653 642 716 sic
667 654 794 718 fierent
818 666 854 718 et
878 667 1088 738 agerentur,
1125 656 1302 721 Caesarea
1325 656 1438 722 Sacra
1462 661 1569 742 Maje·

288 770 361 823 stas
385 761 502 823 subito
516 761 718 825 Electorum
743 764 896 827 omnium
913 785 953 827 ac
971 763 1130 845 aliorum,
1154 774 1225 828 tam
1250 766 1570 831 ecclesiasticorum

288 889 393 949 quam
408 868 618 932 secularium
638 869 842 951 Principum
867 880 903 933 et
917 871 1054 953 imperii
1075 873 1247 954 ordinum,
1273 894 1402 956 magno
1423 896 1569 938 numero

288 974 489 1057 astantium,
503 997 566 1039 con
580 985 694 1039 tracto
708 977 898 1058 consilio¹),
911 999 975 1060 per
987 990 1216 1043 memoratum
1227 981 1400 1060 Joannem
1411 982 1455 1045 de
1466 983 1568 1063 Acie,

285 1084 508 1166 perbenigne
540 1083 711 1165 imprimis
749 1106 828 1147 eum
868 1094 905 1149 et
938 1085 1065 1149 leniter
1104 1087 1332 1150 comonefieri
1364 1088 1494 1168 voluit,
1531 1099 1570 1152 ut

286 1190 353 1253 sibi
387 1201 473 1296 pnte
509 1193 631 1254 oculos
666 1202 883 1274 preponeret
921 1193 1088 1256 unitatem
1131 1205 1276 1257 sanctae
1320 1197 1495 1259 catholice
1533 1206 1569 1260 et

288 1298 519 1467 Aporolicae
549 1299 750 1378 Ecclesiae,
785 1321 1004 1364 communem
1035 1301 1230 1383 reipublice
1259 1303 1449 1367 christiane
1474 1313 1567 1366 tran·

286 1406 373 1487 quill
388 1414 496 1468 tatem
512 1414 547 1469 et
562 1406 728 1488 quietem,
745 1417 780 1470 et
796 1429 841 1471 ne
858 1429 963 1488 quam
978 1409 1169 1491 suspicere,
1185 1410 1349 1473 venerari
1365 1420 1400 1474 et
1416 1412 1567 1474 adorare

285 1514 435 1576 deberet
458 1513 620 1577 scindere
635 1524 795 1597 pararet;
821 1515 980 1598 nolitque
995 1515 1155 1597 opinioni
1170 1537 1233 1579 sue
1248 1516 1389 1581 innixus
1407 1528 1442 1580 et
1457 1517 1567 1581 sacris

285 1620 412 1683 litteris
439 1622 484 1684 ad
512 1642 653 1684 sensum
673 1643 772 1685 suum
790 1623 999 1704 deturbatis,
1025 1624 1195 1687 doctrinis
1215 1624 1324 1687 variis
1350 1635 1386 1688 et
1408 1627 1567 1709 peregri·

285 1728 349 1807 nis,
374 1728 598 1811 propriisque
616 1731 931 1793 adinventionibus
948 1731 1181 1812 inambulans,
1207 1732 1407 1795 universam
1424 1733 1566 1816 religio·

286 1856 365 1898 nem
377 1834 612 1908 Christianam
630 1846 804 1917 evertere,
821 1840 943 1901 orbem
961 1838 1140 1901 concitare
1156 1849 1191 1902 et
1207 1838 1327 1902 infima
1344 1840 1487 1903 summis
1507 1841 1565 1903 mi·

238 1979 240 1982 ·
285 1964 396 2023 scere,
422 1951 544 2024 totque
569 1944 647 2024 pias
670 1953 808 2007 mentes
832 1954 868 2008 et
892 1944 1026 2008 animas
1043 1947 1225 2025 seducere,
1250 1947 1565 2030 consideraretque

285 2059 372 2133 quot
386 2050 455 2114 iam
471 2051 779 2128 inextricabilibus
794 2051 866 2114 suis
882 2053 1063 2115 erroribus
1086 2053 1288 2136 involverit,
1313 2075 1402 2137 quos
1420 2054 1565 2118 difficile

284 2158 355 2220 imo
379 2157 598 2240 impossibile
623 2158 689 2221 sibi
715 2159 760 2221 sit
783 2180 919 2221 rursum
954 2160 1154 2241 explicare,
1187 2169 1274 2243 quot
1298 2169 1462 2244 preterea
1486 2183 1565 2226 cum

285 2265 484 2329 indubitato
509 2266 624 2329 anime
649 2287 711 2329 sue
736 2266 895 2347 periculo
914 2276 949 2329 et
962 2267 1150 2350 dispendio
1164 2268 1354 2332 miseriam
1370 2270 1564 2350 seduxerit,

284 2382 319 2436 et
343 2374 388 2436 ad
413 2372 553 2436 inferna
576 2373 792 2454 premiserit;
825 2374 982 2455 velitque
1006 2384 1200 2457 propterea
1224 2374 1434 2457 resipiscere
1459 2385 1495 2438 et
1519 2378 1564 2439 ad

284 2501 345 2543 cor
369 2480 501 2562 redire,
537 2502 677 2545 errores
711 2502 794 2543 suos
822 2501 1020 2563 agnoscere
1045 2490 1080 2544 et
1104 2502 1285 2546 revocare.
1333 2483 1438 2564 Quod
1462 2483 1491 2545 si
1515 2483 1565 2545 fa-

284 2598 381 2652 ceret
405 2589 628 2669 promitteret
650 2589 822 2672 Majestas
838 2610 902 2651 sua
921 2589 988 2650 sibi
1005 2588 1110 2651 venie
1128 2598 1163 2651 et
1180 2588 1295 2669 gratie
1319 2611 1429 2672 spem,
1454 2611 1563 2672 seque

283 2694 361 2758 illas
386 2697 480 2777 apud
506 2695 772 2759 Sanctissimum
801 2717 866 2779 pro
893 2718 935 2759 eo
969 2695 1073 2758 facile
1106 2699 1350 2769 obtenturum;
1381 2696 1410 2758 si
1440 2706 1564 2759 contra

283 2802 463 2865 erroribus
487 2803 559 2866 suis
583 2803 818 2885 pervicaciter
841 2804 1050 2866 inseverans
1074 2814 1259 2885 paternam
1277 2803 1564 2868 adhortationem

283 2910 471 2974 admittere
495 2932 564 2974 non
590 2910 778 2989 curaverit,
803 2921 875 2973 tum
900 2911 1122 2992 Maiestatem
1147 2931 1246 2974 suam
1270 2910 1471 2992 predixisse
1496 2912 1563 2974 sibi

282 3019 392 3098 velle,
426 3038 492 3100 pro
526 3039 568 3081 ea
591 3017 682 3098 fide,
707 3038 777 3099 qua
808 3027 931 3080 sancte
964 3019 1090 3081 Matris
1119 3018 1301 3081 Ecclesiae
1330 3029 1365 3082 et
1398 3019 1562 3100 religioni

283 3124 481 3188 Christiane
506 3125 670 3188 astrictus
694 3134 788 3187 esset
812 3133 849 3188 et
871 3135 1063 3204 teneretur,
1088 3147 1126 3188 se
1152 3125 1227 3188 eius
1252 3135 1287 3188 et
1311 3133 1433 3188 sancte
1457 3124 1563 3189 Sedis

283 3231 515 3315 Apostolicae
532 3233 754 3314 Majestatem
769 3253 836 3314 pro
860 3231 996 3295 iuribus
1020 3231 1258 3295 defensurum.
1306 3231 1350 3294 Et
1374 3252 1443 3314 que
1468 3244 1561 3316 post·

283 3340 424 3403 modum
449 3361 528 3403 eum
552 3360 645 3421 pene
667 3349 702 3402 et
724 3340 827 3418 mala,
852 3350 887 3402 et
912 3339 990 3421 quis
1012 3360 1091 3402 eum
1117 3339 1233 3402 exitus
1257 3350 1417 3402 maneret
1441 3351 1560 3405 mente

282 3449 494 3510 revolveret.

372 3582 550 3662 Quantum
574 3601 660 3644 vero
685 3583 730 3644 ad
755 3580 1048 3644 deliberationem
1073 3602 1180 3664 super
1210 3583 1322 3644 altera
1349 3581 1561 3665 interrogati

283 3699 384 3773 parte
414 3693 460 3752 ab
486 3710 528 3751 eo
561 3688 727 3770 petitam,
759 3689 922 3770 quamvis
954 3689 1052 3752 illam
1085 3699 1209 3771 petere
1240 3688 1381 3752 minime
1412 3689 1560 3771 licuerit,
1615 3714 1618 3718 ·

282 3806 344 3859 aut
368 3798 492 3858 saltem
517 3795 679 3859 obtinere
704 3817 773 3858 non
799 3805 1005 3876 mereretur,
1030 3804 1166 3859 attenta
1189 3796 1255 3877 rei,
1281 3797 1326 3859 de
1350 3817 1419 3878 qua
1443 3797 1562 3879 agitur

283 3913 409 3966 natura
434 3914 469 3965 et
493 3902 713 3983 conditione,
738 3913 810 3965 tum
836 3903 941 3966 etiam
974 3923 1079 3985 quum
1101 3903 1269 3967 mandato
1293 3902 1455 3966 citatorio
1480 3923 1560 3966 con·

282 4019 337 4072 tra
373 4029 450 4072 eum
485 4009 613 4072 emisso
649 4009 815 4092 specifice
846 4021 882 4073 et
914 4010 1120 4073 nominatim
1151 4011 1321 4073 librorum
1353 4031 1495 4073 suorum
1526 4021 1562 4073 et

282 4124 528 4179 contentorum
552 4116 588 4179 in
613 4117 757 4198 eisdem,
781 4117 975 4198 revocatio,
998 4137 1064 4200 per
1088 4137 1166 4179 eum
1184 4116 1348 4180 facienda
1373 4117 1488 4181 eidem
1511 4118 1560 4181 in·

282 4223 422 4286 sinuata
445 4224 490 4286 sit
514 4232 549 4286 et
574 4244 763 4306 expressa,
794 4227 885 4287 adeo
911 4223 1100 4306 quodiam
1124 4225 1255 4287 dudum
1279 4225 1491 4306 presciverit
1514 4227 1561 4289 ad

283 4332 378 4413 quod
406 4340 554 4393 vocatus
588 4340 623 4394 et
654 4333 748 4414 quod
772 4331 838 4394 sibi
863 4332 1043 4414 agendum
1068 4342 1162 4394 esset
1186 4342 1222 4394 et
1245 4352 1319 4395 rem
1336 4342 1408 4397 tam
1424 4333 1561 4416 pericu-

282 4440 392 4500 losam
418 4447 454 4500 et
477 4458 574 4502 more
599 4438 845 4521 impacientem
876 4440 912 4501 in
945 4438 1149 4501 ulteriorem
1180 4440 1386 4503 dilationem
1419 4442 1562 4504 trabere

282 4565 353 4607 non
377 4544 576 4626 expediret,
601 4555 637 4608 et
659 4555 852 4629 propterea
876 4545 1002 4608 merito
1028 4545 1063 4608 in
1088 4548 1155 4609 hoc
1189 4546 1407 4611 deliberatus
1437 4547 1562 4612 venire

312 4829 331 4900 ¹)
351 4833 404 4880 Hic
424 4833 578 4892 adnotatur}
601 4834 688 4907 „Quid
707 4851 722 4896 u.
741 4843 834 4894 §vetto
854 4841 916 4884 tunc
936 4833 1049 4887 consilio
1069 4834 1167 4887 dictum
1188 4834 1273 4896 luerit,
1293 4834 1408 4887 nescio.“
